<?xml version="1.0" encoding="UTF-8"?>
<!DOCTYPE html PUBLIC "-//W3C//DTD XHTML 1.0 Transitional//EN"
    "http://www.w3.org/TR/xhtml1/DTD/xhtml1-transitional.dtd">
<html xmlns="http://www.w3.org/1999/xhtml" xml:lang="en" lang="en">
 <head>
  <title>
</title>
<meta http-equiv="Content-Type" content="text/html;charset=utf-8" />
  <meta name='ocr-system' content='tesseract 3.04.00' />
  <meta name='ocr-capabilities' content='ocr_page ocr_carea ocr_par ocr_line ocrx_word'/>
</head>
<body>
  <div class='ocr_page' id='page_1' title='image "./scriptoreslatini00gaisuoft_0321.png"; bbox 0 0 1962 3355; ppageno 0'>
   <div class='ocr_carea' id='block_1_1' title="bbox 133 155 1586 202">
    <p class='ocr_par' dir='ltr' id='par_1_1' title="bbox 133 155 1586 202">
     <span class='ocr_line' id='line_1_1' title="bbox 133 155 1586 202; baseline 0 -1"><span class='ocrx_word' id='word_1_1' title='bbox 133 171 239 202; x_wconf 83' lang='lat' dir='ltr'>CAP.</span> <span class='ocrx_word' id='word_1_2' title='bbox 266 166 305 202; x_wconf 91' lang='lat'>1.</span> <span class='ocrx_word' id='word_1_3' title='bbox 766 155 849 200; x_wconf 85' lang='lat' dir='ltr'>De</span> <span class='ocrx_word' id='word_1_4' title='bbox 871 155 1053 201; x_wconf 79' lang='lat' dir='ltr'>metris.</span> <span class='ocrx_word' id='word_1_5' title='bbox 1491 163 1586 202; x_wconf 89' lang='lat'>303</span> 
     </span>
    </p>
   </div>
   <div class='ocr_carea' id='block_1_2' title="bbox 132 273 1596 646">
    <p class='ocr_par' dir='ltr' id='par_1_2' title="bbox 132 273 1596 646">
     <span class='ocr_line' id='line_1_2' title="bbox 132 273 1593 341; baseline -0.003 -17"><span class='ocrx_word' id='word_1_6' title='bbox 132 295 190 324; x_wconf 87' lang='lat' dir='ltr'>ex</span> <span class='ocrx_word' id='word_1_7' title='bbox 215 278 371 341; x_wconf 82' lang='lat' dir='ltr'>longa,</span> <span class='ocrx_word' id='word_1_8' title='bbox 395 286 442 324; x_wconf 84' lang='lat' dir='ltr'>et</span> <span class='ocrx_word' id='word_1_9' title='bbox 466 277 610 334; x_wconf 83' lang='lat' dir='ltr'>brevi,</span> <span class='ocrx_word' id='word_1_10' title='bbox 633 285 681 323; x_wconf 87' lang='lat' dir='ltr'>et</span> <span class='ocrx_word' id='word_1_11' title='bbox 705 276 887 323; x_wconf 86' lang='lat' dir='ltr'>duabus</span> <span class='ocrx_word' id='word_1_12' title='bbox 913 275 1084 339; x_wconf 86' lang='lat' dir='ltr'>longis.</span> <span class='ocrx_word' id='word_1_13' title='bbox 1156 273 1376 321; x_wconf 85' lang='lat' dir='ltr'>Secunda</span> <span class='ocrx_word' id='word_1_14' title='bbox 1400 273 1593 337; x_wconf 86' lang='lat' dir='ltr'>dipodia</span> 
     </span>
     <span class='ocr_line' id='line_1_3' title="bbox 133 350 1591 415; baseline -0.002 -16"><span class='ocrx_word' id='word_1_15' title='bbox 133 353 454 400; x_wconf 86' lang='lat' dir='ltr'>choriambica</span> <span class='ocrx_word' id='word_1_16' title='bbox 478 361 549 400; x_wconf 86' lang='lat' dir='ltr'>est</span> <span class='ocrx_word' id='word_1_17' title='bbox 572 353 644 399; x_wconf 78' lang='lat' dir='ltr'>ris</span> <span class='ocrx_word' id='word_1_18' title='bbox 667 352 789 399; x_wconf 75' lang='lat' dir='ltr'>nivis</span> <span class='ocrx_word' id='word_1_19' title='bbox 813 358 877 399; x_wconf 81' lang='lat' dir='ltr'>at.</span> <span class='ocrx_word' id='word_1_20' title='bbox 940 351 1117 406; x_wconf 80' lang='lat' dir='ltr'>Tertio,</span> <span class='ocrx_word' id='word_1_21' title='bbox 1142 367 1233 415; x_wconf 77' lang='lat' dir='ltr'>que</span> <span class='ocrx_word' id='word_1_22' title='bbox 1259 350 1386 407; x_wconf 73' lang='lat' dir='ltr'>dirce,</span> <span class='ocrx_word' id='word_1_23' title='bbox 1409 352 1591 413; x_wconf 85' lang='lat' dir='ltr'>positus</span> 
     </span>
     <span class='ocr_line' id='line_1_4' title="bbox 132 427 1593 495; baseline -0.002 -20"><span class='ocrx_word' id='word_1_24' title='bbox 132 447 214 493; x_wconf 88' lang='lat' dir='ltr'>pes</span> <span class='ocrx_word' id='word_1_25' title='bbox 251 448 335 493; x_wconf 88' lang='lat' dir='ltr'>pro</span> <span class='ocrx_word' id='word_1_26' title='bbox 371 430 564 495; x_wconf 86' lang='lat' dir='ltr'>dipodia</span> <span class='ocrx_word' id='word_1_27' title='bbox 600 429 842 484; x_wconf 82' lang='lat' dir='ltr'>bacchius,</span> <span class='ocrx_word' id='word_1_28' title='bbox 879 438 959 476; x_wconf 90' lang='lat' dir='ltr'>aut</span> <span class='ocrx_word' id='word_1_29' title='bbox 1001 437 1193 493; x_wconf 83' lang='lat' dir='ltr'>propter</span> <span class='ocrx_word' id='word_1_30' title='bbox 1228 427 1593 473; x_wconf 80' lang='lat' dir='ltr'>indifferentiam</span> 
     </span>
     <span class='ocr_line' id='line_1_5' title="bbox 135 502 1596 569; baseline 0 -19"><span class='ocrx_word' id='word_1_31' title='bbox 135 506 328 569; x_wconf 83' lang='lat' dir='ltr'>syllabae</span> <span class='ocrx_word' id='word_1_32' title='bbox 366 506 455 553; x_wconf 86' lang='lat' dir='ltr'>hoc</span> <span class='ocrx_word' id='word_1_33' title='bbox 491 515 694 552; x_wconf 84' lang='lat' dir='ltr'>metrum</span> <span class='ocrx_word' id='word_1_34' title='bbox 723 505 958 553; x_wconf 81' lang='lat' dir='ltr'>clauditur</span> <span class='ocrx_word' id='word_1_35' title='bbox 982 504 1343 569; x_wconf 87' lang='lat' dir='ltr'>amphibrachO,</span> <span class='ocrx_word' id='word_1_36' title='bbox 1368 502 1415 549; x_wconf 89' lang='lat' dir='ltr'>id</span> <span class='ocrx_word' id='word_1_37' title='bbox 1440 512 1525 561; x_wconf 84' lang='lat' dir='ltr'>est,</span> <span class='ocrx_word' id='word_1_38' title='bbox 1549 512 1596 550; x_wconf 76' lang='lat' dir='ltr'>et</span> 
     </span>
     <span class='ocr_line' id='line_1_6' title="bbox 139 581 768 646; baseline 0 -19"><span class='ocrx_word' id='word_1_39' title='bbox 139 582 280 637; x_wconf 84' lang='lat' dir='ltr'>brevi,</span> <span class='ocrx_word' id='word_1_40' title='bbox 305 591 352 628; x_wconf 89' lang='lat' dir='ltr'>et</span> <span class='ocrx_word' id='word_1_41' title='bbox 374 582 530 646; x_wconf 81' lang='lat' dir='ltr'>longa,</span> <span class='ocrx_word' id='word_1_42' title='bbox 556 591 602 629; x_wconf 87' lang='lat' dir='ltr'>et</span> <span class='ocrx_word' id='word_1_43' title='bbox 629 581 768 628; x_wconf 87' lang='lat' dir='ltr'>brevi.</span> 
     </span>
    </p>
   </div>
   <div class='ocr_carea' id='block_1_3' title="bbox 138 723 1631 1327">
    <p class='ocr_par' dir='ltr' id='par_1_3' title="bbox 138 723 1631 1327">
     <span class='ocr_line' id='line_1_7' title="bbox 532 723 1631 788; baseline -0.003 -17"><span class='ocrx_word' id='word_1_44' title='bbox 532 725 617 771; x_wconf 80' lang='lat' dir='ltr'>Sic</span> <span class='ocrx_word' id='word_1_45' title='bbox 642 731 687 771; x_wconf 78' lang='lat' dir='ltr'>te</span> <span class='ocrx_word' id='word_1_46' title='bbox 713 725 822 772; x_wconf 78' lang='lat' dir='ltr'>diva</span> <span class='ocrx_word' id='word_1_47' title='bbox 839 731 1011 788; x_wconf 77' lang='lat' dir='ltr'>potens</span> <span class='ocrx_word' id='word_1_48' title='bbox 1040 723 1203 788; x_wconf 71' lang='lat' dir='ltr'>Cypri.</span> <span class='ocrx_word' id='word_1_49' title='bbox 1613 739 1631 768; x_wconf 82' lang='lat'>3</span> 
     </span>
     <span class='ocr_line' id='line_1_8' title="bbox 141 817 1599 881; baseline 0.001 -19"><span class='ocrx_word' id='word_1_50' title='bbox 141 817 441 880; x_wconf 85' lang='lat' dir='ltr'>Glyconicon</span> <span class='ocrx_word' id='word_1_51' title='bbox 478 818 803 881; x_wconf 84' lang='lat' dir='ltr'>octosyllabon</span> <span class='ocrx_word' id='word_1_52' title='bbox 839 836 898 865; x_wconf 87' lang='lat' dir='ltr'>ex</span> <span class='ocrx_word' id='word_1_53' title='bbox 932 836 1102 881; x_wconf 80' lang='lat' dir='ltr'><strong>genere</strong></span> <span class='ocrx_word' id='word_1_54' title='bbox 1138 817 1481 881; x_wconf 79' lang='lat' dir='ltr'>Asclepiadeon</span> <span class='ocrx_word' id='word_1_55' title='bbox 1514 826 1599 874; x_wconf 86' lang='lat' dir='ltr'>est,</span> 
     </span>
     <span class='ocr_line' id='line_1_9' title="bbox 141 893 1598 959; baseline 0.001 -20"><span class='ocrx_word' id='word_1_56' title='bbox 141 894 252 940; x_wconf 87' lang='lat' dir='ltr'>huic</span> <span class='ocrx_word' id='word_1_57' title='bbox 286 893 411 939; x_wconf 88' lang='lat' dir='ltr'>enim</span> <span class='ocrx_word' id='word_1_58' title='bbox 451 893 488 939; x_wconf 86' lang='lat' dir='ltr'>si</span> <span class='ocrx_word' id='word_1_59' title='bbox 526 894 759 941; x_wconf 83' lang='lat' dir='ltr'><strong>addideris</strong></span> <span class='ocrx_word' id='word_1_60' title='bbox 785 894 1027 959; x_wconf 86' lang='lat' dir='ltr'>dipodiam</span> <span class='ocrx_word' id='word_1_61' title='bbox 1053 895 1425 941; x_wconf 88' lang='lat' dir='ltr'>choriambicam</span> <span class='ocrx_word' id='word_1_62' title='bbox 1458 895 1598 941; x_wconf 84' lang='lat' dir='ltr'>facies</span> 
     </span>
     <span class='ocr_line' id='line_1_10' title="bbox 138 969 607 1034; baseline 0.002 -18"><span class='ocrx_word' id='word_1_63' title='bbox 138 969 500 1034; x_wconf 66' lang='lat' dir='ltr'>Asclepiadmn,</span> <span class='ocrx_word' id='word_1_64' title='bbox 525 971 607 1027; x_wconf 77' lang='lat' dir='ltr'>sic,</span> 
     </span>
     <span class='ocr_line' id='line_1_11' title="bbox 370 1046 1282 1103; baseline 0 -15"><span class='ocrx_word' id='word_1_65' title='bbox 370 1047 444 1088; x_wconf 72' lang='lat' dir='ltr'>Sic</span> <span class='ocrx_word' id='word_1_66' title='bbox 464 1052 500 1087; x_wconf 79' lang='lat' dir='ltr'>te</span> <span class='ocrx_word' id='word_1_67' title='bbox 521 1046 621 1086; x_wconf 80' lang='lat' dir='ltr'>diva</span> <span class='ocrx_word' id='word_1_68' title='bbox 633 1052 784 1102; x_wconf 72' lang='lat' dir='ltr'>potens</span> <span class='ocrx_word' id='word_1_69' title='bbox 807 1047 926 1098; x_wconf 77' lang='lat' dir='ltr'>(diva</span> <span class='ocrx_word' id='word_1_70' title='bbox 942 1050 1108 1102; x_wconf 73' lang='lat' dir='ltr'>potens)</span> <span class='ocrx_word' id='word_1_71' title='bbox 1135 1048 1282 1103; x_wconf 71' lang='lat' dir='ltr'>Cypri.</span> 
     </span>
     <span class='ocr_line' id='line_1_12' title="bbox 141 1118 1600 1184; baseline 0.001 -20"><span class='ocrx_word' id='word_1_72' title='bbox 141 1118 386 1165; x_wconf 86' lang='lat' dir='ltr'>Dividitur</span> <span class='ocrx_word' id='word_1_73' title='bbox 421 1128 580 1164; x_wconf 87' lang='lat' dir='ltr'>autem</span> <span class='ocrx_word' id='word_1_74' title='bbox 618 1118 843 1181; x_wconf 84' lang='lat' dir='ltr'>spondeo,</span> <span class='ocrx_word' id='word_1_75' title='bbox 881 1119 1174 1174; x_wconf 75' lang='lat' dir='ltr'>choriambo,</span> <span class='ocrx_word' id='word_1_76' title='bbox 1210 1120 1502 1184; x_wconf 82' lang='lat' dir='ltr'>pyrrhichio,</span> <span class='ocrx_word' id='word_1_77' title='bbox 1530 1121 1600 1166; x_wconf 87' lang='lat' dir='ltr'>vel</span> 
     </span>
     <span class='ocr_line' id='line_1_13' title="bbox 143 1193 1144 1257; baseline 0.001 -17"><span class='ocrx_word' id='word_1_78' title='bbox 143 1194 302 1241; x_wconf 88' lang='lat' dir='ltr'>iambo</span> <span class='ocrx_word' id='word_1_79' title='bbox 326 1203 519 1257; x_wconf 87' lang='lat' dir='ltr'>propter</span> <span class='ocrx_word' id='word_1_80' title='bbox 544 1193 737 1256; x_wconf 85' lang='lat' dir='ltr'>syllabae</span> <span class='ocrx_word' id='word_1_81' title='bbox 762 1193 1144 1249; x_wconf 85' lang='lat' dir='ltr'>indifferentiam,</span> 
     </span>
     <span class='ocr_line' id='line_1_14' title="bbox 258 1270 846 1327; baseline 0.002 -17"><span class='ocrx_word' id='word_1_82' title='bbox 258 1271 333 1311; x_wconf 82' lang='lat' dir='ltr'>Sic</span> <span class='ocrx_word' id='word_1_83' title='bbox 353 1276 390 1310; x_wconf 79' lang='lat' dir='ltr'>te</span> <span class='ocrx_word' id='word_1_84' title='bbox 410 1270 510 1310; x_wconf 83' lang='lat' dir='ltr'>diva</span> <span class='ocrx_word' id='word_1_85' title='bbox 527 1276 673 1326; x_wconf 72' lang='lat' dir='ltr'>potens·</span> <span class='ocrx_word' id='word_1_86' title='bbox 696 1271 846 1327; x_wconf 66' lang='lat' dir='ltr'>Cypri.</span> 
     </span>
    </p>
   </div>
   <div class='ocr_carea' id='block_1_4' title="bbox 232 1391 1644 1458">
    <p class='ocr_par' dir='ltr' id='par_1_4' title="bbox 232 1391 1644 1458">
     <span class='ocr_line' id='line_1_15' title="bbox 232 1391 1644 1458; baseline 0.004 -20"><span class='ocrx_word' id='word_1_87' title='bbox 232 1391 452 1439; x_wconf 77' lang='lat' dir='ltr'>Solvitur</span> <span class='ocrx_word' id='word_1_88' title='bbox 472 1393 599 1439; x_wconf 77' lang='lat' dir='ltr'>acris</span> <span class='ocrx_word' id='word_1_89' title='bbox 623 1392 771 1440; x_wconf 75' lang='lat' dir='ltr'>hiems</span> <span class='ocrx_word' id='word_1_90' title='bbox 790 1401 942 1458; x_wconf 77' lang='lat' dir='ltr'><em>grata</em></span> <span class='ocrx_word' id='word_1_91' title='bbox 965 1394 1067 1440; x_wconf 81' lang='lat' dir='ltr'>vice</span> <span class='ocrx_word' id='word_1_92' title='bbox 1090 1394 1217 1441; x_wconf 74' lang='lat' dir='ltr'>veris</span> <span class='ocrx_word' id='word_1_93' title='bbox 1243 1401 1289 1441; x_wconf 80' lang='lat' dir='ltr'>et</span> <span class='ocrx_word' id='word_1_94' title='bbox 1316 1395 1511 1442; x_wconf 77' lang='lat' dir='ltr'>Favoni.</span> <span class='ocrx_word' id='word_1_95' title='bbox 1624 1419 1644 1445; x_wconf 85' lang='lat'>4</span> 
     </span>
    </p>
   </div>
   <div class='ocr_carea' id='block_1_5' title="bbox 144 1490 1396 1928">
    <p class='ocr_par' dir='ltr' id='par_1_5' title="bbox 144 1490 1396 1928">
     <span class='ocr_line' id='line_1_16' title="bbox 144 1490 787 1555; baseline 0.005 -20"><span class='ocrx_word' id='word_1_96' title='bbox 144 1490 391 1536; x_wconf 81' lang='lat' dir='ltr'>aAlcaicon</span> <span class='ocrx_word' id='word_1_97' title='bbox 419 1491 787 1555; x_wconf 84' lang='lat' dir='ltr'>ithyphallicon,</span> 
     </span>
     <span class='ocr_line' id='line_1_17' title="bbox 259 1568 1396 1624; baseline 0.001 -16"><span class='ocrx_word' id='word_1_98' title='bbox 259 1568 452 1609; x_wconf 77' lang='lat' dir='ltr'>Solvitur</span> <span class='ocrx_word' id='word_1_99' title='bbox 470 1569 584 1609; x_wconf 72' lang='lat' dir='ltr'>acris</span> <span class='ocrx_word' id='word_1_100' title='bbox 603 1568 733 1609; x_wconf 74' lang='lat' dir='ltr'>hiems</span> <span class='ocrx_word' id='word_1_101' title='bbox 746 1574 884 1624; x_wconf 80' lang='lat' dir='ltr'>grata</span> <span class='ocrx_word' id='word_1_102' title='bbox 915 1569 1002 1609; x_wconf 80' lang='lat' dir='ltr'>vice</span> <span class='ocrx_word' id='word_1_103' title='bbox 1023 1570 1135 1610; x_wconf 72' lang='lat' dir='ltr'>veris</span> <span class='ocrx_word' id='word_1_104' title='bbox 1155 1575 1193 1610; x_wconf 81' lang='lat' dir='ltr'>et</span> <span class='ocrx_word' id='word_1_105' title='bbox 1213 1570 1256 1609; x_wconf 85' lang='lat' dir='ltr'><em>F</em></span> <span class='ocrx_word' id='word_1_106' title='bbox 1255 1571 1396 1619; x_wconf 69' lang='lat' dir='ltr'>avoni,</span> 
     </span>
     <span class='ocr_line' id='line_1_18' title="bbox 146 1642 1292 1707; baseline 0.002 -20"><span class='ocrx_word' id='word_1_107' title='bbox 146 1642 468 1689; x_wconf 86' lang='lat' dir='ltr'>commixtum</span> <span class='ocrx_word' id='word_1_108' title='bbox 495 1651 565 1688; x_wconf 76' lang='lat' dir='ltr'>est</span> <span class='ocrx_word' id='word_1_109' title='bbox 589 1660 648 1688; x_wconf 86' lang='lat' dir='ltr'>ex</span> <span class='ocrx_word' id='word_1_110' title='bbox 674 1642 865 1689; x_wconf 85' lang='lat' dir='ltr'>heroico</span> <span class='ocrx_word' id='word_1_111' title='bbox 890 1652 937 1688; x_wconf 87' lang='lat' dir='ltr'>et</span> <span class='ocrx_word' id='word_1_112' title='bbox 962 1643 1292 1707; x_wconf 82' lang='lat' dir='ltr'>ithyphallico.</span> 
     </span>
     <span class='ocr_line' id='line_1_19' title="bbox 377 1729 1127 1786; baseline 0 -16"><span class='ocrx_word' id='word_1_113' title='bbox 377 1729 570 1770; x_wconf 80' lang='lat' dir='ltr'>Solvitur</span> <span class='ocrx_word' id='word_1_114' title='bbox 591 1730 703 1769; x_wconf 75' lang='lat' dir='ltr'>acris</span> <span class='ocrx_word' id='word_1_115' title='bbox 724 1729 853 1771; x_wconf 74' lang='lat' dir='ltr'>hiems</span> <span class='ocrx_word' id='word_1_116' title='bbox 869 1736 1005 1786; x_wconf 75' lang='lat' dir='ltr'>grata</span> <span class='ocrx_word' id='word_1_117' title='bbox 1027 1731 1127 1780; x_wconf 79' lang='lat' dir='ltr'>vice,</span> 
     </span>
     <span class='ocr_line' id='line_1_20' title="bbox 151 1802 684 1863; baseline 0.006 -17"><span class='ocrx_word' id='word_1_118' title='bbox 151 1802 399 1863; x_wconf 90' lang='lat' dir='ltr'>hucusque</span> <span class='ocrx_word' id='word_1_119' title='bbox 426 1802 684 1849; x_wconf 85' lang='lat' dir='ltr'>heroicum.</span> 
     </span>
     <span class='ocr_line' id='line_1_21' title="bbox 388 1879 762 1928; baseline 0.003 -11"><span class='ocrx_word' id='word_1_120' title='bbox 388 1879 500 1918; x_wconf 70' lang='lat' dir='ltr'>Veris</span> <span class='ocrx_word' id='word_1_121' title='bbox 521 1884 558 1918; x_wconf 76' lang='lat' dir='ltr'>et</span> <span class='ocrx_word' id='word_1_122' title='bbox 579 1879 762 1928; x_wconf 76' lang='lat' dir='ltr'>Favoni,</span> 
     </span>
    </p>
   </div>
   <div class='ocr_carea' id='block_1_6' title="bbox 152 1949 824 2083">
    <p class='ocr_par' dir='ltr' id='par_1_6' title="bbox 152 1949 824 2083">
     <span class='ocr_line' id='line_1_22' title="bbox 152 1949 655 2013; baseline 0.006 -19"><span class='ocrx_word' id='word_1_123' title='bbox 152 1949 243 1995; x_wconf 88' lang='lat' dir='ltr'>hoc</span> <span class='ocrx_word' id='word_1_124' title='bbox 270 1949 655 2013; x_wconf 85' lang='lat' dir='ltr'>ithyphallicum.</span> 
     </span>
     <span class='ocr_line' id='line_1_23' title="bbox 386 2027 824 2083; baseline 0.005 -17"><span class='ocrx_word' id='word_1_125' title='bbox 386 2027 661 2083; x_wconf 73' lang='lat' dir='ltr'>Tralwntque</span> <span class='ocrx_word' id='word_1_126' title='bbox 681 2030 824 2076; x_wconf 72' lang='lat' dir='ltr'>siccas,</span> 
     </span>
    </p>
   </div>
   <div class='ocr_carea' id='block_1_7' title="bbox 152 2098 1123 2165">
    <p class='ocr_par' dir='ltr' id='par_1_7' title="bbox 152 2098 1123 2165">
     <span class='ocr_line' id='line_1_24' title="bbox 152 2098 1123 2165; baseline 0.003 -22"><span class='ocrx_word' id='word_1_127' title='bbox 152 2098 307 2161; x_wconf 87' lang='lat' dir='ltr'>portio</span> <span class='ocrx_word' id='word_1_128' title='bbox 333 2098 541 2155; x_wconf 77' lang='lat' dir='ltr'>iambici,</span> <span class='ocrx_word' id='word_1_129' title='bbox 567 2102 779 2164; x_wconf 86' lang='lat' dir='ltr'>sequitur</span> <span class='ocrx_word' id='word_1_130' title='bbox 804 2101 1123 2165; x_wconf 77' lang='lat' dir='ltr'>ithyphallici,</span> 
     </span>
    </p>
   </div>
   <div class='ocr_carea' id='block_1_8' title="bbox 383 2187 801 2229">
    <p class='ocr_par' dir='ltr' id='par_1_8' title="bbox 383 2187 801 2229">
     <span class='ocr_line' id='line_1_25' title="bbox 383 2187 801 2229; baseline 0.007 -3"><span class='ocrx_word' id='word_1_131' title='bbox 383 2187 595 2228; x_wconf 65' lang='lat' dir='ltr'>Machina?</span> <span class='ocrx_word' id='word_1_132' title='bbox 615 2190 801 2229; x_wconf 74' lang='lat' dir='ltr'>carinas.</span> 
     </span>
    </p>
   </div>
   <div class='ocr_carea' id='block_1_9' title="bbox 440 2310 1652 2358">
    <p class='ocr_par' dir='ltr' id='par_1_9' title="bbox 440 2310 1652 2358">
     <span class='ocr_line' id='line_1_26' title="bbox 440 2310 1652 2358; baseline 0 -1"><span class='ocrx_word' id='word_1_133' title='bbox 440 2310 588 2357; x_wconf 77' lang='lat' dir='ltr'>Vides</span> <span class='ocrx_word' id='word_1_134' title='bbox 612 2317 664 2357; x_wconf 76' lang='lat' dir='ltr'>ut</span> <span class='ocrx_word' id='word_1_135' title='bbox 690 2310 792 2358; x_wconf 77' lang='lat' dir='ltr'>alta</span> <span class='ocrx_word' id='word_1_136' title='bbox 817 2317 911 2357; x_wconf 78' lang='lat' dir='ltr'>stet</span> <span class='ocrx_word' id='word_1_137' title='bbox 935 2311 1042 2358; x_wconf 71' lang='lat' dir='ltr'>nive</span> <span class='ocrx_word' id='word_1_138' title='bbox 1065 2310 1335 2358; x_wconf 76' lang='lat' dir='ltr'>candidum.</span> <span class='ocrx_word' id='word_1_139' title='bbox 1635 2326 1652 2357; x_wconf 79' lang='grc'>5</span> 
     </span>
    </p>
   </div>
   <div class='ocr_carea' id='block_1_10' title="bbox 153 2395 1617 2854">
    <p class='ocr_par' dir='ltr' id='par_1_10' title="bbox 153 2395 1617 2689">
     <span class='ocr_line' id='line_1_27' title="bbox 153 2395 1617 2462; baseline 0.005 -21"><span class='ocrx_word' id='word_1_140' title='bbox 153 2395 381 2443; x_wconf 87' lang='lat' dir='ltr'>Alcaicon</span> <span class='ocrx_word' id='word_1_141' title='bbox 408 2396 857 2462; x_wconf 79' lang='lat' dir='ltr'>hendecasyllabon‚</span> <span class='ocrx_word' id='word_1_142' title='bbox 882 2399 1015 2461; x_wconf 87' lang='lat' dir='ltr'>cujus</span> <span class='ocrx_word' id='word_1_143' title='bbox 1047 2399 1216 2447; x_wconf 84' lang='lat' dir='ltr'>divisio</span> <span class='ocrx_word' id='word_1_144' title='bbox 1241 2401 1306 2447; x_wconf 86' lang='lat' dir='ltr'>ita</span> <span class='ocrx_word' id='word_1_145' title='bbox 1331 2409 1427 2448; x_wconf 84' lang='lat' dir='ltr'>est:</span> <span class='ocrx_word' id='word_1_146' title='bbox 1469 2401 1617 2448; x_wconf 79' lang='lat' dir='ltr'>Vides</span> 
     </span>
     <span class='ocr_line' id='line_1_28' title="bbox 155 2471 1615 2540; baseline 0.003 -23"><span class='ocrx_word' id='word_1_147' title='bbox 155 2478 211 2518; x_wconf 81' lang='lat' dir='ltr'>ut</span> <span class='ocrx_word' id='word_1_148' title='bbox 246 2471 365 2529; x_wconf 76' lang='lat' dir='ltr'>alta,</span> <span class='ocrx_word' id='word_1_149' title='bbox 399 2490 456 2519; x_wconf 86' lang='lat' dir='ltr'>ex</span> <span class='ocrx_word' id='word_1_150' title='bbox 490 2474 676 2521; x_wconf 89' lang='lat' dir='ltr'>duobus</span> <span class='ocrx_word' id='word_1_151' title='bbox 706 2475 876 2521; x_wconf 80' lang='lat' dir='ltr'>iambis</span> <span class='ocrx_word' id='word_1_152' title='bbox 918 2485 963 2522; x_wconf 90' lang='lat' dir='ltr'>et</span> <span class='ocrx_word' id='word_1_153' title='bbox 999 2477 1194 2540; x_wconf 83' lang='lat' dir='ltr'>syllaba,</span> <span class='ocrx_word' id='word_1_154' title='bbox 1229 2486 1276 2523; x_wconf 83' lang='lat' dir='ltr'>et</span> <span class='ocrx_word' id='word_1_155' title='bbox 1308 2478 1615 2540; x_wconf 86' lang='lat' dir='ltr'>sequentibus</span> 
     </span>
     <span class='ocr_line' id='line_1_29' title="bbox 156 2547 1615 2619; baseline 0.005 -27"><span class='ocrx_word' id='word_1_156' title='bbox 156 2547 344 2594; x_wconf 89' lang='lat' dir='ltr'>duobus</span> <span class='ocrx_word' id='word_1_157' title='bbox 393 2549 611 2614; x_wconf 84' lang='lat' dir='ltr'><strong>dactylis,</strong></span> <span class='ocrx_word' id='word_1_158' title='bbox 653 2552 726 2598; x_wconf 87' lang='lat' dir='ltr'>vel</span> <span class='ocrx_word' id='word_1_159' title='bbox 774 2562 965 2616; x_wconf 85' lang='lat' dir='ltr'>propter</span> <span class='ocrx_word' id='word_1_160' title='bbox 1011 2552 1374 2600; x_wconf 82' lang='lat' dir='ltr'>indifferentiam</span> <span class='ocrx_word' id='word_1_161' title='bbox 1423 2554 1615 2619; x_wconf 80' lang='lat' dir='ltr'>syllabae</span> 
     </span>
     <span class='ocr_line' id='line_1_30' title="bbox 155 2624 1391 2689; baseline 0.006 -20"><span class='ocrx_word' id='word_1_162' title='bbox 155 2624 360 2688; x_wconf 83' lang='lat' dir='ltr'>dactyIO,</span> <span class='ocrx_word' id='word_1_163' title='bbox 386 2634 432 2670; x_wconf 87' lang='lat' dir='ltr'>et</span> <span class='ocrx_word' id='word_1_164' title='bbox 458 2627 798 2689; x_wconf 84' lang='lat' dir='ltr'>amphimacro.</span> <span class='ocrx_word' id='word_1_165' title='bbox 861 2630 968 2676; x_wconf 82' lang='lat' dir='ltr'><em>Stet</em></span> <span class='ocrx_word' id='word_1_166' title='bbox 992 2630 1099 2676; x_wconf 71' lang='lat' dir='ltr'>nive</span> <span class='ocrx_word' id='word_1_167' title='bbox 1124 2630 1391 2677; x_wconf 76' lang='lat' dir='ltr'>candidum.</span> 
     </span>
    </p>

    <p class='ocr_par' dir='ltr' id='par_1_11' title="bbox 161 2712 1222 2854">
     <span class='ocr_line' id='line_1_31' title="bbox 445 2712 1222 2770; baseline 0.01 -19"><span class='ocrx_word' id='word_1_168' title='bbox 445 2712 630 2763; x_wconf 78' lang='lat' dir='ltr'>Soracte,</span> <span class='ocrx_word' id='word_1_169' title='bbox 652 2717 827 2770; x_wconf 69' lang='lat' dir='ltr'>necjam</span> <span class='ocrx_word' id='word_1_170' title='bbox 848 2719 1083 2759; x_wconf 74' lang='lat' dir='ltr'>sustineant</span> <span class='ocrx_word' id='word_1_171' title='bbox 1102 2733 1222 2770; x_wconf 74' lang='lat' dir='ltr'>onus,</span> 
     </span>
     <span class='ocr_line' id='line_1_32' title="bbox 161 2789 709 2854; baseline 0.009 -19"><span class='ocrx_word' id='word_1_172' title='bbox 161 2789 281 2836; x_wconf 87' lang='lat' dir='ltr'>sicut</span> <span class='ocrx_word' id='word_1_173' title='bbox 307 2792 433 2854; x_wconf 88' lang='lat' dir='ltr'>prior</span> <span class='ocrx_word' id='word_1_174' title='bbox 457 2792 709 2840; x_wconf 80' lang='lat' dir='ltr'>scanditur.</span> 
     </span>
    </p>
   </div>
   <div class='ocr_carea' id='block_1_11' title="bbox 257 2905 1519 2961">
    <p class='ocr_par' dir='ltr' id='par_1_12' title="bbox 257 2905 1519 2961">
     <span class='ocr_line' id='line_1_33' title="bbox 257 2905 1519 2961; baseline 0.006 -20"><span class='ocrx_word' id='word_1_175' title='bbox 257 2912 276 2932; x_wconf 85' lang='lat' dir='ltr'>a</span> <span class='ocrx_word' id='word_1_176' title='bbox 293 2905 489 2954; x_wconf 77' lang='lat' dir='ltr'>Alcaicon]</span> <span class='ocrx_word' id='word_1_177' title='bbox 515 2907 604 2944; x_wconf 88' lang='lat' dir='ltr'>Post</span> <span class='ocrx_word' id='word_1_178' title='bbox 626 2909 662 2946; x_wconf 88' lang='lat' dir='ltr'>h.</span> <span class='ocrx_word' id='word_1_179' title='bbox 684 2922 715 2946; x_wconf 92' lang='lat' dir='ltr'>v.</span> <span class='ocrx_word' id='word_1_180' title='bbox 736 2909 868 2947; x_wconf 86' lang='lat' dir='ltr'>lacuna</span> <span class='ocrx_word' id='word_1_181' title='bbox 886 2920 943 2948; x_wconf 86' lang='lat' dir='ltr'>est</span> <span class='ocrx_word' id='word_1_182' title='bbox 963 2911 1122 2961; x_wconf 80' lang='lat' dir='ltr'>plurium</span> <span class='ocrx_word' id='word_1_183' title='bbox 1142 2913 1335 2949; x_wconf 83' lang='lat' dir='ltr'>verborum</span> <span class='ocrx_word' id='word_1_184' title='bbox 1357 2911 1393 2947; x_wconf 86' lang='lat' dir='ltr'>in</span> <span class='ocrx_word' id='word_1_185' title='bbox 1416 2911 1519 2949; x_wconf 90' lang='lat' dir='ltr'><strong>Med.</strong></span> 
     </span>
    </p>
   </div>
  </div>
 </body>
</html>
