1962 3355
146 241 255 272 CAP.
281 236 319 272 1.
354 225 439 271 De
462 224 682 271 connexis
706 223 834 269 inter
851 239 901 269 se
925 230 1067 286 atque
1092 225 1367 270 inconnexis
1386 227 1465 287 <30-
1507 234 1598 283 199

144 346 265 410 pede
301 355 348 393 et
384 347 555 393 caltera
590 344 982 409 penthemimere,
1008 344 1136 407 quod
1170 345 1448 391 Platonicon
1486 345 1601 392 dici-

145 431 249 469 tur:
287 432 353 478 ut,

204 506 336 546 Arma
357 506 574 561 virumque
593 518 708 553 cano,
731 504 824 544 boni
844 503 1017 552 sodale&
1038 503 1178 543 ludere
1199 518 1310 543 nunc
1330 516 1434 558 opus
1454 508 1526 543 est.

147 577 272 623 Item
296 578 530 624 dimetron
559 577 733 622 heroon
759 592 867 622 cum
904 574 1222 638 ithyphallico
1246 592 1304 621 ex
1330 574 1481 621 tribus
1506 583 1599 620 tro·
1617 599 1656 628 31

147 653 317 699 chaeis:
355 653 437 710 sic,

286 730 400 779 Qua
423 730 548 776 vada
573 728 748 776 cccrula
773 727 912 775 molle
919 727 1117 793 flumen
1141 734 1298 791 urget.

149 804 271 851 Item
313 824 338 851 e
375 805 560 852 duobus
596 805 796 868 dactylis
835 813 882 851 et
921 803 1161 868 semipede
1197 802 1384 867 repetiti
1421 801 1601 848 faciunt

148 881 426 944 elegiacum,
452 881 635 943 adjecta
672 881 720 926 in
746 879 931 945 dprimo
968 881 1150 944 syllaba
1180 898 1272 926 una
1298 887 1345 925 et
1369 878 1416 924 in
1444 877 1600 924 medio

148 958 291 1004 altera
318 958 504 1012 inserta,
532 957 658 1020 quod
683 956 1102 1020 Thesmophorion
1130 965 1337 1009 vocatur,
1364 963 1430 1010 ut,

287 1035 332 1081 O
349 1041 579 1097 perpetuo
605 1033 749 1080 tellus
772 1049 873 1096 quae
897 1050 1022 1079 mma·
1045 1033 1176 1095 riget
1200 1038 1311 1078 usta
1332 1030 1462 1094 gelu.

149 1109 275 1156 Item
300 1119 347 1156 et
371 1120 500 1156 tome
526 1110 728 1156 iambica
753 1118 800 1156 et
824 1109 1029 1171 elegiaca
1058 1125 1163 1170 quae
1199 1106 1601 1171 penthemimeres
1621 1125 1660 1155 32

149 1185 335 1242 dicitur,
361 1187 442 1242 sic,

286 1260 470 1308 C'anam
494 1261 708 1316 relictus,
732 1259 938 1322 impiger
963 1260 1063 1321 ipse
1085 1259 1207 1305 veni.

149 1337 431 1383 Memineris
457 1347 616 1383 autem
638 1335 920 1399 generaliter
939 1335 1162 1397 eelegiaci
1180 1351 1340 1380 versus
1361 1334 1463 1379 cola
1488 1333 1606 1379 iam·
1623 1352 1663 1381 33

149 1414 266 1460 bicis
298 1415 526 1471 subnexa,
552 1414 640 1459 sub
675 1429 979 1475 quacumque
1007 1428 1163 1457 versus
1189 1410 1344 1474 specie
1371 1428 1451 1456 seu
1488 1410 1606 1472 lege,

149 1490 469 1554 iambelegum
507 1491 566 1536 ab
602 1488 888 1544 auctoribus,
914 1487 1181 1551 composito
1205 1486 1453 1543 vocabulo,
1483 1503 1607 1531 nun-

150 1567 339 1631 cupari:
379 1585 458 1614 seu
496 1576 673 1621 contra,
699 1565 734 1612 si
772 1582 1018 1629 praeponas
1045 1565 1234 1627 elegum
1260 1563 1436 1620 iambo,
1461 1563 1607 1626 elegi-

150 1644 344 1690 ambum
369 1664 380 1698 ;
412 1652 480 1701 ut,

282 1720 500 1784 Impiger
523 1721 624 1783 ipse
646 1720 768 1775 veni,
792 1718 982 1765 feanam
1007 1717 1217 1764 relictus.

149 1795 296 1852 Nam,

284 1872 501 1935 Impiger
525 1872 623 1933 ipse
645 1871 767 1927 veni,

151 1958 282 1995 tome
308 1948 540 2010 elegiaca:

289 2022 473 2071 Canam
497 2022 713 2078 relictus,

151 2110 280 2147 tome
317 2100 533 2146 iambica.
605 2099 727 2144 Item
758 2116 816 2144 ex
849 2098 1052 2144 dimetro
1087 2096 1294 2143 trochaeo
1325 2105 1372 2143 et
1409 2097 1669 2160 penthe-34

153 2177 365 2231 mimere,

284 2252 432 2298 Nunc
456 2252 566 2297 deos
590 2251 754 2297 adesse
779 2250 880 2295 (lico
899 2254 1156 2311 postquam
1178 2264 1258 2294 res
1282 2249 1431 2295 Asiae.

153 2329 276 2375 Item
306 2346 363 2375 ex
390 2328 631 2375 trochaico
657 2327 860 2373 dimetro
891 2325 1151 2372 acatalecto
1184 2333 1231 2371 et
1256 2333 1280 2363 g
1287 2325 1609 2371 choriambico

152 2404 355 2451 dimetro
380 2404 670 2459 catalectico,
696 2403 778 2458 sic,

282 2480 515 2543 Jappiter
540 2480 706 2526 beatus
730 2478 826 2535 ille,
857 2478 1018 2541 Lydia
1044 2478 1119 2524 dic
1135 2495 1226 2541 per
1250 2494 1422 2524 omnes.

151 2556 274 2603 Item
301 2574 360 2602 ex
387 2556 485 2602 basi
514 2555 752 2602 trochaica
776 2563 822 2601 et
849 2554 1142 2609 choriambo,
1166 2564 1235 2611 ut,

288 2632 468 2678 Plzoebe
493 2632 630 2678 dulce
653 2648 786 2678 sume
809 2648 1008 2677 merum.

207 2798 223 2818 c
242 2792 373 2839 altera]
398 2792 513 2828 altero
537 2793 576 2828 P.
714 2789 733 2817 d
753 2791 888 2841 prima]
912 2790 1032 2840 primo
1053 2792 1094 2827 P.
1246 2799 1263 2819 e
1284 2790 1453 2840 elegiaci]
1476 2789 1610 2839 elegia-

153 2857 237 2881 cum
262 2846 301 2881 P.
411 2844 428 2871 f
444 2846 592 2892 canam]
617 2858 701 2880 nam
723 2845 763 2880 P.
874 2852 895 2879 g
913 2843 1462 2889 choriambico—catalectico]
1487 2841 1608 2879 chori-

155 2898 559 2935 ambo—acatalectico
582 2899 625 2934 P.
