1962 3355
340 210 426 248 148
841 200 998 248 Marii
1026 201 1257 248 Victorini
1586 213 1682 244 Lm.
1704 211 1780 243 111.

333 332 381 368 et
412 340 471 368 ex
503 341 664 369 eorum
701 323 1019 387 geminatione
1056 340 1240 368 versum
1276 321 1473 384 implere
1504 334 1781 384 possumus:

333 421 391 450 ex
423 421 518 466 quo
542 405 682 450 etiam
721 422 868 468 genus
903 404 1104 467 propriae
1138 401 1492 449 versificationis
1529 399 1783 456 inducitur,

334 490 380 526 et
419 481 681 545 appellatur
718 482 985 527 trimetrum
1027 478 1441 543 penthemimeres,
1481 494 1592 522 nam
1629 476 1785 539 prima

335 574 491 603 versus
517 557 647 603 heroi
672 556 826 620 portio
850 557 987 603 tertio
1012 556 1210 619 repetita
1237 554 1416 615 (veluti,

334 634 467 673 Arma
489 634 704 688 virumque
721 647 833 672 cano.
865 633 997 672 illusa
1019 632 1117 671 milei
1137 645 1299 671 causas.
1339 629 1447 669 Urbs
1467 629 1641 683 antiqua
1642 628 1784 682 fuat)

300 724 319 755 9
338 714 540 751 metrum
568 705 636 750 sui
662 704 845 767 generis
869 705 995 750 facit.
1040 704 1200 765 Hujus
1224 701 1458 757 incisioni,
1484 718 1578 763 qua
1602 701 1784 764 syllaba

335 780 583 836 clauditur,
619 780 654 824 si
694 780 858 825 alteras
896 779 1010 826 duas
1052 780 1257 841 adjicias,
1296 787 1347 824 ut
1382 778 1574 824 tertium
1610 777 1783 841 pedem

334 856 577 918 trisyllabo
602 856 855 917 compleaS,
880 856 966 901 erit
994 856 1083 901 hoc
1111 854 1511 919 penthemimeres
1535 854 1783 900 trimetron

336 930 465 985 δεξιόν.
506 930 642 975 Nihil
671 940 827 976 autem
856 931 1080 987 intererit,
1105 932 1140 977 si
1167 949 1249 994 pes
1274 930 1438 976 tertius
1464 929 1510 975 in
1535 930 1625 975 isto
1648 947 1785 976 versu

336 1007 472 1068 longa
498 1006 690 1069 syllaba,
714 1023 819 1066 quae
844 1015 914 1051 est
938 1007 1091 1052 finalis
1126 1007 1352 1069 ἀδιάφορος,
1376 1006 1609 1061 Xfiniatur,
1631 1016 1679 1052 et
1702 1007 1787 1052 fiat

334 1082 606 1143 ἀμφιῖιιακρος,
630 1081 793 1137 veluti,

598 1157 754 1204 Arma
778 1158 1027 1220 virumque
1051 1176 1166 1205 cano
1196 1159 1365 1223 Trqjce.

282 1253 319 1273 10
337 1235 457 1280 Sane
494 1234 630 1296 unia
666 1234 877 1297 superius
913 1234 1032 1288 δεξιὸν
1063 1237 1201 1297 μέτρον
1234 1234 1458 1293 diximus,
1492 1253 1784 1298 quamquam

336 1311 381 1356 id
423 1321 469 1356 et
510 1311 555 1355 in
597 1310 862 1374 prototypis
904 1310 1262 1367 ostenderimus,
1300 1322 1460 1358 tamen
1506 1313 1623 1358 scias
1664 1312 1788 1358 inter

335 1387 522 1432 dextros
548 1404 601 1432 ac
626 1387 835 1432 sinistros
861 1405 1018 1432 versus
1046 1387 1166 1433 hanc
1194 1388 1352 1434 haberi
1380 1389 1709 1444 differentiam,
1735 1398 1788 1434 ut

335 1462 485 1509 dextri
513 1463 620 1519 sint,
645 1463 726 1525 qui
753 1463 801 1508 in
827 1464 963 1509 tertia
987 1464 1055 1509 vel
1083 1464 1248 1527 quinta
1274 1464 1382 1511 sede
1401 1465 1677 1528 trisyllabon
1705 1466 1789 1511 ha·

337 1539 525 1585 buerint
561 1539 759 1602 pedem:
797 1540 970 1586 sinistri
1009 1550 1166 1587 autem
1200 1541 1281 1604 qui
1317 1541 1604 1605 disyllabum
1637 1542 1685 1587 in
1720 1559 1791 1587 se-

281 1634 314 1653 11
337 1615 489 1661 cunda
511 1615 580 1660 vel
608 1626 773 1678 quarta
799 1617 1002 1679 regione.
1044 1617 1220 1662 Verum
1249 1617 1389 1678 hujus
1415 1618 1613 1680 generis,
1636 1627 1691 1664 ut
1715 1635 1791 1663 su-

336 1709 417 1754 pra
443 1708 678 1754 coeperam
706 1692 876 1750 dicere,
896 1693 1048 1755 aquod
1069 1711 1127 1740 ex
1153 1695 1530 1757 penthemimere
1548 1694 1791 1757 geminato

338 1769 600 1824 conficitur,
621 1769 798 1832 species
820 1779 929 1816 sunt
948 1780 1061 1816 tres:
1089 1770 1256 1833 prima,
1277 1789 1383 1817 cum
1406 1771 1629 1834 praecedit
1647 1788 1785 1834 spon-

337 1844 467 1899 deus,
505 1846 715 1906 sequitur
752 1845 982 1909 dactylus,
1025 1847 1137 1892 item
1179 1847 1431 1910 spondeus,
1468 1847 1645 1894 ultimis
1681 1865 1791 1893 ana—

338 1921 494 1983 paestis
520 1921 704 1968 duobus
730 1940 917 1969 versum
945 1924 1289 1981 claudentibus,
1314 1935 1360 1971 et
1396 1924 1543 1982 bhaec,
1567 1934 1620 1972 ut
1651 1942 1791 1989 supe-

338 1997 447 2050 rius,
472 1998 711 2058 geminata
737 1999 883 2045 efferri
911 2019 1004 2046 non
1032 2012 1254 2064 possunt:
1294 2010 1359 2057 ut,

470 2071 734 2136 Postquam
759 2092 834 2121 res
856 2076 1003 2133 Λείας
1029 2077 1214 2123 Desine
1238 2075 1496 2122 Menalios.

285 2167 321 2188 12
342 2146 472 2193 Huic
497 2149 532 2193 si
559 2151 861 2198 novissimam
890 2153 1080 2215 longam
1107 2152 1342 2208 detrahas,
1364 2161 1417 2197 ut
1433 2152 1535 2213 jam
1563 2169 1658 2197 non
1684 2169 1794 2197 ana-

340 2233 512 2285 paestus
542 2225 646 2271 csed
683 2227 868 2273 iambus
893 2229 969 2274 vel
1000 2229 1116 2274 alius
1156 2228 1414 2291 bisyllabus
1451 2238 1668 2292 ponatur,
1693 2246 1792 2275 me-

342 2308 465 2343 trum
505 2301 869 2364 Asclepiadeum
913 2304 1098 2362 efficiet,
1137 2304 1264 2368 quod
1302 2305 1553 2352 duodecim
1598 2305 1791 2369 syllabis

343 2374 579 2421 subsistit:
616 2386 683 2433 ut,

478 2449 738 2515 Postquam
765 2472 841 2501 res
863 2457 1012 2512 Asice,
1040 2458 1227 2505 Desine
1253 2458 1457 2505 Menali.

345 2523 484 2578 Item,

482 2600 640 2649 Quam
662 2606 794 2650 sceui&
818 2608 1057 2670 trepident
1086 2609 1299 2658 Carbasa
1312 2613 1535 2672 flatibus.

399 2717 416 2734 x
438 2708 603 2757 finiatur]
631 2711 776 2748 finietur
796 2714 836 2750 P.
1011 2725 1028 2744 Ζ
1049 2718 1150 2767 quia]
1175 2735 1256 2770 quae
1278 2722 1320 2758 P.
1492 2729 1512 2748 a
1530 2721 1648 2771 quod]
1673 2723 1735 2771 qui
1755 2723 1794 2759 P.

345 2758 364 2786 b
385 2761 479 2807 haec]
504 2761 570 2797 hac
586 2763 624 2798 P.
735 2772 751 2791 c
771 2767 851 2813 sed]
875 2776 911 2803 et
930 2769 969 2804 P.

398 2870 434 2905 9.
470 2858 602 2907 Trojoe]
635 2860 868 2910 Reponenda
900 2877 966 2900 vox
995 2865 1194 2916 disyllabos
1227 2870 1397 2915 iambica,
1431 2881 1482 2915 ut,
1517 2877 1597 2916 tuae,
1627 2880 1691 2909 aut
1719 2874 1795 2909 tibi.

346 2911 542 2948 CAMER.
