1962 3355
358 196 423 244 60
868 202 1029 250 Marii
1056 203 1295 252 Victorini
1655 220 1701 250 LI
1711 220 1752 251 B.
1779 220 1812 251 1.

359 318 487 366 Nam
525 321 671 368 divisa
708 323 861 387 prima
897 324 997 386 ejus
1035 325 1175 388 longa
1211 326 1429 372 Ionicum
1466 324 1543 371 ἀπό
1582 325 1811 383 ἐλάσσονος,

358 397 495 443 tertia
518 398 736 446 Ionicum
757 399 832 446 ἀπὸ
855 401 1041 461 μείζονος,
1062 402 1216 448 media
1237 402 1578 449 Choriarnbum
1606 410 1629 431 x
1645 402 1810 465 gignit.

298 487 339 516 3²
361 473 473 521 Hoc
497 475 620 521 idem
649 485 695 522 et
719 477 862 540 pedes
887 486 906 516 θ’
923 478 1080 532 ceteri,
1102 495 1218 539 quos
1245 495 1587 541 supervacuum
1615 486 1686 523 est
1710 495 1812 539 per-

359 551 507 613 sequi,
533 551 683 598 facere
709 563 944 616 poterunt.
1016 554 1159 601 Unde
1191 565 1291 599 orta
1328 555 1575 616 progenies
1613 553 1808 616 pedum,

358 628 506 673 ausim
534 628 703 685 dicere,
730 630 898 675 merito
923 629 1152 675 credatur.

295 717 337 748 33
422 704 528 751 Nec
566 713 611 751 te
637 706 921 768 syllabarum
949 705 1355 751 Zadcrescentium
1382 704 1428 750 in
1456 705 1616 750 metris
1640 714 1811 751 terreat

357 798 599 837 numerus,
639 798 746 827 cum
784 782 1038 844 unicuique
1079 781 1256 843 pedum
1295 780 1556 844 praestituta
1599 781 1809 843 legitime

355 864 571 920 tempora
606 857 947 914 custodiantur,
973 858 1099 919 quod
1137 858 1405 920 frequenter
1437 858 1482 903 in
1519 857 1735 904 iambicis
1764 867 1811 904 et

355 933 570 978 trochaeis
587 943 633 978 et
649 934 815 978 ceteris
836 943 1089 980 metrorum
1109 934 1588 998 generibus,excepto
1605 934 1810 991 heroico,

292 1027 335 1057 34
357 1009 568 1071 reperies,
594 1009 908 1055 aMemineris
934 1028 1046 1056 sane
1071 1010 1339 1073 trisyllabos
1362 1010 1506 1074 pedes
1536 1019 1806 1073 temporum

353 1084 603 1131 dumtaxat
619 1085 829 1148 quinque
845 1085 918 1132 vel
938 1104 1035 1141 sex,
1051 1095 1104 1132 ut
1126 1095 1197 1132 est
1216 1085 1236 1114 b
1253 1085 1476 1132 bacchius
1495 1095 1541 1131 et
1562 1086 1809 1143 molossus,

353 1178 462 1207 cum
489 1161 535 1207 in
561 1162 846 1224 quibusdam
877 1163 1053 1217 metris,
1080 1162 1201 1209 sicut
1225 1162 1271 1208 in
1300 1162 1632 1219 Galliambico,
1654 1162 1807 1225 longae

352 1255 515 1283 eorum
547 1238 791 1285 solvuntur
827 1239 874 1285 in
913 1240 1089 1296 breves,
1115 1239 1210 1285 vim
1247 1240 1658 1303 tetrasyllaborum
1687 1238 1809 1284 obti-

351 1331 474 1359 nere.
535 1314 670 1360 Idem
700 1315 790 1361 hoc
809 1330 855 1361 et
879 1315 1193 1379 tetrasyllabis
1230 1333 1313 1379 per
1337 1315 1623 1378 cdisyllabos
1650 1333 1702 1360 ac
1729 1314 1808 1360 tri-

289 1411 327 1441 35
351 1391 556 1455 syllabos
593 1392 926 1454 conjunctione
962 1402 1231 1456 temporum
1271 1392 1386 1438 fieri.
1449 1392 1576 1438 Nam
1617 1409 1806 1455 paeones

350 1467 533 1531 primus
559 1478 605 1514 et
624 1479 833 1530 quartus,
860 1470 1141 1515 coeuntibus
1163 1470 1207 1515 in
1234 1486 1379 1515 unam
1407 1469 1600 1530 longam
1622 1467 1806 1513 duabus

351 1544 446 1590 suis
486 1544 721 1601 brevibus,
748 1546 1126 1609 amphimacrum
1154 1545 1226 1591 vel
1258 1544 1698 1609 dpalimbacchium
1736 1544 1807 1606 gi-

288 1640 329 1679 36
349 1630 515 1682 gnunt.
587 1620 641 1667 Id
669 1622 821 1668 Graeci
860 1624 962 1668 κατὰ
992 1621 1180 1684 διαίρεσιν
1212 1631 1259 1667 et
1293 1620 1514 1683 συναίρεσιν
1538 1621 1634 1667 Sive
1662 1620 1806 1677 ἕνωσιν,

347 1713 459 1742 cum
488 1697 623 1742 metri
661 1698 911 1744 necessitas
948 1698 1210 1762 postularit,
1235 1698 1334 1744 fieri
1375 1706 1652 1751 memorant,
1678 1697 1806 1759 quod

347 1773 610 1818 necessario
635 1774 1003 1820 einsinuandum
1042 1792 1141 1821 esse
1175 1774 1367 1831 credidi,
1404 1792 1476 1830 ne,
1515 1774 1803 1837 syllabarum

347 1867 546 1895 numero
582 1850 777 1907 inducti,
814 1860 894 1897 aut
938 1852 1176 1914 simplices
1219 1861 1300 1898 aut
1337 1851 1627 1914 compositos
1660 1850 1803 1913 pedes

346 1926 518 1989 proprii
547 1935 696 1973 status
721 1928 814 1972 vim
850 1946 1038 1992 semper
1072 1945 1181 1973 cum
1219 1928 1450 1974 vocabulo
1485 1927 1698 1973 obtinere
1731 1944 1805 1972 ca-

345 2002 521 2048 tholice
546 2001 954 2066 fpronuntiaretis.

286 2099 325 2131 37
414 2078 561 2124 Nunc
601 2079 659 2124 de
706 2079 988 2143 gdisyllabis
1038 2081 1320 2143 conjunctiS‚
1368 2080 1448 2143 qui
1497 2088 1545 2125 et
1591 2079 1804 2142 duplices

346 2163 392 2200 et
424 2155 712 2217 tetrasyllabi
750 2156 890 2218 pedes
925 2158 1236 2220 appellantur,
1273 2174 1390 2218 quos
1427 2155 1567 2201 etiam
1607 2154 1802 2217 quidam

346 2229 563 2276 Sotadios
599 2241 785 2287 vocant,
822 2232 1092 2286 referemus,
1122 2250 1321 2294 quorum
1361 2231 1633 2292 conjunctio
1677 2231 1804 2277 basis

284 2332 326 2369 33
345 2306 622 2370 appellatur.
711 2307 838 2353 Nam
888 2308 1056 2354 Graeco
1104 2325 1319 2354 sermone
1372 2307 1572 2353 duorum
1621 2306 1800 2370 pedum

396 2495 417 2514 X
437 2488 573 2538 gignit]
597 2487 761 2537 gignitur
781 2489 819 2524 P.
940 2496 959 2523 y
979 2488 1121 2536 caeteri]
1148 2488 1260 2525 ceteri
1282 2490 1322 2525 P.
1353 2496 1391 2525 et
1411 2487 1463 2524 sic
1485 2488 1590 2524 infra.
1702 2496 1719 2515 Ζ
1740 2502 1801 2526 ac-

343 2542 606 2588 crescentium]
629 2540 923 2578 adcrescentium
946 2542 986 2578 P.
1219 2549 1238 2568 a
1257 2541 1495 2588 Memineris]
1522 2541 1735 2579 meminisse
1757 2544 1797 2579 P.

341 2592 362 2620 b
386 2594 562 2641 Baebius]
599 2594 782 2631 Bacchius
812 2595 850 2629 P.
1070 2602 1086 2621 ⁰
1106 2594 1327 2644 dissyllabos
1349 2596 1429 2642 aut]
1463 2594 1662 2644 disyllabos
1683 2608 1725 2632 ac
1757 2596 1797 2631 P.

343 2645 361 2673 (Ῑ
382 2647 694 2695 Palimbacliium]
718 2647 1032 2685 Palimbaechium
1057 2650 1095 2685 P.
1260 2655 1276 2674 e
1296 2647 1580 2693 insinuandum]
1603 2648 1798 2685 insinuan-

343 2700 430 2737 dum
452 2713 531 2737 esse
554 2701 593 2737 P.
705 2700 719 2726 f
737 2701 1048 2750 pronunciaretis]
1073 2701 1363 2750 pronuntiaretis
1385 2702 1423 2736 P.
1529 2708 1550 2735 g
1570 2701 1795 2750 dissyllabis]

342 2754 529 2803 disyllabis
549 2754 587 2789 P.

397 2893 458 2928 34.
484 2881 743 2928 Calliambico]
777 2882 1038 2926 Galliambico,
1096 2884 1214 2920 Gallis
1241 2884 1362 2927 Idaeis,
1389 2886 1494 2934 quasi
1513 2887 1646 2932 γάλλων
1665 2888 1793 2932 ἰαμβοὶ,

342 2934 482 2972 dictum
500 2935 602 2972 enim
634 2935 705 2972 hoc
730 2948 848 2984 genus
882 2936 989 2973 metri
1019 2950 1040 2973 a
1096 2946 1137 2974 ut
1158 2946 1287 2987 postea
1307 2937 1452 2975 dicitur.
1512 2938 1708 2976 CAMER.
