1962 3355
163 206 268 238 CAP.
290 202 332 237 2.
600 189 685 235 De
710 186 938 252 legitimis
960 186 1185 232 numeris.
1520 191 1611 229 405

162 310 383 357 adversus
408 307 783 373 palimbacchius
808 323 865 352 ex
903 305 1031 351 brevi
1068 313 1114 350 et
1149 303 1333 350 duabus
1369 301 1539 364 longis,
1565 310 1618 347 ut

162 387 401 450 Aquinas.
471 383 682 431 Creticus
707 391 755 429 et
779 381 1131 445 amphimacrus
1156 397 1214 426 ex
1247 379 1389 442 longa
1417 377 1545 423 brevi
1571 385 1617 423 et

162 463 318 525 longa,
344 470 397 508 ut
419 461 618 507 sanitas.
677 458 883 505 Duobus
911 475 936 503 a
960 456 1224 519 quantitate
1243 452 1486 501 contrariis
1512 454 1618 499 bra-

163 539 446 602 chysyllabo
470 546 517 583 et
542 537 761 590 molosso,
786 550 987 596 quorum
1014 532 1130 577 alter
1163 530 1306 576 trium
1345 538 1617 592 temporum

165 624 250 669 est,
275 615 392 660 alter
423 631 534 659 sex:
572 611 735 658 ordine
767 619 861 657 tres
894 610 941 655 in
970 607 1225 671 quaternis,
1250 614 1344 653 tres
1381 606 1429 652 in
1462 605 1619 668 quinis

163 690 473 753 temporibus.

422 820 556 872 CAP.
585 819 660 871 ΙΙ.
714 820 799 871 De
825 817 1078 887 legitimis
1105 816 1360 868 numeris.

232 921 418 968 Primus
444 929 515 966 est
540 929 585 966 et
617 919 857 982 legitimus
893 917 1101 963 maxime
1138 934 1361 963 numerus
1399 915 1623 961 hexame-

165 1007 236 1044 ter
261 997 491 1043 heroicus.
562 995 724 1056 Hujus
758 994 900 1057 pedes
926 1004 1007 1039 aut
1031 992 1207 1056 dactyli
1241 1000 1350 1038 sunt
1376 1001 1457 1038 aut
1482 1009 1623 1054 spon-

167 1074 263 1129 (ἱεὶς
291 1091 392 1119 raro
417 1082 463 1119 et
488 1073 534 1118 in
556 1089 691 1117 versu
712 1079 926 1116 extremo
951 1069 1207 1132 reperietur
1225 1068 1472 1114 trochaeus.
1515 1066 1624 1113 Hu-

159 1150 240 1212 jus
265 1149 555 1212 exemplum,

338 1226 374 1265 A
380 1226 450 1265 via
471 1223 691 1263 Pieridum
705 1235 897 1277 peragro
916 1221 1003 1260 loca
1022 1220 1182 1260 nullius
1202 1226 1313 1260 ante.

167 1299 316 1344 Totus
336 1299 423 1344 iste
439 1297 701 1360 dactylicus
718 1295 878 1351 fuit‚ct
900 1294 1066 1340 habuit
1085 1310 1328 1339 summum
1347 1292 1624 1339 trochaeum.

169 1373 260 1419 Sed
288 1374 464 1420 mixtus
490 1389 548 1418 ex
574 1371 793 1435 spondeis
820 1371 897 1417 hic
922 1370 1022 1424 erit,

339 1450 512 1490 Italiam
515 1450 621 1503 fato
634 1448 854 1504 profugus
875 1447 1122 1501 Lavinaque
1143 1446 1269 1486 venit.

167 1523 317 1569 Totus
342 1540 399 1568 ex
427 1521 664 1586 spondeis,

342 1600 465 1640 Cives
486 1600 668 1639 Romani
691 1597 916 1651 tumefacti
936 1601 1036 1637 sunt
1059 1594 1280 1650 Campani.

171 1672 283 1719 Hoc
330 1690 478 1735 genus
527 1671 711 1717 numeri
764 1669 1156 1734 paucissimarum
1203 1682 1280 1712 XII
1324 1665 1663 1729 syllabarum‚2

170 1747 483 1811 plurimarum
518 1746 801 1803 octodecim,
838 1756 1052 1808 tempora
1087 1742 1255 1806 recipit
1289 1741 1456 1804 viginti
1493 1748 1630 1807 quat-

171 1832 293 1880 tuor,
331 1823 567 1869 interdum
615 1823 785 1886 viginti
830 1822 942 1867 tria:
1002 1820 1202 1883 pedibus
1249 1819 1399 1865 tribus
1439 1826 1627 1863 tantum

173 1899 437 1956 conficitur,
453 1899 626 1944 formas
663 1897 841 1961 excipit
881 1897 1075 1960 triginta
1110 1895 1242 1951 duaS‚
1278 1912 1392 1957 quas
1434 1911 1629 1940 enume-

173 1993 271 2022 rare
296 1975 629 2021 festinantibus
664 1974 861 2037 longum
902 1983 986 2019 cst.
1056 1972 1358 2018 pentameter
1395 1970 1666 2034 elegiacus3

174 2051 318 2098 habet
342 2051 634 2114 exemplum,

343 2128 460 2167 Dum
480 2140 593 2166 meus
613 2125 782 2166 assiduo
803 2125 935 2165 luceat
955 2124 1207 2180 igozej'ocus.

174 2199 366 2263 Recipit
401 2199 661 2262 dactylum,
688 2197 971 2261 spondeum,
995 2205 1254 2260 anapaestos
1293 2193 1411 2240 duos
1450 2194 1498 2240 in
1536 2195 1631 2240 fine

173 2292 351 2331 versuS,
370 2274 623 2338 aliquando
648 2274 1051 2337 brachysyllabos,
1068 2274 1123 2318 fit
1140 2272 1428 2335 syllabarum
1449 2271 1634 2334 paucis=

175 2352 403 2398 simarum
450 2350 719 2407 duodecim²
760 2350 1071 2413 plurimarum
1112 2347 1509 2411 quattuordecim,
1544 2356 1634 2393 ter-

175 2428 297 2474 tium
345 2428 516 2491 pedem
565 2426 831 2491 spondeum
881 2443 1068 2489 semper
1114 2426 1272 2480 habet,
1323 2432 1546 2485 quartum
1587 2432 1635 2469 et

177 2505 402 2568 quintum
428 2504 680 2566 aliquando
715 2503 1153 2567 brachysyllabum.
1221 2500 1481 2547 Trimetros
1517 2500 1674 2552 iam-mi

177 2582 311 2627 bicus
336 2580 509 2626 Latine
534 2580 740 2626 senarius
767 2580 963 2626 dicitur:
1002 2579 1135 2641 cujus
1161 2577 1453 2641 exemplum,

348 2657 552 2697 Pliaselus
571 2658 648 2696 iste
669 2671 786 2711 quem
809 2657 957 2697 videtis
978 2656 1171 2712 hospi-tes,

178 2730 429 2778 duodecim
475 2730 759 2793 syllabarum
811 2739 896 2776 cst.
980 2728 1174 2793 Recipit
1216 2725 1469 2789 aliquando
1516 2741 1636 2786 prae-

178 2818 249 2854 ter
280 2816 459 2853 ceteros
494 2806 692 2861 iambos,
731 2814 944 2851 extremo
979 2803 1305 2869 pyrrhichion.
1374 2802 1635 2847 Trimetros

180 2883 400 2947 tragicus,
