1962 3355
125 215 220 243 cAr.
245 217 301 244 iv.
618 205 688 244 De
707 209 838 244 metro
857 204 1080 257 dactylico.
1494 198 1575 239 541

485 318 500 345 t
514 319 590 354 Aut
614 318 804 365 Ephesum,
827 318 1012 353 bimarisve
1034 316 1211 352 Corinthi.

125 388 311 428 Metrum
350 396 370 415 v
384 386 499 428 aliud
529 386 778 442 dactylicum
816 394 1101 426 tetrametrum
1139 391 1299 425 constat
1328 396 1379 422 ex
1415 380 1580 421 duobus
1598 390 1632 422 15

123 454 298 511 dactylis
326 466 367 497 et
394 455 559 498 duobus
588 454 791 502 trochaeis,
814 453 898 494 sive
925 453 1105 494 trochaeo
1126 461 1167 493 et
1187 449 1373 507 spondio.
1437 448 1581 503 Hujus

124 522 387 579 exemplum:

569 593 698 629 Omnia
719 592 854 628 caelitus
872 590 995 637 ampla
1013 600 1139 625 sames.

128 659 317 699 Metrum
347 659 599 716 dactylicum
619 659 852 700 trimetrum
881 666 1041 698 constat
1070 671 1122 696 ex
1152 654 1320 696 duobus
1349 652 1581 710 wdactylis,
1600 658 1638 691 16

125 735 166 767 et
186 727 361 782 spondio
382 728 466 768 sive
486 727 677 769 trochaeo.
740 726 884 781 Hujus
904 723 1165 780 exemplum:

605 797 711 838 Quod
728 808 795 832 sua
812 796 965 831 seminat
983 794 1103 830 arbor.

128 864 317 904 Metrum
347 863 597 919 dactylicum
628 863 861 904 trimetrum
888 871 1046 904 constat
1076 876 1127 902 ex
1155 859 1320 916 dactylo
1349 868 1391 900 et
1419 858 1582 900 duobus
1602 877 1639 909 ¹7

128 931 329 981 trochaeis,
351 940 372 959 x
387 932 471 972 sive
491 946 542 972 ex
563 929 743 987 dactylo,
764 930 946 972 trochaeo
965 939 1006 972 et
1027 928 1214 986 spondio.
1278 928 1424 984 Hujus
1447 941 1584 968 exem-

127 998 268 1055 plum:

623 1067 675 1104 Ta
694 1080 807 1115 genus
827 1068 892 1102 hoc
911 1071 1099 1104 memento.

130 1136 316 1176 Metrum
339 1135 588 1192 dactylicum
611 1135 844 1176 trimetrum
861 1134 1168 1176 Pherecratium
1189 1143 1348 1175 constat
1368 1141 1440 1174 yex
1461 1147 1581 1189 spon·
1606 1143 1643 1172 18

129 1203 198 1244 dio
219 1213 259 1244 et
279 1203 444 1260 dactylo
465 1204 548 1245 sive
568 1203 763 1254 trochaeo,
787 1216 833 1244 ut
854 1212 914 1244 est
935 1203 1049 1258 apud
1072 1202 1294 1244 Horatium
1312 1219 1320 1242 ε

568 1280 585 1299 2
612 1274 740 1316 Grato,
764 1274 924 1320 Pyrrha,
945 1273 1009 1308 sub
1029 1277 1150 1309 antro.

130 1343 320 1383 Metrum
347 1341 594 1398 dactylicum
627 1342 859 1383 trimetrum
881 1341 1133 1397 Glyconium
1155 1348 1314 1381 constat
1340 1353 1393 1379 ex
1414 1336 1588 1393 spondio
1608 1356 1645 1388 19

130 1419 171 1450 et
191 1409 356 1449 duobus
376 1408 564 1464 dactylis,
588 1419 635 1450 ut
655 1419 714 1450 est
734 1409 847 1465 apud
868 1408 1117 1450 Horatium:

595 1480 683 1514 aSic
705 1484 738 1515 te
757 1480 840 1515 diva
855 1483 984 1526 potens
1005 1478 1126 1526 Cypri.

132 1547 319 1586 Metrum
355 1545 619 1602 dactylicum,
657 1561 742 1602 quo
778 1561 885 1601 saepe
920 1556 981 1587 est
1019 1561 1090 1586 usa
1127 1543 1312 1600 Sappho,
1347 1552 1506 1585 constat
1537 1557 1587 1584 ex
1607 1566 1647 1588 20

131 1613 296 1670 dactylo
317 1624 356 1655 et
378 1613 551 1670 spondio
572 1614 656 1655 sive
676 1614 869 1655 trochaeo.
931 1613 1076 1669 Hujus
1093 1611 1352 1668 exemplum:

669 1681 690 1710 b
705 1684 806 1720 Unde
827 1684 1000 1719 Latinum

674 1747 763 1784 Post
780 1760 893 1794 genus
913 1753 1043 1792 ortum,

189 1895 203 1921 t
224 1897 301 1931 Aut
331 1895 529 1942 Ephesum]
564 1894 744 1932 Horatius
768 1894 832 1932 lib.

136 1950 151 1985 Ι
213 1949 234 1984 d
339 1949 479 1985 HEUS
892 1908 957 1944 pro
989 1895 1133 1942 Pyrrha
1162 1893 1310 1944 scripsit
1340 1895 1474 1931 Purra.
1532 1895 1592 1930 Ita

158 1977 165 1984 .
187 1961 209 1983 o
240 1977 247 1983 .
272 1959 305 1995 7.
486 1978 493 1985 .

893 1949 1052 1984 Burrum
1072 1956 1215 1984 veteres
1236 1961 1303 1998 pro
1326 1949 1481 1995 Pyrrho.
1530 1948 1591 1984 Sic

171 2015 191 2037 v
204 2003 306 2038 aliud
319 2002 553 2049 dactylicam]
572 2001 657 2038 MS.
674 2001 833 2052 Guelph.

136 2057 249 2091 alium
270 2057 491 2091 dactilicum.
523 2055 679 2091 HEUS.

193 2117 220 2136 W
258 2110 424 2156 dactylis,
447 2114 480 2144 et
500 2110 648 2156 spondio
668 2111 740 2145 sive
761 2114 835 2144 tro-

137 2163 248 2209 chaeo]
287 2162 380 2198 Haec
419 2170 528 2198 antea
556 2175 576 2198 e
605 2166 834 2212 conjectura,

138 2228 238 2251 nunc
276 2228 322 2252 ex
361 2224 519 2265 utroque
555 2216 668 2252 Paris.
708 2216 837 2252 codice

138 2268 293 2305 restitui.
350 2270 393 2304 In
422 2269 554 2305 horum
580 2269 703 2305 locum
725 2268 836 2305 libra-

138 2321 213 2358 rius
243 2322 406 2372 Guelph.
436 2335 456 2359 e
484 2322 651 2372 proxime
680 2335 839 2371 sequen-

139 2374 250 2418 tibus,
280 2376 512 2412 aberratione
544 2376 753 2418 manifesta,
782 2388 839 2412 re-

140 2436 336 2478 posuerat:
371 2431 496 2465 troceis
526 2431 599 2466 sive
631 2443 673 2466 ex
705 2431 840 2465 dactilo

142 2482 284 2517 trocheo
300 2487 333 2517 et
349 2484 508 2529 spondio.
541 2483 698 2520 HEUS.

196 2541 216 2560 X
249 2536 321 2570 sive
368 2548 410 2571 ex
457 2537 612 2584 dactylo,
663 2537 834 2584 trochaeo]

144 2588 259 2624 Paris.
282 2589 465 2636 posterior
483 2591 555 2624 sive
574 2602 617 2625 ex
641 2591 786 2637 dactylo
805 2595 840 2625 et

144 2641 307 2677 trochaeo.
339 2641 493 2677 HEUS.

197 2701 216 2729 Y
250 2707 292 2730 ex
322 2696 481 2741 spondio,
517 2699 552 2730 et
583 2696 740 2742 dactylo,
769 2697 842 2731 sive

144 2748 315 2794 trochaeo]
349 2748 379 2783 A
399 2746 475 2783 filio
497 2748 662 2784 monitus
681 2748 842 2784 emendo

143 2814 186 2837 ex
204 2802 366 2849 spondio,
391 2806 425 2836 et
454 2802 610 2848 dactylo,
632 2805 666 2836 et
693 2802 842 2848 spondio

143 2856 216 2890 sive
236 2854 400 2890 trochaeo.
432 2853 596 2891 HEUS.

199 2914 218 2933 Ζ
254 2908 382 2949 Grato,
418 2907 577 2955 Pyrrha,
612 2908 676 2943 sub
714 2908 837 2955 antro]

147 2960 282 2998 Horat.
304 2959 366 2997 lib.
382 2961 412 2997 I.
432 2960 493 2997 od.
515 2973 550 3009 5.
572 2960 657 2997 MS.
680 2960 843 3010 Guelph.

891 2014 935 2038 ex
973 2001 1243 2050 antiquissimis
1282 2000 1429 2051 Virgilii
1471 2014 1590 2038 mem-

892 2055 1017 2091 branis
1065 2055 1251 2098 adferunt‚
1291 2063 1327 2091 et
1367 2055 1405 2090 in
1445 2062 1590 2091 vetusto

891 2108 1048 2159 Virgilio
1065 2108 1180 2145 Gudii
1202 2107 1381 2158 scriptum
1404 2107 1476 2144 vidi
1494 2121 1591 2144 cum-

894 2163 937 2198 ba
967 2175 1034 2211 pro
1057 2163 1192 2210 cymba.
1249 2162 1353 2198 Nota
1373 2170 1461 2198 sunt
1481 2164 1591 2198 cumi-

892 2228 989 2256 num,
1012 2217 1172 2263 depagis,
1189 2228 1364 2257 murreus,
1381 2220 1588 2257 murtetam,

894 2267 1039 2317 aliaque
1060 2267 1230 2317 plurima.
1271 2269 1380 2305 Conf.
1404 2268 1591 2317 Cruquius

895 2322 939 2358 ad
962 2322 1099 2358 Horat.
1121 2322 1192 2358 III.
1214 2321 1276 2359 od.
1303 2334 1361 2369 14.
1391 2333 1450 2358 22.
1472 2323 1502 2358 Ι.
1523 2330 1591 2358 sat.

899 2388 932 2412 2.
955 2387 1019 2424 93.
1042 2375 1072 2411 1.
1094 2375 1202 2425 epist.
1221 2386 1280 2423 15.
1303 2385 1338 2422 5.
1390 2374 1592 2411 Salmasius

895 2429 942 2465 ad
973 2429 1098 2465 Plaut.
1129 2428 1358 2465 Menaechm.
1389 2429 1441 2465 11.
1473 2441 1505 2465 2.
1531 2441 1592 2465 21.

895 2483 1049 2519 HEUS.

949 2542 969 2562 a
998 2537 1059 2572 Sz'c
1096 2541 1131 2572 te
1168 2537 1251 2572 diva
1284 2541 1412 2584 potens
1451 2535 1591 2582 Cypri]

896 2590 1030 2626 Horat.
1052 2589 1115 2626 lib.
1138 2589 1246 2627 Lod.
1268 2601 1303 2638 3.
1325 2590 1439 2626 MSS.
1471 2587 1594 2625 Mallii

898 2643 1061 2693 Guelph.
1082 2651 1120 2680 et
1144 2642 1256 2679 Paris.
1287 2655 1358 2679 sec.
1390 2655 1458 2692 pro
1479 2642 1542 2679 Sic
1562 2647 1596 2677 te

896 2696 1079 2733 dederunt
1097 2698 1127 2732 si
1149 2702 1194 2733 te.
1231 2696 1386 2733 HEUS.

949 2747 970 2776 b
998 2750 1099 2786 Unde
1126 2751 1316 2797 Latinum]
1342 2750 1478 2785 Versus
1507 2756 1595 2784 sunt

896 2802 1113 2839 Terentiani
1153 2803 1276 2840 Mauri
1317 2815 1351 2851 p.
1394 2812 1508 2848 2431.
1551 2813 1593 2836 ex

898 2855 1083 2892 AEneidos
1157 2855 1341 2906 principio
1420 2853 1595 2905 expressi.

900 2908 1056 2945 HEUS.
