1962 3355
115 232 220 262 cAP.
241 224 284 274 7.
520 215 602 261 De
624 219 773 261 metro
799 213 1143 276 Autispastico.
1473 223 1489 259 1
1506 223 1563 272 19

113 336 439 383 Indifferenter
474 335 598 381 enim
640 343 851 380 auctores
894 334 1025 396 lyrici
1071 342 1222 379 metro
1263 333 1604 397 antispastico4

112 412 244 458 initia
279 412 638 474 epraestiterunt,
671 428 793 474 saepe
823 410 948 456 enim
985 427 1069 473 pro
1101 409 1262 455 iambo
1294 410 1450 473 primo
1485 418 1568 456 aut

113 488 364 551 spondeus,
389 497 468 534 aut
493 488 742 544 trochaeus,
769 496 848 534 aut
880 487 1182 551 pyrrhichius
1217 487 1426 551 ponitur,
1451 505 1568 549 qua-

112 582 213 610 rum
254 563 619 610 differentiarum
658 564 878 627 exempla
913 580 1203 626 promemus.
1272 563 1399 609 Nam
1436 563 1470 608 si
1509 563 1602 609 sits

104 641 245 702 juxta
269 640 421 702 legem
461 640 592 703 pedis
623 657 680 685 ex
710 640 869 686 iambo
894 648 939 685 et
965 641 1172 686 trochaeo
1196 639 1388 685 initium
1417 639 1569 693 metri,

115 718 168 762 fit
192 733 364 780 purum
392 716 749 780 antispasticum
773 725 977 763 metrum
1001 717 1327 773 acatalectum,
1348 715 1473 777 quod
1499 724 1565 761 ta-

117 810 221 838 men
249 792 452 838 iambica
477 792 771 856 depositione
796 793 1118 840 concluditur:
1160 802 1225 848 ut,

249 868 378 914 Erat
399 886 480 915 sus
508 868 805 932 Calydonius
830 870 951 916 edaoe
977 869 1155 934 etfera
1179 869 1331 916 belua.

113 946 162 992 Si
200 956 357 992 autem
396 946 631 1009 spondeus
663 964 748 1010 pro
780 946 939 993 iambo
968 956 1185 1011 ponatur,
1211 948 1266 992 fit
1298 944 1607 1008 conjugatio6

114 1040 198 1085 pro
223 1023 483 1086 antispasto
508 1023 682 1086 epitriti
711 1025 861 1085 quarti
883 1043 891 1070 :
929 1034 995 1081 ut,

251 1099 296 1145 O
319 1099 401 1162 qui
417 1106 596 1161 prseter
620 1101 732 1163 agis
757 1100 1178 1166 cccruleoflumine
1203 1099 1391 1145 limites.

116 1176 164 1221 Si
192 1193 300 1220 vero
326 1194 351 1221 a
383 1176 590 1221 trochaeo
621 1177 702 1221 fiat
739 1176 945 1232 initium,
969 1176 1056 1221 erit
1087 1192 1143 1221 ex
1177 1176 1435 1221 ditrochaeo
1460 1191 1570 1219 con-

106 1251 318 1313 jugatio:
354 1260 421 1304 ut,

248 1328 389 1374 Aura
406 1344 706 1390 purpureum
724 1345 817 1391 per
833 1327 1042 1392 pelagus
1064 1327 1280 1391 segniter
1303 1326 1368 1372 ad
1381 1332 1564 1388 petras.

115 1421 161 1466 Si
191 1429 349 1467 autem
377 1439 402 1466 a
426 1421 719 1484 pyrrhichio,
739 1422 793 1466 fit
812 1420 1085 1483 conjugatio
1110 1419 1287 1483 paeonis
1312 1418 1436 1465 tertii
1458 1437 1468 1464 t
1508 1427 1574 1474 ut,
1596 1439 1610 1471 7

249 1503 439 1549 Domus
461 1503 564 1549 alta
570 1503 700 1568 fuit,
725 1521 824 1566 quoe
852 1503 1066 1548 Danaen
1092 1501 1278 1547 Acrisii
1302 1507 1481 1564 tegens.

116 1581 236 1632 Quae
271 1580 584 1626 commutatio
620 1581 901 1643 plerumque
937 1579 1059 1624 inter
1089 1577 1222 1624 initia
1247 1593 1467 1624 versuum
1507 1577 1575 1630 fit,

118 1674 204 1702 nec
228 1656 367 1702 facile
393 1656 440 1702 in
467 1656 737 1710 medietate,
758 1656 845 1702 nisi
873 1656 917 1701 in
945 1674 1000 1702 eo
1021 1673 1190 1718 genere
1210 1670 1448 1709 versuum,
1469 1671 1573 1715 quae

116 1735 384 1793 ἀσυνάρτητα,
409 1732 454 1778 id
481 1741 551 1779 est
575 1732 854 1787 inconnexa,
881 1742 1005 1786 sunt,
1031 1731 1310 1794 repperitur.

183 1808 272 1853 Est
298 1818 457 1854 autem
477 1809 834 1871 antispasticum
854 1817 1205 1854 monometrum
1225 1805 1577 1870 hypercatalec-

117 1894 237 1941 tum,
261 1883 386 1946 quod
414 1894 460 1930 et
484 1885 819 1931 dochmiacum
845 1884 1033 1938 dicitur,

256 1960 405 2007 Volat
427 1959 685 2023 fprcepetes.

119 2036 393 2083 Dimetrum
422 2038 905 2101 brachycatalectum,
927 2037 1052 2100 quod
1079 2037 1271 2100 quidam
1298 2037 1576 2099 Φερεκράτειον
1595 2052 1614 2082 8

118 2114 259 2164 ἀτελὲς
287 2122 472 2170 vocant,

256 2189 454 2235 Choreis
479 2196 657 2246 cantat,

118 2265 409 2311 Trimetrum
436 2266 765 2312 catalecticum
791 2266 1163 2312 Anacreontium
1186 2285 1194 2312 :
1233 2266 1312 2322 ita,

252 2342 406 2389 Amor
430 2349 477 2389 te
500 2361 632 2389 meus
656 2361 681 2389 0
700 2343 907 2406 pulchra
929 2343 1113 2406 puella.

118 2419 468 2464 Tetrametrum
498 2420 827 2476 acatalectum,

252 2495 405 2541 Amor
427 2496 643 2543 sidereus
669 2513 749 2543 cor·
767 2495 959 2558 pepulit
965 2494 1286 2560 flammigero
1310 2500 1468 2541 cestro.

120 2572 473 2618 pentametrum
502 2573 810 2619 acatalectum
839 2572 1104 2627 Alcacium,

173 2711 189 2729 e
211 2704 479 2753 praestiterunt]
503 2706 746 2755 perstiterunt
766 2706 806 2742 P.
966 2702 980 2730 f
999 2704 1157 2753 praepes]
1181 2699 1310 2753 §petes
1331 2703 1374 2739 P.
1398 2708 1577 2751 praepetes

122 2758 276 2793 Santen.
295 2759 383 2793 Ter.
405 2759 527 2794 Maur.
549 2772 583 2807 p.
608 2770 692 2806 130.

181 2887 199 2919 7
250 2876 541 2925 Dochmiacum]
587 2891 607 2914 a
649 2877 825 2914 dochmio
880 2885 1026 2920 cuntur,
1049 2885 1106 2913 est
1135 2886 1257 2912 autem
1288 2875 1325 2911 in
1353 2875 1463 2910 verbo
1483 2872 1577 2909 obli-

124 2931 289 2975 ῧοχμιακὰ
314 2939 352 2965 et
381 2933 598 2977 δοχμιάζοντα
628 2940 746 2968 metra
772 2931 825 2967 di·
881 2929 1031 2980 quitatis
1052 2929 1287 2979 significatio.
1319 2926 1514 2963 CAMER.

1074 3001 1115 3031 4-
