<?xml version="1.0" encoding="UTF-8"?>
<!DOCTYPE html PUBLIC "-//W3C//DTD XHTML 1.0 Transitional//EN"
    "http://www.w3.org/TR/xhtml1/DTD/xhtml1-transitional.dtd">
<html xmlns="http://www.w3.org/1999/xhtml" xml:lang="en" lang="en">
 <head>
  <title>
</title>
<meta http-equiv="Content-Type" content="text/html;charset=utf-8" />
  <meta name='ocr-system' content='tesseract 3.04.00' />
  <meta name='ocr-capabilities' content='ocr_page ocr_carea ocr_par ocr_line ocrx_word'/>
</head>
<body>
  <div class='ocr_page' id='page_1' title='image "./scriptoreslatini00gaisuoft_0336.png"; bbox 0 0 1962 3355; ppageno 0'>
   <div class='ocr_carea' id='block_1_1' title="bbox 257 1262 293 1292">
    <p class='ocr_par' dir='ltr' id='par_1_1' title="bbox 257 1262 293 1292">
     <span class='ocr_line' id='line_1_1' title="bbox 257 1262 293 1292; baseline 0 0"><span class='ocrx_word' id='word_1_1' title='bbox 257 1262 293 1292; x_wconf 83' lang='lat'>13</span> 
     </span>
    </p>
   </div>
   <div class='ocr_carea' id='block_1_2' title="bbox 271 2352 310 2381">
    <p class='ocr_par' dir='ltr' id='par_1_2' title="bbox 271 2352 310 2381">
     <span class='ocr_line' id='line_1_2' title="bbox 271 2352 310 2381; baseline 0 0"><span class='ocrx_word' id='word_1_2' title='bbox 271 2352 310 2381; x_wconf 81' lang='lat'>14</span> 
     </span>
    </p>
   </div>
   <div class='ocr_carea' id='block_1_3' title="bbox 310 183 1762 234">
    <p class='ocr_par' dir='ltr' id='par_1_3' title="bbox 310 183 1762 234">
     <span class='ocr_line' id='line_1_3' title="bbox 310 183 1762 234; baseline -0.006 0"><span class='ocrx_word' id='word_1_3' title='bbox 310 195 404 234; x_wconf 83' lang='lat'>318</span> <span class='ocrx_word' id='word_1_4' title='bbox 778 184 931 232; x_wconf 80' lang='lat' dir='ltr'>Atilii</span> <span class='ocrx_word' id='word_1_5' title='bbox 953 183 1297 231; x_wconf 80' lang='lat' dir='ltr'>Fortunatiani</span> <span class='ocrx_word' id='word_1_6' title='bbox 1593 196 1703 226; x_wconf 85' lang='lat' dir='ltr'><strong>PAR.</strong></span> <span class='ocrx_word' id='word_1_7' title='bbox 1730 195 1762 226; x_wconf 94' lang='lat'>1.</span> 
     </span>
    </p>
   </div>
   <div class='ocr_carea' id='block_1_4' title="bbox 311 307 1188 498">
    <p class='ocr_par' dir='ltr' id='par_1_4' title="bbox 311 307 1188 498">
     <span class='ocr_line' id='line_1_4' title="bbox 541 307 1188 362; baseline -0.006 -13"><span class='ocrx_word' id='word_1_8' title='bbox 541 308 623 349; x_wconf 71' lang='lat' dir='ltr'>Cui</span> <span class='ocrx_word' id='word_1_9' title='bbox 643 321 727 347; x_wconf 78' lang='lat' dir='ltr'>non</span> <span class='ocrx_word' id='word_1_10' title='bbox 747 307 881 347; x_wconf 78' lang='lat' dir='ltr'>dictus</span> <span class='ocrx_word' id='word_1_11' title='bbox 902 307 1047 361; x_wconf 70' lang='lat' dir='ltr'>Hylas</span> <span class='ocrx_word' id='word_1_12' title='bbox 1059 319 1188 362; x_wconf 81' lang='lat' dir='ltr'>puer,</span> 
     </span>
     <span class='ocr_line' id='line_1_5' title="bbox 311 381 641 447; baseline -0.006 -18"><span class='ocrx_word' id='word_1_13' title='bbox 311 400 396 447; x_wconf 84' lang='lat' dir='ltr'>par</span> <span class='ocrx_word' id='word_1_14' title='bbox 419 391 496 443; x_wconf 81' lang='lat' dir='ltr'>est</span> <span class='ocrx_word' id='word_1_15' title='bbox 513 381 641 439; x_wconf 81' lang='lat' dir='ltr'>huic,</span> 
     </span>
     <span class='ocr_line' id='line_1_6' title="bbox 539 455 1096 498; baseline -0.011 1"><span class='ocrx_word' id='word_1_16' title='bbox 539 459 671 498; x_wconf 79' lang='lat' dir='ltr'>Hunc</span> <span class='ocrx_word' id='word_1_17' title='bbox 691 457 828 497; x_wconf 81' lang='lat' dir='ltr'>lucum</span> <span class='ocrx_word' id='word_1_18' title='bbox 850 456 921 497; x_wconf 76' lang='lat' dir='ltr'>tibi</span> <span class='ocrx_word' id='word_1_19' title='bbox 944 455 1096 495; x_wconf 80' lang='lat' dir='ltr'>dedico.</span> 
     </span>
    </p>
   </div>
   <div class='ocr_carea' id='block_1_5' title="bbox 313 534 931 588">
    <p class='ocr_par' dir='ltr' id='par_1_5' title="bbox 313 534 931 588">
     <span class='ocr_line' id='line_1_7' title="bbox 313 534 931 588; baseline -0.008 -16"><span class='ocrx_word' id='word_1_20' title='bbox 313 543 512 588; x_wconf 85' lang='lat' dir='ltr'>sequens</span> <span class='ocrx_word' id='word_1_21' title='bbox 539 534 695 572; x_wconf 87' lang='lat' dir='ltr'>autem</span> <span class='ocrx_word' id='word_1_22' title='bbox 728 541 931 577; x_wconf 82' lang='lat' dir='ltr'>comma,</span> 
     </span>
    </p>
   </div>
   <div class='ocr_carea' id='block_1_6' title="bbox 314 598 962 715">
    <p class='ocr_par' dir='ltr' id='par_1_6' title="bbox 314 598 962 715">
     <span class='ocr_line' id='line_1_8' title="bbox 538 598 962 646; baseline -0.012 -4"><span class='ocrx_word' id='word_1_23' title='bbox 538 602 599 642; x_wconf 85' lang='lat' dir='ltr'>Et</span> <span class='ocrx_word' id='word_1_24' title='bbox 618 602 797 641; x_wconf 76' lang='lat' dir='ltr'>Latonia</span> <span class='ocrx_word' id='word_1_25' title='bbox 821 598 962 646; x_wconf 79' lang='lat' dir='ltr'>Delos,</span> 
     </span>
     <span class='ocr_line' id='line_1_9' title="bbox 314 658 440 715; baseline 0 -12"><span class='ocrx_word' id='word_1_26' title='bbox 314 658 342 704; x_wconf 81' lang='lat' dir='ltr'>l]</span> <span class='ocrx_word' id='word_1_27' title='bbox 351 658 440 715; x_wconf 84' lang='lat' dir='ltr'>uic,</span> 
     </span>
    </p>
   </div>
   <div class='ocr_carea' id='block_1_7' title="bbox 312 730 1773 1828">
    <p class='ocr_par' dir='ltr' id='par_1_7' title="bbox 312 730 1773 1828">
     <span class='ocr_line' id='line_1_10' title="bbox 542 730 1015 786; baseline -0.015 -12"><span class='ocrx_word' id='word_1_28' title='bbox 542 734 821 786; x_wconf 76' lang='lat' dir='ltr'>Consecroqzce</span> <span class='ocrx_word' id='word_1_29' title='bbox 841 730 1015 784; x_wconf 80' lang='lat' dir='ltr'><strong><em>Priape.</em></strong></span> 
     </span>
     <span class='ocr_line' id='line_1_11' title="bbox 312 806 1768 876; baseline -0.004 -17"><span class='ocrx_word' id='word_1_30' title='bbox 312 813 427 859; x_wconf 89' lang='lat' dir='ltr'>Non</span> <span class='ocrx_word' id='word_1_31' title='bbox 463 813 627 876; x_wconf 84' lang='lat' dir='ltr'>ignoro</span> <span class='ocrx_word' id='word_1_32' title='bbox 652 819 810 856; x_wconf 89' lang='lat' dir='ltr'>autem</span> <span class='ocrx_word' id='word_1_33' title='bbox 836 807 1002 855; x_wconf 79' lang='lat' dir='ltr'>variari</span> <span class='ocrx_word' id='word_1_34' title='bbox 1027 806 1204 871; x_wconf 86' lang='lat' dir='ltr'>primas</span> <span class='ocrx_word' id='word_1_35' title='bbox 1230 816 1275 853; x_wconf 85' lang='lat' dir='ltr'>et</span> <span class='ocrx_word' id='word_1_36' title='bbox 1311 807 1539 854; x_wconf 83' lang='lat' dir='ltr'>secundas</span> <span class='ocrx_word' id='word_1_37' title='bbox 1566 807 1768 871; x_wconf 83' lang='lat' dir='ltr'>syllabas</span> 
     </span>
     <span class='ocr_line' id='line_1_12' title="bbox 312 884 1769 951; baseline -0.004 -16"><span class='ocrx_word' id='word_1_38' title='bbox 312 889 557 951; x_wconf 84' lang='lat' dir='ltr'>utriusque</span> <span class='ocrx_word' id='word_1_39' title='bbox 593 888 638 933; x_wconf 90' lang='lat' dir='ltr'>in</span> <span class='ocrx_word' id='word_1_40' title='bbox 680 885 903 948; x_wconf 84' lang='lat' dir='ltr'>zPriapeo</span> <span class='ocrx_word' id='word_1_41' title='bbox 940 884 1205 940; x_wconf 82' lang='lat' dir='ltr'>commatis,</span> <span class='ocrx_word' id='word_1_42' title='bbox 1245 893 1297 930; x_wconf 86' lang='lat' dir='ltr'>ut</span> <span class='ocrx_word' id='word_1_43' title='bbox 1333 884 1476 930; x_wconf 85' lang='lat' dir='ltr'>modo</span> <span class='ocrx_word' id='word_1_44' title='bbox 1519 886 1577 931; x_wconf 90' lang='lat' dir='ltr'>ab</span> <span class='ocrx_word' id='word_1_45' title='bbox 1610 885 1769 931; x_wconf 85' lang='lat' dir='ltr'>iambo</span> 
     </span>
     <span class='ocr_line' id='line_1_13' title="bbox 313 961 1320 1029; baseline -0.007 -17"><span class='ocrx_word' id='word_1_46' title='bbox 313 965 524 1029; x_wconf 80' lang='lat' dir='ltr'>incipiat,</span> <span class='ocrx_word' id='word_1_47' title='bbox 550 962 694 1009; x_wconf 82' lang='lat' dir='ltr'>modo</span> <span class='ocrx_word' id='word_1_48' title='bbox 721 963 778 1008; x_wconf 89' lang='lat' dir='ltr'>ab</span> <span class='ocrx_word' id='word_1_49' title='bbox 803 961 1039 1014; x_wconf 79' lang='lat' dir='ltr'>trochae03</span> <span class='ocrx_word' id='word_1_50' title='bbox 1077 971 1320 1022; x_wconf 85' lang='lat' dir='ltr'>tanquam,</span> 
     </span>
     <span class='ocr_line' id='line_1_14' title="bbox 426 1037 1455 1093; baseline -0.004 -12"><span class='ocrx_word' id='word_1_51' title='bbox 426 1042 479 1080; x_wconf 88' lang='lat' dir='ltr'><em>H</em></span> <span class='ocrx_word' id='word_1_52' title='bbox 480 1055 557 1081; x_wconf 72' lang='lat' dir='ltr'>ime</span> <span class='ocrx_word' id='word_1_53' title='bbox 579 1041 716 1080; x_wconf 75' lang='lat' dir='ltr'>lucum</span> <span class='ocrx_word' id='word_1_54' title='bbox 738 1039 812 1080; x_wconf 75' lang='lat' dir='ltr'>tibi.</span> <span class='ocrx_word' id='word_1_55' title='bbox 834 1038 974 1078; x_wconf 73' lang='lat' dir='ltr'>dedico</span> <span class='ocrx_word' id='word_1_56' title='bbox 994 1050 1259 1092; x_wconf 73' lang='lat' dir='ltr'>consecroque</span> <span class='ocrx_word' id='word_1_57' title='bbox 1281 1037 1455 1093; x_wconf 73' lang='lat' dir='ltr'>Priape.</span> 
     </span>
     <span class='ocr_line' id='line_1_15' title="bbox 313 1109 375 1153; baseline 0 -9"><span class='ocrx_word' id='word_1_58' title='bbox 313 1109 375 1153; x_wconf 81' lang='lat' dir='ltr'>et,</span> 
     </span>
     <span class='ocr_line' id='line_1_16' title="bbox 429 1159 1465 1214; baseline -0.005 -12"><span class='ocrx_word' id='word_1_59' title='bbox 429 1163 601 1203; x_wconf 70' lang='lat' dir='ltr'>aLz’bens</span> <span class='ocrx_word' id='word_1_60' title='bbox 622 1162 693 1202; x_wconf 78' lang='grc' dir='ltr'>Ῑιοε</span> <span class='ocrx_word' id='word_1_61' title='bbox 714 1162 787 1202; x_wconf 69' lang='lat' dir='ltr'>tibi</span> <span class='ocrx_word' id='word_1_62' title='bbox 810 1160 963 1209; x_wconf 79' lang='lat' dir='ltr'>dedico,</span> <span class='ocrx_word' id='word_1_63' title='bbox 986 1159 1115 1199; x_wconf 72' lang='lat' dir='ltr'>libens</span> <span class='ocrx_word' id='word_1_64' title='bbox 1135 1164 1274 1199; x_wconf 76' lang='lat' dir='ltr'>sancte</span> <span class='ocrx_word' id='word_1_65' title='bbox 1294 1159 1465 1214; x_wconf 79' lang='lat' dir='ltr'><em>Priape.</em></span> 
     </span>
     <span class='ocr_line' id='line_1_17' title="bbox 314 1242 1771 1307; baseline -0.005 -13"><span class='ocrx_word' id='word_1_66' title='bbox 314 1248 442 1294; x_wconf 80' lang='lat' dir='ltr'>Nam</span> <span class='ocrx_word' id='word_1_67' title='bbox 481 1256 528 1292; x_wconf 85' lang='lat' dir='ltr'>et</span> <span class='ocrx_word' id='word_1_68' title='bbox 565 1243 1003 1307; x_wconf 84' lang='lat' dir='ltr'>hendecasyllabus,</span> <span class='ocrx_word' id='word_1_69' title='bbox 1033 1260 1174 1305; x_wconf 81' lang='lat' dir='ltr'>quem</span> <span class='ocrx_word' id='word_1_70' title='bbox 1215 1242 1500 1288; x_wconf 80' lang='lat' dir='ltr'>Phalaecium</span> <span class='ocrx_word' id='word_1_71' title='bbox 1532 1259 1771 1298; x_wconf 85' lang='lat' dir='ltr'>vocamus,</span> 
     </span>
     <span class='ocr_line' id='line_1_18' title="bbox 316 1318 1772 1388; baseline -0.005 -17"><span class='ocrx_word' id='word_1_72' title='bbox 316 1324 439 1388; x_wconf 91' lang='lat' dir='ltr'>apud</span> <span class='ocrx_word' id='word_1_73' title='bbox 477 1323 694 1384; x_wconf 87' lang='lat' dir='ltr'>antiquos</span> <span class='ocrx_word' id='word_1_74' title='bbox 733 1330 944 1367; x_wconf 84' lang='lat' dir='ltr'>auctores</span> <span class='ocrx_word' id='word_1_75' title='bbox 977 1318 1141 1364; x_wconf 86' lang='lat' dir='ltr'>eodem</span> <span class='ocrx_word' id='word_1_76' title='bbox 1179 1318 1322 1364; x_wconf 86' lang='lat' dir='ltr'>modo</span> <span class='ocrx_word' id='word_1_77' title='bbox 1357 1319 1537 1365; x_wconf 82' lang='lat' dir='ltr'>solebat</span> <span class='ocrx_word' id='word_1_78' title='bbox 1566 1318 1772 1382; x_wconf 81' lang='lat' dir='ltr'><strong>incipere</strong></span> 
     </span>
     <span class='ocr_line' id='line_1_19' title="bbox 316 1394 1773 1462; baseline -0.004 -16"><span class='ocrx_word' id='word_1_79' title='bbox 316 1401 427 1446; x_wconf 88' lang='lat' dir='ltr'>alias</span> <span class='ocrx_word' id='word_1_80' title='bbox 464 1418 490 1446; x_wconf 92' lang='lat' dir='ltr'>a</span> <span class='ocrx_word' id='word_1_81' title='bbox 527 1398 750 1462; x_wconf 79' lang='lat' dir='ltr'>spondeo,</span> <span class='ocrx_word' id='word_1_82' title='bbox 776 1397 887 1443; x_wconf 87' lang='lat' dir='ltr'>alias</span> <span class='ocrx_word' id='word_1_83' title='bbox 925 1396 983 1442; x_wconf 88' lang='lat' dir='ltr'>ab</span> <span class='ocrx_word' id='word_1_84' title='bbox 1010 1394 1229 1449; x_wconf 81' lang='lat' dir='ltr'>iambico,</span> <span class='ocrx_word' id='word_1_85' title='bbox 1255 1395 1367 1441; x_wconf 89' lang='lat' dir='ltr'>alias</span> <span class='ocrx_word' id='word_1_86' title='bbox 1399 1414 1423 1441; x_wconf 94' lang='lat' dir='ltr'>a</span> <span class='ocrx_word' id='word_1_87' title='bbox 1449 1396 1682 1450; x_wconf 71' lang='lat' dir='ltr'>trocliae03</span> <span class='ocrx_word' id='word_1_88' title='bbox 1720 1404 1773 1440; x_wconf 91' lang='lat' dir='ltr'>ut</span> 
     </span>
     <span class='ocr_line' id='line_1_20' title="bbox 317 1471 1511 1542; baseline -0.006 -18"><span class='ocrx_word' id='word_1_89' title='bbox 317 1477 442 1542; x_wconf 88' lang='lat' dir='ltr'>apud</span> <span class='ocrx_word' id='word_1_90' title='bbox 466 1476 758 1532; x_wconf 79' lang='lat' dir='ltr'>bCatullum‚</span> <span class='ocrx_word' id='word_1_91' title='bbox 785 1472 1210 1535; x_wconf 83' lang='lat' dir='ltr'>hendecasyllabus</span> <span class='ocrx_word' id='word_1_92' title='bbox 1237 1489 1262 1516; x_wconf 87' lang='lat' dir='ltr'>a</span> <span class='ocrx_word' id='word_1_93' title='bbox 1285 1471 1511 1535; x_wconf 74' lang='lat' dir='ltr'>spondeo,</span> 
     </span>
     <span class='ocr_line' id='line_1_21' title="bbox 545 1549 1181 1604; baseline -0.008 -12"><span class='ocrx_word' id='word_1_94' title='bbox 545 1553 701 1592; x_wconf 73' lang='lat' dir='ltr'>Passer</span> <span class='ocrx_word' id='word_1_95' title='bbox 721 1552 880 1591; x_wconf 66' lang='lat' dir='ltr'>deliciae</span> <span class='ocrx_word' id='word_1_96' title='bbox 902 1564 1002 1590; x_wconf 78' lang='lat' dir='ltr'>mcoe</span> <span class='ocrx_word' id='word_1_97' title='bbox 1015 1549 1181 1604; x_wconf 62' lang='lat' dir='ltr'>puellae.</span> 
     </span>
     <span class='ocr_line' id='line_1_22' title="bbox 317 1627 591 1682; baseline -0.011 -8"><span class='ocrx_word' id='word_1_98' title='bbox 317 1646 343 1674; x_wconf 91' lang='lat' dir='ltr'>a</span> <span class='ocrx_word' id='word_1_99' title='bbox 367 1627 591 1682; x_wconf 75' lang='lat' dir='ltr'>trochaeo,</span> 
     </span>
     <span class='ocr_line' id='line_1_23' title="bbox 545 1698 1252 1757; baseline -0.004 -14"><span class='ocrx_word' id='word_1_100' title='bbox 545 1703 679 1743; x_wconf 79' lang='lat' dir='ltr'>Arido</span> <span class='ocrx_word' id='word_1_101' title='bbox 698 1702 814 1743; x_wconf 80' lang='lat' dir='ltr'>modo</span> <span class='ocrx_word' id='word_1_102' title='bbox 828 1701 995 1757; x_wconf 76' lang='lat' dir='ltr'>pumice</span> <span class='ocrx_word' id='word_1_103' title='bbox 1015 1698 1252 1754; x_wconf 36' lang='lat' dir='ltr'>expolitmnf.</span> 
     </span>
     <span class='ocr_line' id='line_1_24' title="bbox 319 1771 576 1828; baseline -0.012 -9"><span class='ocrx_word' id='word_1_104' title='bbox 319 1773 377 1819; x_wconf 92' lang='lat' dir='ltr'>ab</span> <span class='ocrx_word' id='word_1_105' title='bbox 402 1771 576 1828; x_wconf 88' lang='lat' dir='ltr'>iambo,</span> 
     </span>
    </p>
   </div>
   <div class='ocr_carea' id='block_1_8' title="bbox 547 1856 1303 1913">
    <p class='ocr_par' dir='ltr' id='par_1_8' title="bbox 547 1856 1303 1913">
     <span class='ocr_line' id='line_1_25' title="bbox 547 1856 1303 1913; baseline -0.004 -17"><span class='ocrx_word' id='word_1_106' title='bbox 547 1857 673 1896; x_wconf 72' lang='lat' dir='ltr'>Meas</span> <span class='ocrx_word' id='word_1_107' title='bbox 693 1869 778 1896; x_wconf 70' lang='lat' dir='ltr'>esse</span> <span class='ocrx_word' id='word_1_108' title='bbox 798 1856 961 1912; x_wconf 71' lang='lat' dir='ltr'>aliquid</span> <span class='ocrx_word' id='word_1_109' title='bbox 975 1863 1129 1913; x_wconf 78' lang='lat' dir='ltr'>putare</span> <span class='ocrx_word' id='word_1_110' title='bbox 1148 1868 1303 1910; x_wconf 74' lang='lat' dir='ltr'>nugas.</span> 
     </span>
    </p>
   </div>
   <div class='ocr_carea' id='block_1_9' title="bbox 321 1944 1780 2391">
    <p class='ocr_par' dir='ltr' id='par_1_9' title="bbox 321 1944 1780 2300">
     <span class='ocr_line' id='line_1_26' title="bbox 321 1944 1777 2011; baseline -0.002 -17"><span class='ocrx_word' id='word_1_111' title='bbox 321 1966 426 2011; x_wconf 86' lang='lat' dir='ltr'>quae</span> <span class='ocrx_word' id='word_1_112' title='bbox 456 1947 617 1993; x_wconf 90' lang='lat' dir='ltr'>omnia</span> <span class='ocrx_word' id='word_1_113' title='bbox 649 1964 820 2009; x_wconf 82' lang='lat' dir='ltr'>genera</span> <span class='ocrx_word' id='word_1_114' title='bbox 846 1945 1229 2011; x_wconf 81' lang='lat' dir='ltr'>hendecasyllabi</span> <span class='ocrx_word' id='word_1_115' title='bbox 1255 1944 1486 2001; x_wconf 82' lang='lat' dir='ltr'>Catullus,</span> <span class='ocrx_word' id='word_1_116' title='bbox 1510 1953 1557 1990; x_wconf 85' lang='lat' dir='ltr'>et</span> <span class='ocrx_word' id='word_1_117' title='bbox 1582 1944 1777 2008; x_wconf 85' lang='lat' dir='ltr'>Sappho</span> 
     </span>
     <span class='ocr_line' id='line_1_27' title="bbox 321 2023 1777 2083; baseline -0.003 -12"><span class='ocrx_word' id='word_1_118' title='bbox 321 2034 368 2071; x_wconf 84' lang='lat' dir='ltr'>et</span> <span class='ocrx_word' id='word_1_119' title='bbox 391 2026 692 2070; x_wconf 82' lang='lat' dir='ltr'>Anacreonta</span> <span class='ocrx_word' id='word_1_120' title='bbox 716 2031 763 2068; x_wconf 84' lang='lat' dir='ltr'>et</span> <span class='ocrx_word' id='word_1_121' title='bbox 789 2023 902 2070; x_wconf 85' lang='lat' dir='ltr'>alios</span> <span class='ocrx_word' id='word_1_122' title='bbox 940 2033 1153 2070; x_wconf 83' lang='lat' dir='ltr'>auctores</span> <span class='ocrx_word' id='word_1_123' title='bbox 1192 2030 1394 2078; x_wconf 79' lang='lat' dir='ltr'>secutus,</span> <span class='ocrx_word' id='word_1_124' title='bbox 1418 2038 1513 2066; x_wconf 90' lang='lat' dir='ltr'>non</span> <span class='ocrx_word' id='word_1_125' title='bbox 1549 2030 1777 2083; x_wconf 90' lang='lat' dir='ltr'>tanquam</span> 
     </span>
     <span class='ocr_line' id='line_1_28' title="bbox 321 2098 1780 2163; baseline -0.003 -15"><span class='ocrx_word' id='word_1_126' title='bbox 321 2101 490 2148; x_wconf 89' lang='lat' dir='ltr'>vitiosa</span> <span class='ocrx_word' id='word_1_127' title='bbox 512 2098 692 2153; x_wconf 87' lang='lat' dir='ltr'>vitavit,</span> <span class='ocrx_word' id='word_1_128' title='bbox 718 2099 796 2145; x_wconf 88' lang='lat' dir='ltr'>sed</span> <span class='ocrx_word' id='word_1_129' title='bbox 819 2109 1043 2163; x_wconf 85' lang='lat' dir='ltr'>tanquam</span> <span class='ocrx_word' id='word_1_130' title='bbox 1071 2099 1286 2162; x_wconf 80' lang='lat' dir='ltr'>legitima</span> <span class='ocrx_word' id='word_1_131' title='bbox 1311 2098 1523 2144; x_wconf 81' lang='lat' dir='ltr'>inseruit.</span> <span class='ocrx_word' id='word_1_132' title='bbox 1573 2098 1650 2144; x_wconf 88' lang='lat' dir='ltr'>Ex</span> <span class='ocrx_word' id='word_1_133' title='bbox 1676 2098 1780 2160; x_wconf 91' lang='lat' dir='ltr'>qui-</span> 
     </span>
     <span class='ocr_line' id='line_1_29' title="bbox 322 2173 1776 2239; baseline -0.003 -15"><span class='ocrx_word' id='word_1_134' title='bbox 322 2179 412 2224; x_wconf 90' lang='lat' dir='ltr'>bus</span> <span class='ocrx_word' id='word_1_135' title='bbox 454 2176 680 2239; x_wconf 86' lang='lat' dir='ltr'>quoniam</span> <span class='ocrx_word' id='word_1_136' title='bbox 719 2175 944 2239; x_wconf 89' lang='lat' dir='ltr'>Priapeus</span> <span class='ocrx_word' id='word_1_137' title='bbox 986 2176 1207 2233; x_wconf 75' lang='lat' dir='ltr'>nascitur,</span> <span class='ocrx_word' id='word_1_138' title='bbox 1246 2192 1436 2220; x_wconf 83' lang='lat' dir='ltr'>neccsse</span> <span class='ocrx_word' id='word_1_139' title='bbox 1478 2184 1548 2220; x_wconf 87' lang='lat' dir='ltr'>est</span> <span class='ocrx_word' id='word_1_140' title='bbox 1588 2173 1776 2220; x_wconf 84' lang='lat' dir='ltr'>easdem</span> 
     </span>
     <span class='ocr_line' id='line_1_30' title="bbox 325 2252 782 2300; baseline -0.007 0"><span class='ocrx_word' id='word_1_141' title='bbox 325 2254 500 2300; x_wconf 86' lang='lat' dir='ltr'>habeat</span> <span class='ocrx_word' id='word_1_142' title='bbox 523 2252 782 2299; x_wconf 83' lang='lat' dir='ltr'>varietates.</span> 
     </span>
    </p>

    <p class='ocr_par' dir='ltr' id='par_1_10' title="bbox 393 2326 1413 2391">
     <span class='ocr_line' id='line_1_31' title="bbox 393 2326 1413 2391; baseline -0.004 -16"><span class='ocrx_word' id='word_1_143' title='bbox 393 2329 573 2382; x_wconf 86' lang='lat' dir='ltr'>Quarta</span> <span class='ocrx_word' id='word_1_144' title='bbox 595 2327 763 2374; x_wconf 86' lang='lat' dir='ltr'>divisio</span> <span class='ocrx_word' id='word_1_145' title='bbox 788 2336 859 2373; x_wconf 88' lang='lat' dir='ltr'>est</span> <span class='ocrx_word' id='word_1_146' title='bbox 884 2326 1265 2391; x_wconf 84' lang='lat' dir='ltr'>hendecasyllabi</span> <span class='ocrx_word' id='word_1_147' title='bbox 1292 2326 1413 2380; x_wconf 89' lang='lat' dir='ltr'>talis,</span> 
     </span>
    </p>
   </div>
   <div class='ocr_carea' id='block_1_10' title="bbox 556 2413 1376 2470">
    <p class='ocr_par' dir='ltr' id='par_1_11' title="bbox 556 2413 1376 2470">
     <span class='ocr_line' id='line_1_32' title="bbox 556 2413 1376 2470; baseline -0.002 -15"><span class='ocrx_word' id='word_1_148' title='bbox 556 2416 695 2456; x_wconf 68' lang='lat' dir='ltr'>CslStOE</span> <span class='ocrx_word' id='word_1_149' title='bbox 713 2429 816 2470; x_wconf 71' lang='lat' dir='ltr'>quas</span> <span class='ocrx_word' id='word_1_150' title='bbox 839 2428 1089 2454; x_wconf 67' lang='lat' dir='ltr'>veneramur</span> <span class='ocrx_word' id='word_1_151' title='bbox 1108 2413 1182 2454; x_wconf 78' lang='lat' dir='ltr'><em>be</em></span> <span class='ocrx_word' id='word_1_152' title='bbox 1202 2427 1376 2454; x_wconf 68' lang='lat' dir='ltr'><em>SOTOTCS.</em></span> 
     </span>
    </p>
   </div>
   <div class='ocr_carea' id='block_1_11' title="bbox 326 2501 1782 2568">
    <p class='ocr_par' dir='ltr' id='par_1_12' title="bbox 326 2501 1782 2568">
     <span class='ocr_line' id='line_1_33' title="bbox 326 2501 1782 2568; baseline -0.003 -17"><span class='ocrx_word' id='word_1_153' title='bbox 326 2505 454 2552; x_wconf 88' lang='lat' dir='ltr'>Nam</span> <span class='ocrx_word' id='word_1_154' title='bbox 493 2504 671 2568; x_wconf 81' lang='lat' dir='ltr'>cpriore</span> <span class='ocrx_word' id='word_1_155' title='bbox 709 2513 947 2550; x_wconf 85' lang='lat' dir='ltr'>commate</span> <span class='ocrx_word' id='word_1_156' title='bbox 983 2502 1308 2550; x_wconf 86' lang='lat' dir='ltr'>Callimachus</span> <span class='ocrx_word' id='word_1_157' title='bbox 1345 2501 1392 2547; x_wconf 91' lang='lat' dir='ltr'>in</span> <span class='ocrx_word' id='word_1_158' title='bbox 1424 2501 1782 2565; x_wconf 78' lang='lat' dir='ltr'>epigrammati-</span> 
     </span>
    </p>
   </div>
   <div class='ocr_carea' id='block_1_12' title="bbox 329 2692 1784 2958">
    <p class='ocr_par' dir='ltr' id='par_1_13' title="bbox 329 2692 1784 2958">
     <span class='ocr_line' id='line_1_34' title="bbox 381 2692 1784 2744; baseline -0.004 -12"><span class='ocrx_word' id='word_1_159' title='bbox 381 2703 399 2722; x_wconf 87' lang='lat'>2</span> <span class='ocrx_word' id='word_1_160' title='bbox 422 2692 611 2744; x_wconf 64' lang='lat' dir='ltr'>Priapeio]</span> <span class='ocrx_word' id='word_1_161' title='bbox 630 2696 787 2742; x_wconf 78' lang='lat' dir='ltr'>Priapeo</span> <span class='ocrx_word' id='word_1_162' title='bbox 802 2694 848 2730; x_wconf 88' lang='lat' dir='ltr'>V.</span> <span class='ocrx_word' id='word_1_163' title='bbox 876 2695 975 2730; x_wconf 84' lang='lat' dir='ltr'>Tum</span> <span class='ocrx_word' id='word_1_164' title='bbox 995 2693 1091 2744; x_wconf 83' lang='lat' dir='ltr'>vulg.</span> <span class='ocrx_word' id='word_1_165' title='bbox 1109 2699 1293 2731; x_wconf 80' lang='lat' dir='ltr'>commate.</span> <span class='ocrx_word' id='word_1_166' title='bbox 1371 2699 1389 2719; x_wconf 73' lang='grc'><strong>3</strong></span> <span class='ocrx_word' id='word_1_167' title='bbox 1408 2698 1442 2729; x_wconf 79' lang='lat' dir='ltr'>et</span> <span class='ocrx_word' id='word_1_168' title='bbox 1462 2693 1784 2739; x_wconf 78' lang='lat' dir='ltr'>Libens—Priape</span> 
     </span>
     <span class='ocr_line' id='line_1_35' title="bbox 329 2746 1784 2794; baseline -0.003 -9"><span class='ocrx_word' id='word_1_169' title='bbox 329 2763 404 2786; x_wconf 89' lang='lat' dir='ltr'>om.</span> <span class='ocrx_word' id='word_1_170' title='bbox 426 2749 471 2785; x_wconf 89' lang='lat' dir='ltr'>V.</span> <span class='ocrx_word' id='word_1_171' title='bbox 599 2746 620 2774; x_wconf 79' lang='lat' dir='ltr'>b</span> <span class='ocrx_word' id='word_1_172' title='bbox 643 2748 845 2794; x_wconf 79' lang='lat' dir='ltr'>Catullum]</span> <span class='ocrx_word' id='word_1_173' title='bbox 870 2746 985 2783; x_wconf 85' lang='lat' dir='ltr'>Addit</span> <span class='ocrx_word' id='word_1_174' title='bbox 1007 2747 1050 2782; x_wconf 84' lang='lat' dir='ltr'>V.</span> <span class='ocrx_word' id='word_1_175' title='bbox 1075 2747 1380 2794; x_wconf 76' lang='lat' dir='ltr'>Emlecasyllabus</span> <span class='ocrx_word' id='word_1_176' title='bbox 1400 2760 1423 2782; x_wconf 87' lang='lat' dir='ltr'>a</span> <span class='ocrx_word' id='word_1_177' title='bbox 1441 2747 1608 2794; x_wconf 81' lang='lat' dir='ltr'>spondeo.</span> <span class='ocrx_word' id='word_1_178' title='bbox 1652 2747 1784 2781; x_wconf 78' lang='lat' dir='ltr'>Passer</span> 
     </span>
     <span class='ocr_line' id='line_1_36' title="bbox 329 2798 1783 2850; baseline -0.003 -11"><span class='ocrx_word' id='word_1_179' title='bbox 329 2804 455 2839; x_wconf 73' lang='lat' dir='ltr'>delicie</span> <span class='ocrx_word' id='word_1_180' title='bbox 474 2815 548 2838; x_wconf 83' lang='lat' dir='ltr'>mee</span> <span class='ocrx_word' id='word_1_181' title='bbox 563 2803 694 2850; x_wconf 77' lang='lat' dir='ltr'>puelle,</span> <span class='ocrx_word' id='word_1_182' title='bbox 717 2814 740 2836; x_wconf 83' lang='lat' dir='ltr'>a</span> <span class='ocrx_word' id='word_1_183' title='bbox 763 2801 916 2836; x_wconf 75' lang='lat' dir='ltr'>trocheo.</span> <span class='ocrx_word' id='word_1_184' title='bbox 1077 2798 1119 2826; x_wconf 88' lang='lat' dir='ltr'>bb</span> <span class='ocrx_word' id='word_1_185' title='bbox 1141 2813 1160 2835; x_wconf 93' lang='lat'><em>0</em></span> <span class='ocrx_word' id='word_1_186' title='bbox 1181 2799 1317 2836; x_wconf 81' lang='lat' dir='ltr'>inserui</span> <span class='ocrx_word' id='word_1_187' title='bbox 1338 2813 1421 2836; x_wconf 83' lang='lat' dir='ltr'>cum</span> <span class='ocrx_word' id='word_1_188' title='bbox 1445 2798 1622 2836; x_wconf 87' lang='lat' dir='ltr'>Santenio</span> <span class='ocrx_word' id='word_1_189' title='bbox 1643 2798 1688 2834; x_wconf 88' lang='lat' dir='ltr'>ad</span> <span class='ocrx_word' id='word_1_190' title='bbox 1707 2799 1783 2834; x_wconf 84' lang='lat' dir='ltr'>Te·</span> 
     </span>
     <span class='ocr_line' id='line_1_37' title="bbox 330 2850 1782 2904; baseline -0.003 -12"><span class='ocrx_word' id='word_1_191' title='bbox 330 2864 424 2892; x_wconf 90' lang='lat' dir='ltr'>rent.</span> <span class='ocrx_word' id='word_1_192' title='bbox 445 2856 568 2892; x_wconf 89' lang='lat' dir='ltr'>Maur.</span> <span class='ocrx_word' id='word_1_193' title='bbox 593 2868 628 2904; x_wconf 87' lang='lat' dir='ltr'>p.</span> <span class='ocrx_word' id='word_1_194' title='bbox 651 2864 740 2902; x_wconf 84' lang='lat'>373.</span> <span class='ocrx_word' id='word_1_195' title='bbox 850 2860 867 2880; x_wconf 79' lang='lat'><strong>⁰</strong></span> <span class='ocrx_word' id='word_1_196' title='bbox 890 2855 1058 2902; x_wconf 74' lang='lat' dir='ltr'>proprio]</span> <span class='ocrx_word' id='word_1_197' title='bbox 1088 2856 1211 2901; x_wconf 75' lang='lat' dir='ltr'>priore</span> <span class='ocrx_word' id='word_1_198' title='bbox 1230 2854 1276 2889; x_wconf 89' lang='lat' dir='ltr'>V.</span> <span class='ocrx_word' id='word_1_199' title='bbox 1306 2861 1344 2890; x_wconf 88' lang='lat' dir='ltr'>et</span> <span class='ocrx_word' id='word_1_200' title='bbox 1373 2853 1425 2890; x_wconf 87' lang='lat' dir='ltr'>sic</span> <span class='ocrx_word' id='word_1_201' title='bbox 1453 2865 1546 2889; x_wconf 86' lang='lat' dir='ltr'>corr.</span> <span class='ocrx_word' id='word_1_202' title='bbox 1568 2850 1782 2895; x_wconf 82' lang='lat' dir='ltr'>Santenius‚</span> 
     </span>
     <span class='ocr_line' id='line_1_38' title="bbox 329 2905 1685 2958; baseline -0.004 -11"><span class='ocrx_word' id='word_1_203' title='bbox 329 2910 489 2947; x_wconf 86' lang='lat' dir='ltr'>Necnon</span> <span class='ocrx_word' id='word_1_204' title='bbox 504 2909 729 2958; x_wconf 56' lang='lat' dir='ltr'>poematibus</span> <span class='ocrx_word' id='word_1_205' title='bbox 750 2920 815 2957; x_wconf 85' lang='lat' dir='ltr'>pro</span> <span class='ocrx_word' id='word_1_206' title='bbox 836 2907 1162 2955; x_wconf 80' lang='lat' dir='ltr'>epigrammatibus.</span> <span class='ocrx_word' id='word_1_207' title='bbox 1202 2907 1294 2943; x_wconf 87' lang='lat' dir='ltr'>Mox</span> <span class='ocrx_word' id='word_1_208' title='bbox 1315 2905 1397 2943; x_wconf 84' lang='lat' dir='ltr'>dedi</span> <span class='ocrx_word' id='word_1_209' title='bbox 1413 2919 1501 2954; x_wconf 78' lang='lat' dir='ltr'>pars</span> <span class='ocrx_word' id='word_1_210' title='bbox 1521 2918 1586 2956; x_wconf 86' lang='lat' dir='ltr'>pro</span> <span class='ocrx_word' id='word_1_211' title='bbox 1601 2918 1685 2952; x_wconf 79' lang='lat' dir='ltr'>par.</span> 
     </span>
    </p>
   </div>
  </div>
 </body>
</html>
