1962 3355
141 190 250 234 cap,
270 198 312 234 2.
575 185 656 231 De
681 183 858 231 Metris
883 183 1159 230 Oratorum.
1494 195 1591 244 399

142 315 169 334 “
195 327 320 372 agaS,
358 308 534 355 cadunt
568 307 848 371 plerumque
894 313 1191 360 Xnumerose,
1227 306 1429 368 Gorgias
1467 314 1487 345 Y
1499 307 1593 370 pri-

141 392 168 410 ‘⁶
196 403 301 432 mus
332 384 538 431 invenit:
575 383 656 429 sed
689 382 761 429 his
787 391 857 428 est
881 399 993 428 usus
1029 382 1438 446 intemperantius.
1507 384 1593 430 ZId

142 469 168 487 “
196 470 354 508 autem
391 471 460 508 est
497 478 644 524 genus
671 461 742 519 (ut
766 468 874 506 ante
895 459 1079 505 dictum
1105 464 1194 521 est)
1221 477 1278 505 ex
1304 460 1453 506 tribus
1490 478 1593 523 par-

142 545 169 563 “
198 539 322 583 tibus
349 537 671 584 collocationis
697 536 911 583 alterum.
968 535 1149 582 Eorum
1179 545 1376 598 uterque
1413 536 1590 582 Isocra-

143 618 170 638 “
196 623 292 659 tem
328 622 488 660 aaetate
524 613 790 678 praecurrit:
826 622 880 659 ut
914 612 992 658 ille
1024 629 1101 658 eos
1137 612 1473 671 moderatione,
1500 631 1593 659 non

143 690 470 737 “inventione
510 691 682 737 vicerit.
753 690 841 736 Est
878 688 1036 734 benirn
1079 697 1133 734 ut
1174 689 1218 734 in
1262 689 1594 736 transferendis

143 772 171 790 “
197 766 518 829 faciendisque
543 766 694 812 verbis
721 767 1029 830 tranquillior,
1053 766 1120 812 sic
1153 766 1197 812 in
1236 766 1349 830 ipsis
1386 767 1594 813 numeris

143 849 170 868 “
198 843 412 889 sedatior.
465 843 664 906 Gorgias
692 853 850 889 autem
876 843 1054 889 avidior
1078 852 1149 889 est
1173 843 1382 906 ⁰generis
1408 843 1523 904 ejus,
1549 854 1595 889 et

144 919 251 964 “iis
291 920 623 965 festivitatibus
660 920 748 981 (sic
789 920 915 965 enim
956 920 1056 983 ipse
1094 922 1273 979 censet)
1316 920 1594 966 insolentius

144 1002 170 1020 ‘⁶
198 996 438 1041 abutitur:
476 1014 592 1058 quas
629 996 875 1051 Isocrates,
901 1014 1009 1043 cum
1047 1007 1206 1043 tamen
1245 996 1451 1043 audisset
1486 997 1597 1043 ado-

144 1079 171 1096 “
198 1072 375 1117 lescens
396 1073 538 1117 etiam
567 1072 612 1117 in
638 1072 879 1119 Thessalia
907 1092 1068 1120 senem
1095 1074 1197 1136 jam
1225 1075 1470 1137 Gorgiam,
1497 1092 1596 1121 mo-

143 1155 171 1173 “
197 1147 401 1194 deratius
437 1148 757 1211 temperavit.”
826 1149 885 1195 In
921 1148 1041 1194 dalio
1066 1150 1172 1195 loco
1198 1150 1291 1196 sic:
1331 1150 1472 1196 “Sed
1511 1151 1595 1196 bos

143 1232 170 1250 ‘⁴
197 1242 305 1270 cum
342 1225 388 1270 in
414 1224 635 1270 clausulis
674 1223 814 1286 pedes
851 1225 1061 1279 nomino,
1087 1243 1183 1271 non
1219 1226 1387 1288 loquor
1410 1226 1469 1273 de
1500 1245 1596 1273 uno

142 1308 170 1325 ‘⁴
196 1300 315 1364 pede
347 1310 586 1347 extremo:
619 1300 825 1363 adjungo
851 1301 998 1363 (quod
1037 1302 1293 1348 minimum
1330 1302 1408 1364 sit)
1442 1304 1598 1366 proxi-

143 1384 170 1402 “
198 1394 330 1423 mum
366 1377 671 1440 superiorem,
700 1395 823 1441 saepe
858 1377 999 1423 etiam
1036 1378 1241 1424 tertium.
1295 1378 1374 1425 Ne
1410 1379 1596 1426 iambus

142 1460 169 1479 “
196 1453 406 1516 quidem,
444 1454 524 1517 qui
557 1463 628 1500 est
663 1472 688 1499 e
725 1454 852 1500 brevi
885 1463 932 1500 et
967 1455 1123 1518 longa,
1148 1465 1228 1502 aut
1264 1465 1373 1520 epar
1409 1456 1597 1514 choreo,

142 1538 169 1556 ‘⁴
196 1531 277 1593 qui
321 1530 464 1577 babet
499 1540 591 1577 tres
634 1531 811 1588 breves,
854 1529 1135 1596 [trochaeus]
1176 1531 1277 1578 fsed
1312 1534 1464 1597 spatio
1500 1552 1598 1598 par,

142 1615 169 1634 “
197 1626 290 1654 non
317 1608 538 1672 syllabis3
575 1617 656 1654 aut
679 1608 822 1654 etiam
851 1608 1084 1671 dactyIUS,
1110 1608 1190 1671 qui
1225 1617 1295 1654 cst
1327 1627 1352 1655 e
1386 1610 1527 1674 longa
1552 1623 1599 1656 et

143 1692 169 1710 ‘⁴
196 1685 379 1731 duabus
415 1685 652 1740 brevibus,
690 1686 725 1731 si
768 1695 837 1731 est
873 1685 1119 1749 proximus
1157 1703 1182 1730 a
1217 1695 1471 1748 postremo,
1517 1704 1599 1750 pa-

144 1768 171 1786 “
197 1779 302 1807 rum
328 1761 597 1807 volubiliter
629 1762 842 1825 pervenit
874 1761 933 1807 ad
964 1770 1251 1818 extremum,
1277 1761 1312 1806 si
1346 1770 1417 1807 est
1448 1770 1600 1807 extre-

144 1845 171 1862 “
198 1856 304 1884 mus
337 1839 536 1884 choreus
570 1847 650 1884 aut
691 1837 944 1901 spondeus.
1001 1837 1267 1900 Nunquam
1299 1837 1424 1883 enim
1456 1837 1599 1884 inter-

144 1922 171 1939 “
198 1925 283 1971 est,
310 1924 412 1960 uter
436 1915 496 1960 sit
519 1932 681 1960 eorum
710 1914 755 1960 in
782 1914 901 1977 pede
926 1923 1155 1960 extremo.
1216 1914 1306 1960 Sed
1333 1915 1476 1961 iidem
1506 1924 1597 1961 tres

145 2000 172 2017 “
200 1991 341 2054 pedes
379 1991 501 2037 male
538 1990 902 2047 concluduntur,
928 1991 964 2036 si
991 1990 1095 2053 quis
1121 2007 1282 2037 eorum
1314 1991 1360 2036 in
1385 2000 1599 2037 extremo

145 2074 172 2092 ‘⁴
200 2068 378 2114 locatus
408 2076 491 2124 est,
517 2067 603 2112 nisi
640 2084 726 2130 pro
757 2067 930 2113 cretico
965 2075 1232 2130 postremus
1261 2076 1331 2114 est
1367 2067 1597 2131 dactylus.

144 2152 171 2170 ‘⁶
197 2144 335 2191 Nihil
362 2144 487 2189 enim
527 2143 735 2199 interest,
760 2143 977 2207 dactylus
1014 2143 1073 2188 sit
1096 2152 1336 2189 extremus
1373 2161 1433 2190 an
1463 2143 1600 2190 creti-

144 2228 172 2246 “
199 2239 306 2267 cus:
342 2220 489 2282 gquia
523 2229 763 2283 postrema
788 2220 967 2283 syllaba
995 2219 1145 2265 brevis
1181 2237 1239 2265 an
1277 2220 1417 2283 longa
1442 2220 1516 2277 sit,
1540 2239 1599 2266 ne

144 2298 244 2344 “in
282 2297 449 2345 hversu
479 2296 669 2360 quidem
709 2297 864 2342 refert.
935 2296 1094 2348 Quare
1129 2295 1272 2342 etiam
1309 2295 1493 2360 ipaeana
1518 2297 1598 2359 qui

145 2382 171 2399 “
199 2374 320 2420 dixit
356 2374 601 2438 aptiorem,
637 2374 685 2419 in
722 2390 817 2436 quo
850 2380 972 2418 esset
1010 2372 1147 2434 longa
1185 2383 1438 2435 postrema,
1473 2372 1601 2419 videt

145 2458 172 2475 “
199 2468 394 2514 parum:
432 2450 657 2512 quoniam
698 2449 814 2495 nihil
854 2448 910 2494 ad
948 2466 1044 2495 rem
1073 2457 1157 2506 est,
1184 2458 1422 2513 postrema
1447 2450 1599 2496 brevis

198 2655 217 2674 Χ
239 2648 428 2695 numeros]
455 2659 650 2684 numerose
667 2649 764 2684 Ven.
787 2648 871 2685 Ald.
941 2654 956 2677 Y
976 2650 1117 2699 primus
1139 2662 1215 2686 om.
1240 2650 1332 2686 Ven.
1349 2649 1432 2686 Ald.
1504 2656 1522 2675 Ζ
1542 2648 1594 2695 id]

144 2701 244 2750 quod
269 2701 361 2736 Ven.
490 2707 509 2726 a
528 2708 637 2737 aetate
658 2703 865 2750 praecurrit]
891 2702 1063 2750 praecurri
1084 2710 1194 2738 aetate
1213 2703 1310 2739 Ven.
1441 2701 1460 2730 b
1480 2702 1597 2748 enini]

145 2764 267 2790 autem
292 2754 384 2790 Ven.
495 2760 512 2779 0
530 2753 692 2803 generis]
717 2754 876 2791 nominis
896 2756 994 2791 Ven.
1105 2753 1126 2782 d
1145 2756 1234 2803 alio]
1259 2757 1363 2792 Orat.
1385 2768 1415 2791 c.
1438 2755 1499 2801 64.
1555 2756 1600 2790 ln

145 2808 218 2844 alio
238 2807 321 2843 loco
342 2806 394 2843 sic
415 2819 488 2842 om.
512 2807 605 2843 Ven.
628 2819 713 2843 cum
733 2807 879 2845 lacuna.
951 2816 968 2836 e
988 2821 1053 2857 par
1074 2810 1146 2856 est]
1170 2817 1226 2845 est
1245 2822 1320 2845 om.
1341 2809 1433 2844 Ven.
1509 2805 1601 2843 fsed

145 2875 219 2897 om.
245 2861 336 2897 Ven.
448 2866 469 2894 g
488 2860 590 2908 quia]
615 2861 676 2908 qui
698 2861 793 2896 Ven.
903 2859 925 2886 h
945 2862 1066 2908 versu]
1090 2874 1197 2898 cursu
1215 2862 1309 2898 Ven.
1421 2859 1431 2886 i
1452 2860 1597 2909 paeana]

147 2927 277 2963 paeona
298 2915 394 2950 Ven.
418 2926 502 2949 mox
524 2912 718 2949 arctiorem
741 2913 824 2948 Ald.
846 2913 943 2949 Ven.

1614 1168 1657 1198 34

1620 1854 1656 1884 35
