1962 3355
115 205 220 235 CAP.
243 199 286 236 5.
469 190 549 235 De
566 189 825 252 generibus
850 195 1103 234 metrorum
1130 191 1205 250 ᾃτ.
1474 198 1559 235 153

181 309 274 355 His
327 309 663 372 ”Logaoediaci
725 308 862 355 metri
920 307 1144 371 speciem,
1190 324 1295 368 quae
1341 313 1387 352 et
1432 305 1562 351 Eno-
1579 325 1601 358 9

113 385 237 448 plius
262 394 309 431 et
332 385 651 432 Archebulius
674 385 860 439 dicitur,
888 401 980 429 non
1008 382 1207 429 absurde.
1233 381 1561 443 conjunxerim

114 460 307 522 adaeque
331 461 550 525 dactylici
578 461 714 507 metri
742 460 970 515 sobolem,
989 459 1170 505 scilicet
1194 475 1301 504 cum
1322 457 1563 503 trochaica

113 536 212 581 basi
246 553 403 582 versus
442 537 678 583 clauditur
717 535 902 581 duobus
941 535 1011 580 vel
1048 534 1198 580 tribus
1226 534 1298 580 vel
1340 542 1564 596 quattuor

112 611 312 674 dactylis
328 613 666 676 praeeuntibus,
684 620 825 676 prout
844 610 1065 657 carminis
1094 627 1313 655 mensura
1339 618 1419 656 aut
1442 609 1562 654 ratio

110 688 345 749 exegerit:
383 687 516 749 cujus
542 688 725 751 generis
750 696 821 733 est
845 686 989 732 etiam
1016 685 1121 740 hoc,
1141 685 1268 747 quod
1294 702 1351 731 ex
1377 685 1562 731 duobus

111 762 311 826 dactylis
347 773 394 810 et
424 764 610 811 duobus
640 763 939 811 connectitur
962 762 1198 818 trochaeis,
1223 772 1270 808 et
1299 762 1564 826 appellatur

109 839 358 886 Alcaicum
383 839 752 904 decasyllabum,
778 848 830 885 ut
854 847 940 894 est,

309 915 506 962 Laurea
530 914 746 979 nycteleo
772 931 958 961 corona.

112 989 233 1036 Item
261 1009 285 1036 e
310 991 460 1037 tribus
485 991 686 1055 dactylis
711 1001 756 1037 et
781 991 966 1037 duobus
992 991 1227 1047 trochaeis,
1252 999 1319 1049 ut,
1581 999 1619 1020 ¹0

247 1067 662 1131 Quadrupedante
684 1069 838 1114 ⁰venit
854 1068 977 1129 pede
993 1068 1183 1130 primus
1207 1077 1390 1130 Peques.

112 1142 294 1189 Rursus
319 1161 344 1188 e
369 1152 594 1205 quattuor
618 1152 665 1189 et
688 1143 874 1189 duobus
900 1143 1134 1199 trochaeis,
1160 1152 1225 1197 ut,

242 1219 509 1266 Romulidce
523 1219 712 1281 pedites
735 1219 955 1265 Arabum
974 1219 1169 1281 populis
1193 1220 1347 1265 amici.

110 1294 230 1346 Quae
277 1295 455 1357 species
498 1303 545 1340 et
584 1294 631 1340 in
680 1294 968 1357 anapaestico
1008 1312 1144 1340 versu
1187 1295 1461 1358 reperietur,
1498 1296 1563 1342 ita

109 1370 373 1429 dumtaxat,
403 1380 455 1417 ut
490 1380 730 1436 postrema
764 1371 865 1432 ejus
903 1371 1111 1418 clausula
1149 1372 1345 1418 bacchio
1373 1390 1398 1418 a
1434 1373 1561 1419 brevi

109 1446 366 1510 incipiente
402 1448 696 1504 terminetur,
727 1456 774 1493 et
815 1465 900 1511 pro
937 1457 1174 1512 anapaesto
1214 1465 1561 1510 nonnunquam

109 1523 345 1586 spondeus
370 1532 586 1587 ponatur.
658 1524 864 1570 Duobus
902 1534 1061 1571 autem
1100 1524 1321 1588 spondeis
1350 1525 1562 1589 plerum·
1584 1548 1617 1569 ιι

110 1617 217 1662 que,
254 1609 305 1646 ut
345 1601 393 1646 in
437 1601 579 1646 heroo
622 1601 900 1647 hexametro
935 1601 1239 1665 reperiemus,
1277 1602 1313 1647 si
1354 1610 1557 1647 metrum

108 1675 368 1732 claudatur,
393 1676 685 1740 spondaizon
711 1694 887 1734 versus,
904 1686 956 1723 ut
981 1677 1028 1723 in
1053 1678 1208 1741 primo
1232 1677 1352 1723 libro
1376 1677 1560 1724 dictum

108 1762 194 1807 est,
220 1752 551 1816 appellabitur.
624 1752 920 1816 Spondaicus
956 1754 1083 1799 enim
1121 1762 1173 1799 ut
1205 1753 1472 1800 trochaicus
1514 1762 1562 1800 et

108 1829 341 1874 iambicus
381 1846 438 1874 ex
480 1828 703 1875 omnibus
745 1829 966 1892 spondeis
1008 1829 1233 1883 subsistit,
1269 1829 1345 1875 cui
1382 1829 1418 1874 si
1461 1847 1562 1875 mo-

108 1904 287 1949 lossum
320 1903 546 1949 ultimum
582 1903 821 1964 adjeceris,
849 1906 930 1951 fiet
953 1905 1248 1951 Laconicum
1286 1914 1491 1951 metrum
1535 1924 1561 1952 e

108 1979 383 2043 quindecim
409 1979 579 2041 longis,
604 1979 683 2034 ita,

239 2055 455 2117 Hispani
480 2055 591 2101 duri
614 2055 880 2102 desciscunt
904 2074 932 2102 a
955 2058 1187 2103 Romanis
1208 2058 1423 2104 victores.

107 2131 213 2177 Nec
250 2131 408 2177 minus
447 2149 471 2176 e
508 2125 809 2195 pentametro
848 2150 983 2178 versu
1029 2133 1339 2195 anapaesticus
1387 2135 1560 2195 figura·
1582 2155 1618 2175 12

107 2208 250 2263 bitur,
280 2217 362 2253 qut
385 2217 501 2271 puta
526 2225 636 2254 cum
668 2225 725 2253 ex
761 2208 967 2271 dactylo,
997 2209 1224 2273 spondeo,
1249 2218 1296 2255 et
1321 2219 1560 2274 anapaesto

107 2284 346 2341 subsistat,
377 2284 561 2346 adjecto
598 2284 644 2330 in
684 2285 896 2346 qualibet
927 2286 1037 2333 sede
1065 2303 1225 2332 versus
1261 2286 1331 2332 sui
1374 2286 1558 2349 generis

105 2360 240 2425 pede,
266 2361 362 2407 sive
385 2360 592 2423 dipodia,
617 2378 711 2423 quo
736 2362 819 2406 fiat
842 2362 1048 2425 tragicus
1074 2381 1155 2409 seu
1181 2363 1416 2410 comicus:
1453 2371 1520 2419 ut,

244 2435 426 2500 Tiphys
452 2443 498 2482 et
520 2436 829 2484 Automedon
854 2438 989 2485 dicar
1013 2456 1177 2486 amore
1194 2446 1378 2502 potens.

106 2512 253 2560 Vides
288 2522 642 2577 pentametrum
683 2514 975 2577 elegiacum3
1014 2515 1198 2577 adjecto
1222 2532 1328 2562 mea
1364 2515 1449 2562 luoe
1471 2514 1560 2561 erit
1581 2524 1616 2554 13

161 2677 181 2696 n
203 2671 458 2720 Logaoediaci]
482 2671 722 2708 Locaoediam
743 2673 784 2710 P.
924 2683 942 2700 0
962 2672 1079 2720 venit]
1105 2672 1139 2710 ei
1160 2681 1197 2710 et
1215 2674 1259 2710 P.
1389 2681 1408 2708 Ρ
1427 2673 1556 2722 eques]

106 2736 246 2772 equens
266 2724 304 2759 P.
416 2732 435 2759 q
455 2726 605 2774 utpote]
630 2733 761 2775 utpute
784 2726 823 2762 P.

165 2853 226 2878 10.
260 2843 391 2890 eques]
426 2843 499 2878 Pro
533 2855 636 2889 eques
675 2842 805 2878 similis
861 2856 944 2878 cum
1003 2844 1081 2880 haec
1138 2845 1291 2891 διβραχὺς
1345 2843 1404 2879 sit.
1476 2842 1558 2877 CA-

107 2894 231 2943 aliqua
243 2895 459 2944 reponenda
479 2895 592 2932 dictio
605 2895 804 2939 trochaica,
864 2896 902 2931 M
912 2896 992 2932 ER.

932 2972 965 3001 X
