1962 3355
140 245 246 277 cAP.
272 241 342 277 12.
491 231 573 275 De
598 229 815 275 trimetro
837 243 978 273 versu
1002 224 1217 271 iambico.
1500 232 1587 281 173

140 352 435 415 petiverunt:
473 361 543 398 est
568 351 694 397 enirn
714 348 889 412 jocosis
916 346 1125 393 motibus
1148 345 1414 392 emollitum
1448 345 1590 408 gesti-

141 429 322 491 busque
350 429 589 492 agentium
618 426 728 473 satis
750 422 1180 472 accommodatum.
1219 421 1352 467 Idem
1374 421 1593 467 Archilo-
1614 442 1648 474 15

139 506 257 552 chus
282 524 341 552 ex
366 506 581 552 trimetro
606 501 875 567 supradicto
896 500 1125 562 syllabam
1148 497 1402 544 auferendo
1417 497 1593 544 bmodo

139 600 164 628 e
190 583 360 646 capite,
387 581 531 628 modo
556 598 613 626 ex
640 580 801 625 infima
825 585 973 641 parte,
997 575 1092 621 duo
1113 591 1284 638 genera
1309 574 1594 637 composuit,

140 677 342 722 quorum
370 660 569 705 alterum
597 655 753 704 Graeci
778 654 996 713 ἀκέφαλον,
1013 652 1210 697 alterum
1233 649 1414 705 κολοβὸν,
1431 649 1592 712 cquasi

138 745 344 792 curtum,
370 736 465 782 sive
492 736 700 789 σκάζοντα,
725 730 770 777 id
796 738 867 776 est
891 728 1129 784 claudum,
1149 737 1195 774 et
1220 726 1329 772 ideo
1353 725 1594 789 χωλιαμβόυ

140 812 375 858 dixerunt.
446 810 740 873 Exemplum
765 805 996 869 Acephali
1025 804 1226 851 trimetri
1253 803 1354 861 erit,

271 889 502 951 Juppiter
523 886 696 934 salutis
721 884 903 931 arbiter
925 900 1049 929 meae.

141 965 284 1022 Item,

275 1041 367 1087 Est
393 1040 516 1086 celer
539 1038 779 1085 Phaselus
804 1037 887 1084 ille
910 1054 1049 1101 quem
1071 1036 1217 1083 vides.

142 1118 275 1164 Huic
300 1117 430 1163 enim
467 1117 504 1162 si
538 1115 760 1177 adjeceris
796 1132 940 1160 unam
979 1114 1227 1176 syllabam,
1251 1112 1339 1159 erit
1361 1112 1594 1160 iambicus
1617 1124 1655 1156 16

141 1195 336 1257 integer,
360 1193 441 1246 sic,

271 1270 389 1316 Jam
411 1269 642 1331 Juppiter
664 1267 838 1314 salutis
862 1266 1045 1312 arbiter
1068 1282 1192 1312 mece.

142 1348 284 1401 Item,

274 1424 430 1471 Adest
455 1423 580 1470 celer
602 1421 846 1470 Plzaselus
870 1421 954 1468 ille
978 1437 1116 1485 quem
1139 1420 1282 1466 vides.

142 1502 344 1548 Curtum
380 1510 538 1548 autem
578 1518 660 1563 per
692 1498 1034 1546 detractionem
1061 1497 1242 1544 ultimae
1268 1495 1461 1559 syllabae
1485 1494 1599 1541 fecit

143 1577 433 1641 hujusmodi.
502 1577 797 1640 Exemplum
826 1575 913 1621 erit
938 1574 1063 1638 apud
1090 1573 1347 1619 Horatium
1373 1572 1483 1628 tale,

276 1655 373 1701 Seu
390 1661 560 1716 poseat
583 1653 789 1718 dagnam
812 1653 913 1699 Sive
936 1651 1075 1698 malit
1099 1651 1240 1697 lzcedo.

144 1732 278 1779 Huic
304 1731 338 1777 si
366 1741 384 1761 θ
400 1731 622 1794 adjeceris
649 1730 896 1794 syllabam,
924 1729 1011 1775 erit
1033 1728 1215 1790 integer
1238 1725 1465 1779 trimeter,
1485 1725 1565 1782 sic,

278 1809 374 1856 Seu
393 1816 559 1871 poscat
584 1807 783 1872 sagnam
806 1808 905 1854 sive
929 1804 1069 1852 malit
1091 1802 1294 1850 lzoedulo.

145 1885 201 1931 Id
228 1895 385 1931 autem
414 1886 472 1930 ab
498 1885 703 1931 Horatio
728 1883 1005 1946 exemplum
1038 1879 1341 1944 protulimus,
1368 1886 1419 1924 ut
1444 1885 1599 1923 osten-

143 1961 379 2018 deremus,
403 1960 529 2006 unde
554 1960 599 2006 id
627 1968 784 2006 noster
808 1959 981 2022 lyricus
1006 1957 1219 2002 imitatus
1245 1956 1320 2001 sit.

211 2038 300 2083 Est
324 2046 371 2083 et
396 2038 538 2082 altera
559 2036 737 2100 species
756 2035 955 2081 trimetri
977 2033 1225 2089 scazontis,
1242 2049 1385 2094 quam
1408 2030 1599 2093 Hippo-
1623 2053 1657 2086 ¹7

145 2132 236 2161 nax
270 2114 512 2160 induxisse
549 2113 839 2177 perhibetur,
876 2111 1009 2173 cujus
1047 2108 1332 2173 compositio
1367 2107 1473 2153 talis
1515 2115 1599 2163 est,

144 2202 196 2238 ut
215 2191 421 2238 secunda
446 2192 504 2236 ab
529 2190 698 2237 ultima
724 2207 911 2253 semper
937 2188 1118 2252 syllaba
1144 2188 1284 2249 longa
1308 2193 1527 2249 ponatur,
1552 2184 1598 2230 id

144 2277 228 2325 est,
252 2278 302 2314 ut
326 2286 419 2314 non
447 2267 606 2313 iambo
627 2275 776 2323 sexto,
797 2265 875 2311 sed
902 2264 1112 2328 spondeo
1136 2262 1257 2327 pede
1277 2271 1358 2308 aut
1377 2261 1600 2317 trochaeo,

144 2355 308 2391 contra
344 2362 488 2407 quam
526 2344 601 2390 lex
639 2343 784 2389 iambi
819 2342 1041 2405 postulat,
1064 2341 1366 2386 terminetur:
1411 2338 1602 2384 merito-

145 2439 236 2484 que
262 2440 286 2467 a
313 2421 496 2468 Graeeis
520 2420 786 2484 appellatur
810 2436 996 2475 scazon,
1014 2417 1062 2463 id
1087 2426 1173 2473 est,
1191 2415 1403 2463 claudus.
1456 2413 1599 2460 Unde
1623 2424 1659 2455 18

145 2497 490 2544 observandum
540 2505 626 2553 est,
664 2514 725 2541 ne
773 2495 1027 2559 spondeus,
1071 2494 1140 2539 vel
1182 2493 1263 2555 qui
1303 2509 1361 2538 ex
1398 2509 1454 2537 eo
1492 2509 1601 2555 pro-

145 2583 343 2629 creatur,
363 2573 472 2619 sede
497 2573 662 2635 quinta
687 2572 734 2617 in
762 2571 853 2617 hoc
871 2588 1006 2617 versu
1033 2578 1263 2633 ponatur;
1291 2586 1351 2615 ne
1377 2576 1603 2631 quattuor

137 2651 319 2714 jugiter
336 2651 491 2714 longae
509 2666 652 2695 omne
667 2648 911 2694 destruant
928 2658 1150 2694 metrum.
1186 2646 1292 2692 Erit
1309 2646 1357 2691 in
1378 2645 1601 2707 exemplo

146 2744 305 2773 versus
332 2726 424 2783 hic,

200 2869 220 2897 b
243 2871 354 2907 modo
374 2872 412 2918 e]
437 2883 457 2907 e
478 2872 519 2907 P.
712 2876 728 2895 c
748 2869 869 2917 quasi]
893 2867 1027 2919 quibus
1047 2869 1089 2905 P.
1274 2867 1290 2890 ‘¹
1308 2866 1421 2916 agna]
1445 2868 1540 2914 agna
1557 2865 1600 2900 P.

147 2932 163 2951 e
184 2923 378 2973 adjeceris]
401 2922 578 2974 adjecerit
596 2924 638 2960 P.
748 2921 764 2949 f
781 2923 894 2973 agna]
918 2935 1054 2973 agnam
1075 2922 1117 2958 P.
