1962 3355
126 196 231 228 cAP.
254 193 329 229 28.
603 182 684 228 De
707 181 873 227 metris
896 179 1113 226 Horatii.
1485 187 1580 238 357

126 305 317 350 Graecus
343 314 414 350 est
439 303 569 350 ztalis
607 338 860 349 ......
898 301 1026 363 quod
1065 310 1269 347 metrum
1305 301 1500 363 quidam
1537 310 1584 348 et
1603 321 1638 342 21

124 381 410 426 Ascronium
446 387 631 435 vocant,
666 377 880 442 plerique
920 394 1107 423 versum
1144 385 1299 424 totum
1341 394 1398 423 ex
1439 377 1583 423 heroo

125 455 303 503 factum
329 474 414 520 per
438 455 752 518 adjectionem
779 454 917 500 unius
943 454 1139 517 syllabae
1164 454 1315 500 tertiae
1342 464 1450 500 ante
1473 454 1585 499 ulti-

128 549 253 578 mam
281 532 517 579 dixerunt.
586 532 652 578 Et
679 540 812 595 parte
838 531 1022 578 sublata
1048 532 1144 577 sive
1170 539 1354 577 mutata
1379 530 1580 576 formam

127 607 388 655 hexametri
415 607 596 672 recipit,
619 616 687 664 ut,

297 685 489 726 Solvitur
509 686 620 725 acris
640 684 780 740 hyems
795 691 930 741 gruta
952 684 1037 724 vice
1059 685 1170 724 veris
1191 689 1229 724 et
1248 684 1366 732 anni,

125 741 216 795 vel,

296 807 487 847 Solvitur
507 808 618 847 acris
637 807 777 863 hyems
792 812 927 863 gruta
949 808 1035 847 vice
1056 820 1150 847 vere
1171 806 1352 846 Favoni.
1413 854 1427 868 .

124 878 371 925 Secundus
395 897 571 936 versus,

302 955 576 1011 Truhuutque
597 957 726 996 siccas
747 956 948 996 maohinae
968 957 1153 1005 carinas,

124 1027 303 1090 syllaba
329 1028 512 1074 brevior
536 1038 606 1075 est
631 1046 771 1091 quam
799 1029 1010 1074 trimeter
1040 1028 1292 1085 iambicus,
1317 1045 1460 1091 quare
1496 1045 1579 1092 po-

123 1104 211 1151 sita
236 1105 302 1151 sic
326 1104 560 1167 expletur,

300 1180 576 1235 Trahuntque
595 1181 724 1220 siccas
745 1180 946 1220 machinae
965 1181 1197 1220 carinulas.

1603 925 1640 945 22

121 1254 210 1299 Vel
238 1253 274 1299 si
301 1253 436 1299 malis
463 1262 684 1299 scazonta
709 1253 878 1308 facere,

300 1328 574 1383 Truhuntque
595 1330 724 1369 siccas
745 1329 946 1369 machinse
966 1330 1196 1370 carinatas.

120 1399 464 1446 aArchilochus
503 1437 752 1447 ......
824 1401 879 1446 In
905 1401 1196 1448 Archilocho
1224 1410 1297 1448 est
1332 1403 1578 1449 attenden-

120 1475 252 1522 dum.
309 1476 457 1523 Hunc
477 1476 671 1540 quidam
694 1476 1146 1541 hendecasyllabum
1172 1478 1577 1526 bArchilocheum

119 1552 360 1611 dixerunt,
384 1561 452 1610 ut,
472 1591 480 1599 .
502 1591 511 1600 .
535 1591 543 1599 .
567 1591 576 1599 .

239 1693 298 1746 [1.
319 1692 381 1746 5.]
416 1693 520 1739 Quis
543 1692 671 1732 multa
686 1693 869 1748 gracilis
891 1699 927 1733 te
944 1707 1053 1748 puer
1072 1695 1119 1733 in
1139 1709 1237 1735 rosa
1599 1711 1636 1739 23

406 1760 616 1814 Perfusus
636 1761 808 1816 liquidis
829 1766 955 1816 urget
974 1761 1168 1802 odoribus

409 1829 539 1867 Grato
560 1828 732 1883 Pyrrha
751 1828 827 1868 sub
847 1834 971 1868 antro

408 1897 489 1936 Cui
494 1897 663 1950 flavam
685 1895 844 1950 religas
866 1909 1035 1935 comam.

123 1979 304 2033 Quinta
341 1979 429 2025 ode
465 1979 609 2025 habet
633 1978 750 2025 duos
783 1979 961 2042 primos
997 1979 1347 2043 Asclepiadeos,
1384 1980 1576 2026 tertium

120 2055 508 2112 Anacreontium‚
562 2064 756 2118 quartus
812 2055 1121 2119 Glyconicus‚
1160 2056 1218 2102 de
1260 2058 1433 2119 quibus
1472 2056 1576 2118 jam

119 2132 343 2190 diximus,
367 2132 550 2196 Priapei
581 2132 669 2180 erit
701 2150 823 2196 pars,
847 2133 1101 2197 praeposito
1125 2141 1286 2180 tamen
1313 2133 1579 2197 Glyconico

120 2209 201 2266 sic,

293 2276 374 2315 Cui
380 2276 550 2330 flavam
572 2275 731 2331 religas
752 2289 908 2315 comam

293 2342 426 2383 Grato
445 2342 621 2397 Pyrrha
638 2342 714 2383 sub
736 2348 873 2383 antro.

118 2421 245 2467 Talis
271 2420 349 2467 hic
374 2421 526 2483 qualis
553 2421 646 2478 ille,

290 2497 587 2552 Immotumque
607 2497 683 2537 coli
703 2497 815 2538 dedit
835 2504 873 2539 et
893 2503 1146 2539 contemnere
1169 2504 1320 2539 ventos.

120 2580 244 2626 Item
271 2579 357 2625 hos
382 2579 419 2625 si
436 2580 611 2644 jungas
636 2580 761 2628 idem
789 2582 914 2628 cfiet.
954 2581 1169 2645 Utraque
1194 2582 1296 2629 haec
1322 2600 1428 2646 pars
1450 2584 1579 2630 Ana-

120 2663 325 2702 creontis
351 2664 436 2702 est.

174 2806 192 2825 2
213 2798 314 2847 talis]
337 2800 427 2835 Post
448 2799 483 2834 h.
503 2811 534 2834 v.
552 2799 681 2836 eadem
702 2799 837 2836 lacuna
856 2799 895 2837 in
913 2801 957 2837 V.
979 2814 1062 2850 quae
1078 2800 1117 2837 in
1134 2800 1326 2851 impresso.
1360 2801 1445 2837 Vid.
1466 2813 1497 2837 c.
1516 2801 1576 2837 26.

121 2859 141 2880 a
161 2853 398 2889 Archilochus
420 2880 562 2889 ......
567 2854 582 2900 ]
611 2853 868 2890 Archilochum
892 2861 985 2902 ολμον
1009 2871 1116 2891 κακον.
1157 2856 1200 2890 In
1220 2855 1436 2891 Archilocho
1456 2859 1507 2889 est
1528 2855 1573 2890 V.

120 2903 141 2932 b
162 2906 435 2953 Archilochum]
460 2906 728 2943 Archilochium
747 2908 793 2942 V.
958 2908 1069 2956 cfiet]
1093 2908 1140 2944 V.
1162 2907 1265 2944 addit
1283 2924 1432 2955 ‘yovuofam
1453 2923 1502 2943 σε.
