1962 3355
162 186 268 217 CAP.
290 179 366 218 28.
691 171 773 217 De
797 171 1099 233 anapoestico.
1516 176 1606 214 481

226 292 338 339 Hoc
362 301 519 338 autem
549 301 749 337 metrum
780 292 838 337 ab
863 300 884 321 v
900 290 1105 337 iambico
1129 290 1288 346 distat,
1306 289 1433 352 quod
1461 292 1505 334 iu
1533 288 1613 334 illo
1634 307 1649 326 2

158 369 444 415 combinatis
473 378 502 398 w
520 367 735 432 pedibus,
761 367 806 413 id
844 376 915 412 est
941 366 1139 430 singulis
1163 365 1614 420 combinationibus,

158 445 450 509 praeponitur
476 445 676 508 quilibet
713 462 794 507 pes
827 443 885 489 de
921 460 1060 506 supra
1093 441 1366 488 memoratis
1403 441 1615 503 quinque

158 521 373 584 pedibUS,
410 531 457 568 et
493 520 795 584 subjungitur
831 537 952 566 unus
990 518 1048 565 de
1085 519 1234 565 tribus
1272 518 1353 581 qui
1393 535 1450 564 ex
1486 516 1613 562 brevi

159 606 407 644 constant:
451 597 497 643 in
535 597 775 643 trochaico
813 614 919 643 vero
945 613 1076 642 versa
1099 595 1201 641 vice
1237 595 1401 658 primae
1437 593 1618 641 combi-

161 674 338 719 nationi
366 675 655 738 praeponitur
681 691 800 720 unus
825 673 882 718 de
915 672 1081 728 tribus,
1105 681 1152 718 et
1176 672 1290 717 item
1317 671 1619 734 subjungitur

160 750 361 812 quilibet
384 751 441 797 de
466 751 676 814 quinque
701 750 914 814 pedibus.

445 914 563 961 CAP.
588 914 837 960 XXVIII.
889 912 970 958 DE
995 927 1331 959 ANAPAEsTlco.

228 1013 582 1076 Anapaesticum
621 1022 823 1058 metrum
852 1020 936 1066 est,
963 1009 1089 1073 quod
1118 1019 1198 1056 aut
1222 1009 1354 1055 Χ5010
1379 1008 1481 1072 ipso
1512 1025 1622 1054 ana-

162 1098 312 1151 paesto
338 1098 536 1143 constat,
563 1098 673 1135 yaut
706 1088 941 1149 adjunctis
974 1104 1082 1132 cum
1122 1104 1194 1143 eo,
1220 1094 1360 1149 prout
1384 1085 1479 1130 fors
1504 1085 1624 1130 tule-

162 1164 235 1218 rit,
262 1165 486 1228 spondeo,
510 1166 789 1222 Ztribracho,
814 1164 1020 1227 dactylo,
1090 1162 1183 1209 Sed
1218 1162 1464 1225 dactylum
1504 1179 1625 1207 nun-

163 1258 308 1303 quam
343 1242 551 1306 arecipit,
589 1242 675 1288 nisi
718 1242 761 1287 in
803 1239 980 1287 dextris
1020 1238 1237 1303 pedibus,
1274 1238 1345 1283 vel
1383 1254 1624 1300 quemque

162 1334 220 1362 ex
258 1317 350 1363 illis
387 1318 504 1363 aliis.
576 1318 631 1364 Iu
671 1317 868 1363 sinistris
907 1333 1016 1362 vero
1057 1315 1320 1379 quemlibet
1362 1331 1419 1359 ex
1458 1314 1624 1369 tribus,

161 1402 302 1457 prout
337 1411 407 1439 res
444 1393 667 1457 exegerit,
694 1402 826 1439 extra
859 1392 1122 1456 dactylum,
1148 1390 1432 1455 spondeum,
1457 1390 1625 1436 tribra-

162 1469 325 1527 chum,
350 1478 659 1533 anapaestum.
733 1469 844 1516 Hoc
870 1479 1075 1516 metrum
1103 1469 1338 1515 catalexin
1362 1468 1489 1525 facit,
1514 1468 1625 1514 baut

162 1545 319 1592 ionico
357 1545 432 1592 ἀπὸ
470 1547 659 1607 μείζονος,
701 1557 781 1593 aut
817 1546 892 1592 ἀπὸ
931 1548 1160 1603 ἐλάσσονος,
1198 1556 1278 1593 aut
1317 1546 1363 1591 in
1404 1545 1626 1602 molosso,

165 1631 244 1668 aut
277 1623 323 1668 in
359 1641 526 1686 paeone
551 1635 734 1687 quarm,
760 1634 840 1670 aut
874 1624 919 1669 in
956 1624 1248 1670 choriambo.
1318 1621 1449 1668 Scire
1486 1621 1627 1667 debe-

167 1717 272 1746 mus
311 1710 411 1746 tum
440 1700 636 1747 demum
664 1701 709 1746 in
738 1701 910 1746 ultimo
933 1700 1256 1764 ctrisyllabum
1293 1698 1383 1744 hoc
1417 1707 1623 1743 metrum

165 1776 430 1832 admittere,
455 1795 563 1824 eum
589 1778 635 1823 in
663 1777 930 1841 penultimo
957 1777 1061 1822 loco
1086 1774 1380 1839 dspondeum
1410 1774 1568 1819 habet.

232 1853 353 1898 eAlii
396 1853 454 1899 de
491 1853 657 1899 eodem
698 1853 790 1899 sic:
841 1853 1179 1916 anapaesticum
1222 1860 1424 1896 metrum
1459 1849 1659 1913 recipit2

165 1930 308 1994 pedes
350 1941 587 1993 quattuor,
623 1930 884 1993 dactylum,
921 1929 1202 1992 spondeum,
1240 1927 1627 1990 proceleusmati-

219 2115 239 2133 V
260 2107 437 2155 iambico]
464 2109 580 2143 iambo
601 2108 693 2143 AB.
832 2114 859 2131 w
881 2106 1038 2156 pedibus
1060 2105 1295 2156 subjungitur
1317 2117 1411 2140 unus
1427 2104 1473 2140 de
1495 2103 1624 2146 tribus,

166 2161 227 2210 qui
249 2173 292 2197 ex
313 2160 412 2197 brevi
434 2169 621 2203 constant,
643 2162 679 2196 in
709 2161 779 2196 hoc
807 2168 929 2196 autem
959 2160 1196 2209 subjungitur
1215 2158 1371 2207 quilibet
1391 2158 1438 2193 de
1461 2157 1626 2206 quinque

166 2213 340 2263 pedibus]
374 2215 524 2262 pedibus
550 2215 586 2249 ἑά
617 2219 668 2249 est
696 2215 847 2261 singulis
878 2213 1197 2249 conminationibus
1224 2213 1448 2259 proeponitur
1479 2212 1627 2259 quilibet

163 2281 226 2316 pes
245 2269 288 2304 cle
307 2280 416 2315 supra
439 2270 643 2303 memoratis
663 2269 816 2315 quinque
840 2268 989 2314 pedibus
1009 2272 1043 2302 et
1062 2265 1294 2313 subjungitur
1323 2278 1415 2301 unus
1442 2266 1485 2300 cle
1515 2265 1627 2300 tribus

167 2323 229 2369 qui
248 2334 290 2357 ex
312 2322 406 2357 brevi
436 2326 600 2357 constant
628 2322 664 2357 ln·
689 2323 742 2368 (in
764 2321 825 2363 B.)
853 2321 1033 2356 trochaico
1052 2332 1135 2356 vero
1155 2332 1257 2355 versa
1277 2320 1351 2354 vice
1371 2320 1474 2354 trina?
1494 2318 1626 2353 combi-

166 2376 307 2410 nationi
332 2374 507 2421 fipom'tur
529 2376 771 2422 (componitur
790 2375 856 2420 B.)
891 2387 983 2409 unus
1008 2375 1051 2409 (Ie
1083 2374 1195 2408 tribus
1223 2378 1257 2408 et
1286 2374 1369 2407 item
1397 2371 1626 2418 subjungitur

168 2429 316 2474 quilibet
335 2429 378 2463 (Ie
397 2429 550 2476 quinque
568 2429 717 2476 pedibus
737 2428 830 2464 AB.
910 2434 931 2453 X
951 2427 1030 2477 ipso
1051 2427 1147 2474 solo]
1171 2427 1238 2461 soll
1257 2428 1332 2473 ipso
1352 2426 1445 2461 AB.
1522 2432 1540 2459 y
1562 2424 1626 2460 ad-

163 2480 323 2530 junctis]
350 2487 416 2516 aut
435 2481 614 2526 adjunctis
635 2482 724 2518 AB.
822 2488 840 2507 Ζ
862 2481 1064 2530 tribracliy]
1088 2480 1283 2516 tribrachio
1304 2480 1348 2515 A.
1456 2486 1474 2505 a
1495 2477 1626 2527 recipit.

169 2535 207 2569 in
229 2533 383 2580 dextris]
408 2537 538 2581 recepit
568 2537 635 2571 nisi
665 2537 701 2570 in
730 2536 887 2571 dexteris
922 2536 1075 2579 (dextris
1105 2535 1169 2581 Β.)
1201 2533 1290 2569 ΑΒ.
1322 2534 1388 2568 nisi
1419 2532 1507 2568 item
1531 2532 1625 2567 ven.

167 2584 188 2613 b
208 2595 271 2623 aut
301 2586 338 2622 in
364 2586 488 2622 ionico
519 2589 581 2623 ἀπὸ
612 2590 763 2632 μείσονος,
795 2596 858 2623 aut
894 2592 950 2623 ἀπ’
981 2590 1161 2630 ἐλάττονος,
1194 2595 1257 2622 aut
1286 2586 1323 2622 in
1357 2585 1531 2627 molosso,
1564 2592 1627 2620 aut

168 2640 298 2689 hippio
312 2648 443 2688 quarto
457 2642 536 2687 aut]
562 2646 626 2676 aut
646 2642 760 2676 ionico
775 2654 844 2688 apo
860 2642 1016 2676 mizonos
1035 2646 1100 2676 aut
1120 2653 1190 2688 apo
1210 2641 1388 2675 elassonos
1407 2644 1472 2674 aut
1495 2641 1531 2673 in
1553 2650 1626 2673 mo-

172 2695 261 2729 losso
282 2698 346 2729 aut
367 2695 400 2728 in
421 2705 558 2740 poenae
580 2695 722 2740 (paeone
742 2694 804 2740 B.)
828 2699 958 2741 quarto
978 2700 1042 2729 aut
1064 2696 1097 2729 in
1120 2695 1209 2729 AB.
1339 2699 1355 2718 0
1376 2691 1623 2740 trisyllabum]

171 2747 378 2794 trisyllabus
397 2747 440 2782 A.
465 2747 650 2793 trisyllabo
669 2747 767 2782 Ven.
905 2744 924 2772 d
944 2747 1152 2796 spondeum
1175 2746 1229 2783 vel
1252 2742 1625 2794 proceleusmaticum

171 2799 359 2847 habuerit]
381 2801 575 2847 spondeum
597 2800 704 2835 habet
723 2799 816 2835 AB.
840 2801 894 2835 vel
912 2828 919 2835 .
938 2828 945 2834 .
964 2800 1130 2835 habuerit
1150 2813 1225 2835 om.
1247 2800 1343 2834 Ven.
1507 2803 1523 2821 e
1545 2808 1624 2831 me-

170 2854 287 2899 trum]
312 2855 389 2889 Alii
408 2855 452 2888 cle
466 2854 585 2889 eodem
606 2854 656 2888 sic
675 2854 927 2899 anapaesticum
945 2858 1098 2888 metrum
1120 2854 1250 2900 recepit
1274 2852 1417 2899 (recipit
1438 2850 1499 2896 Β.)
1521 2850 1627 2897 pedes

171 2907 264 2942 AB.
322 2907 415 2942 Mox
436 2920 457 2941 α
479 2908 620 2942 nomine
640 2907 770 2941 meruit
792 2905 885 2941 Ven.

856 2976 946 3013 39,
