1962 3355
131 232 237 264 cAP.
259 227 300 264 1.
328 216 411 262 De
434 215 653 262 conneoeis
676 214 803 260 inter
826 230 876 260 se
900 219 1045 276 atque
1067 212 1339 259 inconneoeis
1366 211 1448 274 δίε.
1485 218 1579 269 207

129 347 266 386 erunt
306 347 398 384 tres
430 336 596 399 reliqui
626 334 962 382 choriambici:
999 351 1055 380 ex
1089 351 1184 396 quo
1216 333 1357 379 etiam
1397 332 1580 395 Priapei

128 432 289 461 versus
325 414 456 477 origo
489 421 663 470 manat,
687 421 734 458 et
768 410 909 473 hujus
935 411 1039 457 colo
1071 428 1153 456 seu
1189 418 1426 456 commate
1459 408 1583 454 adae-

129 508 221 553 que
260 489 681 553 hendecasyllabus
722 487 1017 534 formabitur.
1086 486 1214 532 Nam
1261 485 1389 531 heroi
1441 485 1583 531 bexa-
1602 500 1637 532 71

131 567 268 612 metri
304 575 395 612 tres
432 565 590 629 pedes,
621 582 730 610 cum
762 563 992 619 inciderit,
1026 562 1315 626 interposita,
1340 570 1393 607 ut
1424 579 1582 607 versus

130 641 353 705 Priapeus
379 641 542 704 exigit,
567 640 884 696 distinctione,
909 639 1114 686 eundem
1145 638 1359 694 secernit,
1385 646 1452 692 ut,

401 727 493 775 Cui
515 745 608 773 mm
635 728 787 774 dictus
811 726 975 791 Hylas
991 743 1132 789 puer,

130 792 321 847 dehinc,

396 857 465 904 Et
490 858 709 904 Latonia
733 858 901 904 Delos.

131 945 227 999 Qui
254 945 290 991 si
317 945 439 991 inter
465 963 512 991 se
537 945 862 992 enuntiatione
888 946 1182 1009 copulentur,
1199 944 1460 991 hexametri
1482 961 1585 990 ver·
1605 961 1642 994 72

131 1040 208 1069 sus
233 1031 448 1069 tenorem
474 1023 711 1086 integrum
739 1022 1030 1084 modumque
1066 1023 1373 1085 praestabunt,
1409 1038 1586 1083 nequa-

130 1117 273 1162 quam
304 1109 464 1146 tamen
499 1100 759 1164 disciplinae
795 1117 848 1145 ac
880 1098 1098 1161 dignitati
1133 1098 1262 1143 heroi
1298 1097 1586 1160 responden-

130 1184 243 1233 tem,
265 1194 373 1221 nam
408 1176 575 1222 divisio
610 1176 750 1237 hujus
788 1175 835 1220 in
872 1173 1079 1220 secundo
1115 1182 1353 1219 commate
1389 1172 1586 1218 infracta

131 1252 376 1315 paululum
405 1270 458 1298 ac
482 1252 685 1308 mollior,
708 1251 908 1314 receptis
935 1250 981 1296 in
1010 1267 1141 1296 versu
1168 1249 1322 1312 primo
1347 1258 1394 1295 et
1418 1257 1585 1311 quarto

131 1327 367 1391 spondeis,
391 1327 604 1382 efficitur,
629 1337 682 1373 ut
706 1326 829 1391 apud
856 1326 1118 1382 Catullum,

263 1404 413 1450 Hunc
437 1403 596 1449 lucum
621 1403 708 1449 tibi
732 1402 893 1449 dedico
918 1418 1230 1466 consecroque
1252 1400 1453 1463 Priape,

131 1497 248 1543 quos
289 1479 530 1526 distinctio
568 1480 776 1526 occultat
823 1478 1026 1525 auribus.
1095 1478 1223 1524 Nam
1273 1476 1310 1523 si
1357 1476 1586 1522 divisione
1607 1492 1644 1525 73

131 1556 266 1602 metri
311 1556 495 1620 Priapei
535 1565 824 1619 separentur,
871 1554 937 1602 ita
984 1555 1220 1601 sonabunt
1268 1553 1390 1618 apud
1431 1552 1586 1615 Virgi-

130 1633 264 1691 lium,

460 1697 650 1744 Fronde
672 1714 817 1760 super
839 1697 986 1744 viridi
1008 1703 1119 1743 sunt

130 1762 318 1821 dehinc,

505 1828 617 1874 ¹'obis
641 1829 777 1875 mitia
797 1845 955 1891 poma.

468 1905 715 1951 Castanece
739 1903 904 1950 molles
929 1911 973 1950 et

130 1969 319 2024 dehinc,

462 2034 633 2081 Pressi
658 2035 790 2097 copia
816 2035 969 2081 lactis.

131 2151 331 2197 Constat
357 2159 531 2206 autem,
557 2159 609 2195 ut
634 2168 773 2214 supra
799 2149 1022 2205 diximus,
1046 2148 1232 2195 duobus
1270 2149 1446 2204 metris,
1471 2166 1587 2211 quo·
1606 2170 1644 2202 74

131 2245 236 2273 rum
272 2227 400 2290 prius
439 2234 509 2272 est
545 2226 835 2290 Glyconium
879 2225 1008 2272 iocto
1045 2226 1349 2288 syllabarum,
1385 2243 1585 2288 sequens

132 2303 466 2349 Pherecration
493 2303 674 2366 syllaba
700 2302 1007 2359 diminutum,
1039 2302 1103 2348 ita
1134 2311 1313 2358 tamen,
1343 2311 1396 2347 ut
1431 2302 1586 2347 novis-

131 2379 249 2426 sima
267 2379 506 2443 Glyconii,
530 2379 577 2425 id
603 2387 672 2425 est
695 2388 861 2426 octava
886 2379 1081 2443 syllaba,
1100 2378 1243 2441 longa
1269 2378 1343 2436 sit,
1363 2378 1398 2424 si
1420 2387 1586 2424 natura

132 2456 284 2502 brevis
308 2455 464 2510 fuerit,
487 2454 676 2511 kveluti,

198 2531 392 2578 IVereus
414 2538 469 2578 ut
493 2538 684 2578 caneret
706 2530 838 2597 lfera
859 2538 1006 2596 grato
1027 2531 1198 2595 Pyrra
1221 2531 1307 2578 sub
1332 2537 1487 2577 antro.

132 2607 300 2671 Igitur,
327 2607 454 2670 quod
481 2607 570 2654 hoc
596 2625 729 2654 versu
755 2608 911 2671 Priapi
949 2607 1109 2654 laudes
1134 2608 1349 2672 plerique
1374 2606 1585 2655 canendo
1607 2622 1644 2654 75

132 2833 151 2869 f
185 2778 502 2869 ὶάοοέοεγΠεὼυω]
525 2780 835 2831 octosyllabarum
857 2781 899 2818 P.
1009 2779 1030 2806 k
1051 2780 1166 2828 velut]
1191 2780 1303 2817 veluti
1323 2782 1363 2818 P.
1462 2779 1472 2806 l
1492 2780 1582 2826 fera]

148 2845 191 2869 oe
219 2846 240 2869 a
291 2862 298 2869 .

285 2947 345 2984 72.
367 2935 405 2972 in
427 2937 548 2984 versu]
575 2937 619 2973 L.
639 2939 676 2972 in
695 2949 845 2973 versum.
867 2937 1020 2973 Santen.
1040 2937 1125 2973 Ter.
1146 2936 1271 2972 Maur.
1293 2948 1329 2984 p.
1351 2934 1439 2981 363.
