1962 3355
130 226 236 256 cAP.
267 220 337 256 10.
666 207 749 253 De
773 207 1029 270 Rlzyth‘mo.
1518 216 1575 254 53

507 358 641 409 CAP.
670 357 735 408 X.
800 357 885 408 De
911 356 1197 425 Rhytlzmo.

194 472 360 534 Exigit
394 472 540 528 locus,
565 479 612 517 et
643 480 911 534 temporum
947 470 1068 516 inter
1093 487 1140 514 se
1168 468 1323 515 vicina
1348 469 1583 532 cognatio,

129 558 196 606 ut,
242 548 514 611 priusquam
559 546 733 610 pedum
782 546 1153 610 disputationem
1201 545 1488 608 Padgrediar,
1525 546 1584 591 de

130 624 369 687 Rhythmi
398 623 670 669 conditione
694 639 843 685 pauca
862 621 1046 668 dicam:
1083 621 1218 683 cujus
1243 623 1374 684 origo
1399 621 1455 667 de
1475 622 1582 667 Arsi

128 710 176 747 et
198 700 343 746 Thesi
370 716 561 745 manare
585 698 859 744 dinoscitur.
928 698 1056 743 Nam
1092 698 1371 760 Rhythmus
1403 707 1472 744 est
1504 716 1584 761 pe-
1604 720 1620 741 2

128 775 241 821 dum
280 784 649 837 temporumque
676 772 902 834 junctura
936 774 1089 829 velox,
1120 773 1268 820 divisa
1309 775 1356 820 in
1398 774 1502 820 Arsi
1539 783 1585 820 et

127 851 302 897 Thesi:
338 851 410 896 vel
444 858 636 912 tempus
662 866 756 911 quo
787 849 991 912 syllabas
1028 850 1268 904 metimur,
1292 850 1464 896 Latine
1501 868 1586 896 nu-

130 944 286 973 merus
311 926 497 981 dicitur,
525 933 576 971 ut
598 925 843 987 Virgilius,

266 1001 510 1048 ,Num-eros
534 1001 728 1047 memini
750 1001 794 1047 εἰ
818 1001 992 1047 qverba
1017 1008 1241 1047 tenerem.

129 1078 300 1124 Differt
335 1086 494 1124 autem
532 1077 839 1140 rRhythmus
874 1095 899 1122 a
937 1085 1101 1133 metro,
1138 1076 1263 1138 quod
1302 1086 1504 1123 metrum
1538 1078 1623 1123 in3

130 1153 297 1209 verbis,
336 1153 616 1216 Rhythmus
657 1153 702 1198 in
746 1152 1067 1198 modulatione
1108 1170 1161 1198 ac
1202 1162 1337 1198 motu
1380 1154 1586 1216 corporis

131 1229 217 1275 sit:
253 1237 314 1285 et,
340 1228 468 1290 quod
496 1236 699 1273 metrum
737 1227 913 1290 pedum
952 1228 1011 1272 sit
1035 1227 1250 1289 quaedam
1289 1229 1588 1291 compositio,

132 1304 415 1367 Rhythmus
442 1311 600 1349 autem
628 1313 896 1365 temporum
927 1302 1048 1348 inter
1072 1321 1120 1348 se
1145 1303 1258 1349 ordo
1284 1303 1504 1365 quidam:
1542 1315 1589 1350 et

130 1380 257 1442 quod
284 1389 487 1425 metrum
516 1388 642 1425 certo
663 1395 859 1424 numero
879 1379 1164 1441 syllabarum
1189 1379 1259 1425 vel
1287 1379 1461 1441 pedum
1485 1380 1590 1425 fini-

129 1468 232 1503 tum
261 1457 335 1514 sit,
362 1456 642 1519 Rhythmus
669 1464 826 1500 autem
854 1463 1138 1516 Snumquam
1167 1472 1365 1500 numero
1389 1455 1589 1501 circum-

132 1533 384 1579 scribatur:
423 1549 534 1578 nam
559 1540 612 1577 ut
636 1532 776 1585 volet,
797 1530 1028 1594 protrahit
1046 1539 1275 1593 tempora,
1297 1530 1359 1576 ita
1378 1539 1431 1577 ut
1452 1532 1589 1578 breve

130 1617 320 1670 tempus
358 1608 638 1671 plerumque
667 1608 862 1670 longum
890 1606 1076 1661 efficiat,
1102 1607 1299 1669 longum
1326 1608 1587 1654 contrahat.

134 1683 278 1730 Unde
303 1694 350 1730 et
380 1684 677 1747 Rhythmus,
702 1683 748 1729 id
775 1693 859 1740 est,
896 1701 922 1728 a
953 1683 1083 1745 tsszstvec
1110 1691 1156 1728 et
1189 1683 1333 1728 fluore
1364 1683 1588 1745 quodam,

131 1769 445 1822 nuncupatur.
516 1759 875 1822 Rhythmorum
914 1767 1073 1804 autem
1110 1768 1202 1804 tres
1241 1776 1340 1804 esse
1375 1758 1625 1805 differem-4

131 1835 219 1881 tias
244 1836 423 1889 volunt,
449 1836 494 1881 in
522 1835 726 1897 dactylo,
753 1836 928 1891 iambo,
954 1844 1001 1880 et
1026 1852 1203 1897 paeone,
1230 1851 1334 1895 quae
1360 1837 1482 1881 fiunt
1506 1853 1589 1899 per

129 1909 269 1954 Arsin
297 1918 343 1954 et
366 1909 560 1954 Thesin.
621 1909 747 1954 Nam
776 1909 991 1972 dactylus
1016 1926 1150 1970 aequa
1175 1917 1444 1972 temporum
1471 1910 1588 1956 divi-

131 1986 261 2030 sione
285 1994 487 2041 taxatur,
512 1994 565 2030 ut
589 1995 637 2030 et
661 1995 942 2047 anapaestus,
970 1993 1167 2046 uterque
1187 1986 1315 2031 enim
1347 2004 1428 2049 pes
1454 1997 1589 2050 quat-

132 2072 236 2106 tuor
262 2070 528 2124 temporum
556 2071 639 2106 est.
706 2061 833 2106 Nam
862 2071 914 2106 ut
938 2062 1078 2123 longa
1104 2062 1255 2123 prima
1271 2061 1445 2124 dactyli
1472 2062 1588 2108 dua—

132 2138 217 2182 bus
265 2137 485 2182 brevibus
527 2137 887 2197 insequentibus
931 2154 1013 2199 par
1054 2137 1140 2182 sibi
1185 2147 1231 2182 et
1271 2138 1464 2200 aequalis
1503 2146 1588 2191 est,

130 2212 254 2258 idem
282 2222 328 2257 et
354 2213 398 2257 in
427 2221 664 2275 anapaesto
691 2214 757 2266 fit,
783 2222 837 2258 ut
860 2212 1051 2257 initium
1079 2211 1161 2257 fini
1198 2212 1353 2258 simile
1383 2213 1591 2259 invenia-

129 2296 219 2342 tur,
244 2297 291 2333 et
315 2287 480 2333 dicunt
506 2288 553 2332 in
579 2287 683 2332 Arsi
711 2296 758 2333 et
782 2287 924 2333 Thesi
953 2287 1185 2349 aequalem
1212 2288 1459 2345 rationem,
1479 2290 1591 2336 Vi'o-ov

130 2362 258 2423 λόγον,
330 2363 463 2409 Idem
498 2363 642 2408 etiam
680 2363 725 2408 in
764 2363 957 2426 dipodia
990 2364 1113 2409 facta
1148 2363 1482 2426 conjugatione
1521 2365 1626 2415 bi-5

130 2455 244 2484 num
285 2438 460 2501 pedum
499 2456 580 2501 per
621 2440 953 2485 choriambum
992 2448 1040 2484 et
1071 2440 1442 2503 Wantispastum,
1479 2441 1590 2502 quia

130 2522 359 2575 quantum
389 2514 434 2559 in
462 2514 727 2559 sublatione
758 2515 915 2571 habet,
938 2514 1223 2561 tantundem
1261 2515 1307 2560 in
1342 2516 1591 2579 positione,

131 2600 177 2634 et
204 2588 326 2634 idem
355 2588 480 2651 apud
507 2590 696 2635 Graecos
723 2590 934 2651 aequalis,
958 2590 1038 2636 Xid
1063 2601 1133 2636 est
1158 2590 1378 2653 ἰσόρυθμος,
1403 2591 1590 2638 dicitur.

186 2760 205 2787 P
225 2751 431 2801 aggrediar]
457 2751 650 2801 adgrediar
670 2753 698 2788 P
808 2761 828 2787 q
849 2754 958 2790 verba
979 2756 1161 2802 tenerem]
1189 2768 1220 2790 v.
1242 2763 1268 2791 t.
1291 2756 1329 2790 Ρ.
1432 2762 1447 2780 Γ
1470 2755 1589 2803 Ryth-

134 2806 233 2852 mus]
260 2805 415 2840 rithmus
436 2805 475 2840 P.
599 2811 613 2830 s
635 2807 842 2853 nunquam]
869 2819 1071 2855 numquam
1095 2808 1133 2842 P.
1264 2808 1275 2828 ¹²
1294 2807 1396 2855 ῥύσει]
1420 2806 1523 2855 chysi
1546 2807 1588 2842 P.

131 2860 225 2902 χίσει
246 2857 301 2893 ed.
324 2859 430 2893 Cam.
453 2855 516 2904 qui
538 2855 572 2892 in
595 2858 742 2894 emend.
765 2859 925 2894 correxit
944 2863 1044 2906 ῥύσει.
1128 2867 1148 2886 V
1166 2860 1250 2906 ἴσον]
1275 2876 1328 2895 σον
1347 2860 1387 2895 Ρ.
1465 2865 1493 2884 W
1511 2859 1589 2893 An-

133 2908 348 2957 tispastum]
372 2909 615 2958 Autispatum
636 2910 677 2945 P.
788 2917 808 2936 Χ
828 2910 863 2947 id
884 2919 941 2947 est
960 2914 1135 2960 ισσριθμος]
1161 2915 1309 2960 σορυθμος
1328 2913 1368 2947 Ρ.
