1962 3355
132 219 238 251 CAP.
263 214 309 252 3.
561 203 644 248 De
667 201 967 264 Anapoestico
993 207 1155 247 metro.
1494 210 1577 247 101

130 326 358 373 Detracta
389 324 516 370 enim
552 330 603 370 at
640 323 835 387 syllaba,
860 339 953 384 qua
982 322 1162 385 primus
1188 321 1236 366 in
1261 338 1395 366 versu
1421 320 1585 384 dacty-
1604 343 1624 372 4

131 403 202 449 lus
227 408 425 457 constat,
448 409 585 446 erunt
610 399 775 462 reliqui
802 397 944 462 pedes
970 396 1214 461 anapaesti,
1240 397 1322 453 sic,

235 477 370 524 Tuba
394 476 658 524 terribilem
680 476 887 522 sonitum
904 473 1081 536 procul
1101 490 1193 520 oere
1219 489 1408 518 canoro.

130 554 324 618 Recipit
359 563 516 599 autem
543 553 588 599 id
616 562 818 599 metrum
845 551 988 615 pedes
1020 558 1244 612 quattuor
1279 548 1432 612 spatio
1464 556 1587 593 tem-

129 647 295 693 porum
324 647 472 693 pares,
500 630 786 693 syllabarum
824 645 1023 673 numero
1058 626 1280 690 dispares,
1306 624 1585 688 spondeum,

129 706 209 768 qui
247 715 318 752 est
354 707 580 770 anapaesti
620 704 853 761 collectio,
894 704 1158 767 dactylum,
1199 701 1587 766 proceleusmati-

130 800 256 839 cum,
273 791 320 828 et
343 782 549 828 eundem
577 789 867 845 anapaestum
890 780 935 826 in
958 797 1262 842 quacumque
1288 778 1410 824 sede.
1454 778 1583 824 Nam
1606 800 1622 831 5

130 877 238 906 cum
273 877 438 905 omnes
475 875 675 904 numero
711 867 980 920 temporum
1016 864 1240 920 quattuor
1274 855 1587 919 comprehen-

129 937 318 994 dantur,
358 945 519 982 tamen
565 934 793 981 divisione
839 934 1085 996 longarum
1129 932 1201 978 vel
1250 931 1586 993 conjunctione

132 1013 363 1067 brevium,
401 1028 508 1058 cum
554 1012 705 1074 longae
747 1010 793 1056 in
836 1011 998 1055 breves
1040 1008 1343 1070 colliguntur,
1379 1008 1501 1053 inter
1538 1026 1586 1053 sc

130 1090 383 1145 variantur,
431 1098 477 1135 et
524 1106 632 1135 cum
694 1087 889 1133 diversis
949 1085 1189 1131 vocabulis
1238 1093 1586 1147 nuncupentur,

130 1166 340 1227 ejusdcm
385 1165 479 1210 fere
521 1163 703 1227 generis
745 1164 968 1209 existunt.
1053 1161 1286 1206 Nonnulli
1329 1161 1374 1205 in
1416 1160 1625 1207 ultima6

131 1242 272 1304 hujus
321 1241 430 1288 sede
472 1241 680 1287 ionicum
726 1240 957 1285 minorem
1000 1238 1252 1300 recipiunt,
1295 1255 1350 1282 ca
1393 1237 1587 1293 ratione,

130 1337 223 1382 qua
261 1318 307 1364 in
351 1319 446 1364 fine
491 1325 695 1363 metrum
738 1333 881 1361 omne
918 1315 1046 1360 varie
1088 1314 1359 1360 claudatur:
1412 1313 1587 1358 dehinc

129 1394 254 1458 quod
297 1395 437 1441 etiam
483 1395 541 1440 ab
583 1391 853 1438 auctoribus
896 1391 1054 1437 studio
1095 1390 1316 1436 novitatis
1366 1389 1584 1452 quaedam

131 1470 411 1533 adjiciantur
445 1479 491 1516 et
527 1468 838 1515 detrahantur
876 1477 1038 1514 contra
1080 1484 1223 1530 quam
1263 1466 1380 1512 ratio
1419 1466 1586 1512 veteris

129 1547 389 1612 disciplinae
421 1546 669 1612 permittit.
741 1544 882 1598 Quod
913 1554 959 1590 et
994 1545 1041 1590 in
1069 1543 1236 1590 ceteris
1264 1543 1424 1589 metris
1450 1542 1588 1588 datur

130 1642 397 1688 agnoscere.
467 1623 597 1670 Nam
631 1631 679 1669 et
709 1622 895 1669 iambus
932 1621 981 1667 in
1018 1620 1228 1667 clausula
1264 1619 1515 1676 invenitur,
1540 1628 1586 1665 ct
1609 1643 1625 1675 7

130 1702 393 1766 appellatur
423 1698 790 1747 Archebulium.
873 1699 939 1744 At
986 1698 1021 1743 si
1065 1696 1311 1760 trisyllabo
1352 1695 1472 1759 pede
1515 1696 1585 1742 sui

129 1777 379 1824 dumtaxat
403 1776 584 1841 generis
610 1775 905 1833 terminetur,
925 1774 1119 1837 adaeque
1138 1773 1480 1829 Archebulion,
1505 1771 1587 1818 sed

129 1854 394 1916 integrum:
433 1871 542 1899 nam
570 1852 713 1917 priuS,
738 1855 784 1897 in
811 1869 906 1914 quo
931 1851 1133 1904 iambus,
1159 1849 1368 1912 ἀπόκροτον
1399 1848 1584 1895 dicitur.

129 1931 313 1976 Volunt
332 1930 458 1975 enim
486 1931 607 1975 sicut
632 1928 922 1991 dactylicum
948 1927 1156 1973 trochaeo
1184 1927 1368 1983 ultimo,
1388 1926 1452 1972 ita
1478 1943 1586 1971 ana-
1605 1944 1624 1973 8

129 2016 330 2070 paestum
370 2023 711 2068 nonnunquam
750 2005 908 2050 iambo
934 2002 1168 2059 concludi,
1193 2003 1228 2048 si
1256 2002 1448 2065 quidem
1476 2002 1587 2048 (lac-

129 2084 255 2146 tylus
283 2091 333 2128 ut
364 2083 600 2128 trochaeus
625 2100 649 2128 a
676 2082 815 2143 longa
852 2080 1062 2144 incipiat,
1087 2087 1391 2142 Xanapaestus
1425 2087 1583 2124 autem

132 2168 182 2205 ut
216 2160 401 2205 iambus
438 2158 637 2214 desinat,
670 2175 765 2220 quo
802 2158 855 2202 fit
889 2173 1098 2202 sonorus.
1171 2155 1437 2201 Percutitur
1477 2171 1625 2213 vcro9

128 2253 286 2282 versus
312 2235 622 2298 anapaesticus
657 2234 894 2298 praecipue
930 2250 1013 2296 per
1044 2231 1322 2295 D'dipodian,
1349 2230 1584 2277 interdum

129 2321 174 2358 ct
197 2330 280 2376 per
305 2312 514 2376 singulos
540 2311 697 2375 pedes.
768 2310 856 2356 Est
888 2323 1044 2355 autem
1072 2307 1310 2371 percussio
1336 2307 1587 2369 cujuslibet

129 2389 265 2435 metri
310 2389 356 2435 in
398 2388 541 2452 pedes
580 2387 762 2434 divisio.
847 2385 1142 2449 Exemplum
1192 2383 1280 2430 erit
1326 2383 1646 2430 tetrametrim

129 2465 405 2522 catalectici,
429 2465 555 2528 quod
581 2474 651 2510 cst
676 2465 723 2510 in
750 2462 1060 2526 anapaesticis,
1080 2461 1252 2507 nobilis
1278 2460 1356 2506 illc
1381 2478 1554 2517 versus,

158 2560 280 2600 Alius
300 2559 463 2599 cithara
483 2560 700 2614 sonituque
711 2563 859 2613 potens
881 2557 1064 2597 volucres
1081 2556 1333 2611 pecudesque
1353 2568 1527 2594 movere.

196 2627 337 2684 Item,

160 2705 337 2744 Admota
357 2704 487 2744 labris
510 2703 607 2744 tuba
629 2701 851 2742 terribilem
872 2701 1053 2740 sonitum
1076 2699 1187 2740 <ledit
1210 2712 1290 2738 cere
1309 2712 1471 2738 canoro.

133 2801 271 2854 Quod
310 2817 457 2863 genus
496 2799 716 2861 frequens
749 2806 820 2843 est
853 2795 977 2860 apud
1014 2794 1417 2858 Aristophanem:
1463 2792 1586 2837 unde
1610 2812 1643 2831 11

186 2976 205 2995 Χ
226 2970 450 3017 anapaestus]
475 2977 704 3017 anapaestum
728 2968 769 3003 P.
979 2973 997 2998 y
1016 2963 1211 3013 dipodiau]
1238 2955 1413 3011 ‹lip‹⁷i‹lian
1438 2963 1476 2996 Ι).
