1962 3355
370 155 464 202 516
970 158 1224 206 Diomedis
1626 178 1721 211 LIB.
1747 181 1821 213 111.

599 280 717 325 CAP.
737 279 1008 327 XXXVII.
1051 280 1214 327 ίὯΔΑΙ
1237 297 1404 328 TERTn
1432 298 1588 329 LIBRI.

433 364 593 411 Prima
627 365 716 412 ode
749 366 1000 414 Alcaicum
1025 378 1232 415 metrum
1260 370 1417 425 habet,
1442 370 1568 432 quod
1607 370 1821 420 similiter

367 440 624 498 scanditur,

597 519 677 558 Odi
690 520 936 575 profizlnum
958 519 1115 574 vulgus
1135 520 1184 571 etl
1205 533 1337 560 arceo.

330 610 345 630 2
433 590 653 637 Secunda
689 592 777 638 ode
808 592 1178 656 Asclepiadeum
1218 602 1420 639 metrum
1457 593 1601 641 habet
1632 604 1705 642 eet
1738 614 1822 660 per

365 674 617 727 quaternos
659 685 818 713 versus
861 667 1114 714 scanditur.
1207 668 1336 715 Nam
1380 668 1514 717 fduae
1550 672 1820 734 penthemi-

366 759 531 799 meres,
555 742 691 789 gduae
716 743 933 807 tripodiae
959 744 1220 808 dactylicae,
1245 746 1422 792 insunt.

595 819 806 874 Quidflesl
831 819 1042 874 bAsterz'lel
1063 835 1180 877 quem
1202 821 1287 873 tibi}
1309 823 1502 863 candida.

326 901 343 930 3
428 890 588 937 Tertia
612 891 716 946 ode,
744 891 1057 956 Sapphicun1,

590 969 780 1022 llIartz'lz‘s
800 970 952 1022 coellebs
970 970 1080 1026 quid}
1102 976 1241 1028 agam}
1262 970 1458 1011 calendis.

323 1064 343 1091 4
429 1042 609 1094 Quarta
633 1042 722 1089 ode
746 1043 1116 1108 Asclepiadeum
1156 1054 1359 1090 metrum
1389 1045 1547 1102 habet,
1572 1054 1618 1091 et
1642 1064 1727 1109 per
1752 1046 1820 1093 bi-

361 1135 445 1163 nos
483 1136 641 1165 versus
678 1120 932 1166 scanditur.
999 1120 1126 1166 Nam
1156 1139 1278 1168 unus
1316 1120 1537 1185 itripodia
1571 1122 1820 1186 dactylice‚

361 1195 475 1240 alter
500 1196 903 1258 penthemimeres
931 1196 1068 1253 inest,

588 1272 739 1327 Donec}
756 1279 917 1328 gratus
938 1272 1063 1323 elram
1085 1273 1171 1313 tibi.

323 1358 338 1386 5
428 1343 609 1394 Quinta
650 1344 738 1390 ode
777 1345 1144 1409 Asclepiadeum
1194 1355 1399 1392 metrum
1445 1347 1603 1402 habet,
1643 1357 1690 1394 et
1737 1366 1820 1412 per

360 1429 612 1481 quaternos
638 1437 796 1466 versus
824 1422 1078 1468 scanditur.
1126 1422 1253 1468 Nam
1282 1431 1374 1468 tres
1399 1424 1817 1486 penthemimeres,

359 1505 553 1558 quartus
580 1497 785 1560 tripodia
811 1497 1060 1561 dactylice‚

584 1573 849 1629 Eoetrclmmn
878 1573 1071 1626 Tamdiu}
1095 1576 1131 1615 si
1153 1575 1319 1625 bibeires
1340 1576 1460 1631 Lyce.

320 1660 339 1689 6
427 1646 571 1691 Sexta
591 1645 679 1691 ode
699 1646 996 1709 Sapphicum
1025 1656 1229 1693 metrum
1260 1648 1418 1705 habet,
1437 1648 1581 1711 quod,
1598 1657 1650 1694 ut
1675 1667 1818 1713 supra

359 1722 585 1777 diximus,
612 1721 866 1779 scanditur,

585 1799 790 1853 ,Uercnlri
812 1804 921 1855 nam}
943 1806 979 1839 te
999 1800 1162 1854 (loicilisl
1186 1802 1405 1856 magistro.

425 1872 639 1936 Septima
664 1873 752 1919 ode
778 1873 987 1920 ionicum
1017 1884 1220 1920 metrum
1250 1874 1408 1931 habet,
1428 1883 1473 1921 et
1497 1892 1581 1938 per
1606 1875 1816 1939 singulos

358 1972 516 2001 versus
543 1954 798 2010 scanditur,

556 2032 820 2071 Miserarum
841 2038 900 2072 est
920 2039 1060 2089 πεξριιε
1080 2034 1225 2086 amorii
1247 2034 1348 2073 dare
1369 2034 1528 2073 ludum.

358 2105 538 2148 Omnes
575 2112 666 2149 tres
705 2103 846 2167 pedes
876 2105 1015 2151 ionici
1042 2115 1166 2163 sunt,
1192 2106 1271 2168 qui
1300 2105 1398 2152 Κάπ’
1423 2107 1630 2159 ἐλάττονος
1655 2108 1815 2170 appel-

360 2180 529 2225 lantur.

318 2276 336 2305 8
424 2257 606 2302 Octava
647 2256 735 2302 ode
775 2258 1141 2322 Asclepiadeum
1187 2267 1391 2304 metrum
1437 2259 1595 2315 habet,
1636 2267 1683 2305 et
1731 2277 1814 2323 per

357 2342 608 2394 quaternos
656 2351 814 2379 versus
862 2334 1115 2381 scanditur.
1201 2334 1330 2380 Nam
1380 2333 1504 2380 lduae
1544 2335 1814 2398 penthemi-

362 2425 526 2464 mereS‚
551 2418 596 2454 et
623 2408 726 2455 duae
752 2410 966 2473 tripodiae
991 2410 1239 2473 dactylicae
1264 2410 1440 2464 insunt,

410 2559 429 2587 d
448 2563 533 2597 Ωδαι
553 2560 668 2597 Tertii
689 2560 788 2608 libri]
813 2563 921 2609 Expl.
945 2563 1002 2598 lib.
1021 2564 1073 2599 ΙΙ.
1097 2565 1222 2610 incipit
1243 2565 1301 2600 lib.
1326 2566 1453 2600 tertius
1473 2566 1519 2601 A.
1641 2572 1657 2592 e
1678 2572 1712 2602 et
1733 2579 1809 2603 om.

358 2615 451 2650 Ven.
585 2613 600 2640 f
617 2615 716 2663 duae]
742 2617 812 2651 cluo
835 2617 876 2650 A.
900 2616 994 2652 Ven.
1160 2624 1180 2651 g
1200 2617 1281 2653 duae
1302 2617 1482 2667 dipodiae]
1508 2620 1579 2655 duo
1598 2621 1746 2667 dipodia
1765 2621 1810 2656 A.

356 2669 426 2702 duo
445 2669 589 2715 clipodio
610 2669 704 2704 Ven.
895 2666 915 2693 h
936 2668 1067 2705 asterie
1086 2682 1196 2717 quem
1219 2670 1283 2706 tibi
1305 2671 1471 2718 candidi]
1496 2673 1615 2708 Asteri
1635 2685 1727 2721 quen
1748 2673 1812 2708 tibi

356 2722 510 2756 candida
531 2723 575 2757 A.
598 2720 659 2769 qui
682 2734 756 2757 om.
782 2722 1132 2768 -S'applziczcviz—ocle.
1256 2721 1265 2749 i
1286 2723 1452 2772 dipodia]
1477 2727 1634 2773 tripedica
1650 2727 1693 2762 A.
1714 2725 1808 2763 Ven.

356 2783 393 2810 ct
415 2788 495 2809 mox
518 2788 550 2810 v.
575 2787 630 2820 14.
794 2773 815 2800 k
834 2779 890 2810 ἀπ’
912 2777 1099 2822 ἐλάττονος]
1124 2778 1351 2823 apomizonos
1370 2778 1415 2813 A.
1440 2778 1534 2814 Ven.
1696 2776 1706 2804 Ῑ
1726 2778 1811 2815 duae

356 2828 677 2876 penthememeres
707 2835 744 2864 et
769 2828 850 2863 duae
883 2828 1040 2876 dipodiae
1080 2829 1271 2878 dactylicae
1303 2829 1448 2878 insunt]
1495 2833 1565 2867 duo
1601 2832 1809 2879 pentheme..

357 2894 465 2916 meres
485 2883 555 2917 cluo
577 2883 732 2929 tripodio
753 2882 887 2928 dactyli
908 2884 1066 2918 ceniszmt
1087 2884 1129 2919 A.
1153 2891 1190 2919 et
1210 2883 1286 2919 fere
1307 2884 1403 2919 Ven.
