1962 3355
157 194 261 224 CAP.
289 188 333 223 4.
633 176 716 220 De
747 174 1123 238 orthographia.
1552 183 1606 230 17

155 307 247 354 tur,
272 296 428 360 Xquod
456 296 688 344 volvendo
714 298 768 342 fit
798 295 957 343 fascia.
1022 294 1182 341 Haud
1212 293 1516 339 Yadverbium
1544 302 1614 339 est
1632 312 1673 342 50

155 373 375 437 negandi,
392 382 439 419 et
464 372 701 437 significat
725 372 848 419 idem
871 371 996 434 quod
1019 370 1142 435 apud
1166 371 1357 416 Graecos
1380 369 1500 416 Παῦε
1534 369 1613 414 sed

157 451 215 496 ab
252 450 456 513 antiquis
496 467 604 496 cum
648 448 981 512 adspiratione,
1019 456 1071 492 ut
1109 446 1199 492 alia
1235 463 1425 508 quoque
1459 446 1615 502 verba,

156 527 356 582 dictum,
381 535 427 571 et
452 526 633 588 adjecta
655 526 687 571 d
708 525 876 581 littera,
897 541 1040 586 quam
1061 522 1298 586 plerisque
1324 521 1476 568 verbis
1502 521 1616 583 adji-

156 602 359 648 ciebant.
394 602 450 647 D
469 612 627 648 tamen
647 602 852 647 litteram
871 609 1130 656 conservat,
1148 599 1182 644 si
1202 616 1401 661 sequens
1417 600 1613 644 verbum

156 678 354 742 incipiat
390 696 415 723 a
451 678 617 734 vocali,
643 687 694 724 ut
720 677 853 723 haud
874 676 1019 722 aliter
1043 693 1217 732 muros,
1242 684 1303 729 et,
1330 675 1462 721 haud
1489 675 1618 737 equi-

156 755 273 800 dem.
342 755 409 800 At
433 771 541 800 cum
568 755 766 800 verbum
799 771 824 798 a
852 751 1155 798 Zconsonanti
1184 751 1367 814 incipit,
1395 751 1427 797 d
1449 750 1619 814 perdit,

156 839 223 887 ut,
247 830 365 876 haut
389 830 581 887 dudum,
607 840 654 875 et
678 830 796 876 haut
820 829 1039 884 multllm,
1064 837 1110 874 et
1135 828 1254 874 hant
1270 827 1517 890 placitura
1542 844 1619 872 re-

138 907 272 972 fert,
297 917 344 953 et
381 906 562 953 inducit
597 913 628 953 t.
695 906 759 952 Et
784 905 979 970 hujusce
1009 915 1055 951 et
1080 904 1312 968 hujusque
1346 913 1471 951 recte
1507 903 1618 950 scri-
1637 917 1673 947 51

158 985 351 1037 buntur,
389 982 469 1029 sed
509 1000 592 1028 suo
629 982 733 1028 loco
771 991 995 1044 utraque:
1050 999 1158 1027 narn
1197 982 1255 1026 ab
1297 981 1437 1026 hocce
1476 989 1523 1026 et
1561 980 1618 1026 ab

158 1060 302 1106 hacce
338 1061 389 1105 fit
428 1058 654 1123 hijusce:
693 1057 957 1122 alzzgjasque
995 1067 1151 1103 autem
1201 1057 1326 1103 aliud
1365 1057 1618 1120 significat,

157 1134 232 1181 bid
256 1144 327 1180 est
353 1134 739 1198 uniuscnjusque.
801 1135 904 1180 Has
940 1151 1077 1179 voces
1114 1151 1467 1196 nonnunquam,
1500 1151 1619 1179 nun·
1638 1156 1677 1187 52

157 1228 312 1274 quam,
336 1211 565 1274 nunquid,
590 1227 880 1273 quanquam,
905 1226 1117 1272 remquam
1154 1227 1277 1272 saepe
1313 1219 1438 1255 recte
1474 1209 1621 1272 scrip-

158 1297 228 1333 tas
270 1286 560 1348 relinquitis:
611 1285 865 1348 aliquando
904 1293 959 1332 cn
1001 1286 1050 1331 in
1087 1303 1132 1332 m
1168 1285 1492 1340 commutatis,
1527 1302 1621 1331 non

158 1365 442 1428 dnumquom
466 1384 552 1429 pro
582 1384 613 1412 η
642 1365 793 1411 facitis
827 1382 885 1410 m.
957 1364 1084 1416 Quid
1123 1363 1267 1425 igitur
1295 1362 1342 1407 in
1377 1371 1616 1425 posterum
1640 1379 1678 1410 53

157 1441 366 1488 debeatis
392 1442 651 1499 observare,
678 1440 922 1487 attendite.
979 1440 1102 1485 Clari
1138 1439 1184 1485 in
1219 1438 1386 1485 studiis
1411 1439 1514 1494 viri,
1539 1439 1620 1501 qui

159 1518 335 1581 aliquid
361 1518 419 1564 de
444 1517 783 1582 orthographia
808 1517 1138 1580 escripserunt,
1162 1533 1328 1562 omnes
1353 1515 1448 1561 fere
1472 1516 1620 1572 aiunt,

158 1596 280 1642 inter
304 1613 348 1641 m
374 1604 420 1641 et
445 1612 475 1641 n
500 1595 677 1640 litteras
704 1593 911 1640 mediam
937 1610 1120 1648 vocem,
1147 1609 1253 1654 quae
1279 1610 1372 1638 non
1401 1591 1622 1638 abhorret

159 1673 218 1719 ab
242 1681 443 1734 utraque
468 1671 640 1728 littera,
666 1670 744 1716 sed
776 1679 992 1716 neutram
1021 1668 1209 1733 proprie
1247 1668 1498 1731 exprimat,
1523 1676 1618 1714 tam

158 1748 295 1794 nobis
328 1748 490 1794 deesse
525 1765 667 1810 quam
697 1746 893 1803 Graecis,
911 1764 1021 1792 cum
1061 1746 1125 1791 illi
1155 1746 1369 1807 Sartzbym
1399 1745 1621 1799 scribant,

159 1842 248 1871 nec
272 1842 318 1870 m
342 1824 622 1887 exprimere,
648 1841 734 1869 nec
760 1841 804 1869 η.
875 1823 967 1869 Sed
1007 1823 1107 1868 baec
1141 1821 1426 1884 ambiguitas
1463 1822 1509 1867 in
1551 1822 1621 1867 his
1641 1840 1683 1870 54

159 1901 354 1946 fortasse
378 1899 636 1956 vocabulis,
661 1899 783 1945 sicut
808 1898 854 1943 in
882 1898 1100 1960 AmpeZO,
1126 1898 1399 1961 Lycambe:
1437 1915 1547 1943 nam
1574 1897 1622 1943 in

159 1977 330 2022 nostris
357 1975 637 2040 supradictis
663 1993 758 2020 non
784 1984 883 2021 est:
924 1974 1034 2036 quia
1060 1992 1151 2020 non
1180 1974 1301 2020 inter
1325 1992 1370 2020 m
1394 1983 1442 2020 et
1468 1991 1499 2019 n
1525 1991 1624 2019 me-

159 2053 289 2100 dium
329 2062 479 2109 sonat,
514 2070 723 2116 unquam
759 2062 806 2098 et
841 2051 1201 2114 fnomezmquam
1236 2060 1284 2098 et
1319 2051 1506 2107 similia,
1541 2050 1622 2096 sed

159 2131 282 2177 inter
306 2148 337 2176 n
362 2139 407 2176 et
428 2147 490 2193 g,·
523 2146 632 2175 nam
656 2136 702 2174 et
722 2127 879 2174 Graeci
901 2145 1008 2174 cum
1032 2128 1245 2174 scribunt
1268 2128 1458 2189 ἄγγελος,
1481 2127 1621 2189 ἄγγος,
1642 2143 1680 2175 55

160 2206 288 2269 ὄγκος,
313 2215 359 2252 et
395 2206 582 2263 similia,
609 2206 646 2251 si
684 2204 912 2268 syllabam
946 2221 1008 2251 cm
1044 2212 1266 2267 sequatur
1298 2203 1479 2267 syllaba
1516 2220 1622 2265 quae

160 2284 349 2330 initium
378 2283 522 2329 habet
548 2300 573 2328 a
600 2300 637 2346 g
662 2289 776 2327 gaut
801 2299 825 2326 a
852 2298 889 2338 c,
914 2290 1196 2327 convertunt
1219 2298 1249 2326 η
1274 2280 1481 2326 litteram
1518 2279 1564 2324 in
1586 2296 1624 2342 g

160 2369 207 2406 et
241 2378 325 2424 pro
350 2377 381 2405 n
413 2377 451 2423 g
481 2359 707 2412 scribunt,
734 2368 787 2404 ut
824 2356 1268 2420 ἅγγελος,1’ἄγχιστα,
1293 2358 1472 2420 ἅγκυραε
1511 2372 1618 2401 cum

223 2500 243 2519 Χ
263 2492 380 2541 quod]
405 2492 492 2540 quia
511 2491 551 2528 P.
659 2497 677 2524 y
698 2489 930 2536 adverbium]
956 2487 1171 2525 adverbium
1194 2493 1213 2525 e
1235 2489 1274 2524 Ρ.
1372 2495 1411 2522 55
1430 2487 1478 2534 οὗ]
1509 2487 1557 2535 ay
1579 2487 1619 2522 P.

161 2553 179 2572 Ζ
199 2545 449 2590 consonante]
474 2543 695 2580 consonanti
717 2544 755 2579 P.
849 2550 867 2568 a
888 2543 1089 2592 hujusque]
1105 2542 1307 2591 “hujusque
1327 2542 1366 2577 P.
1459 2538 1478 2566 b
1500 2539 1614 2586 idem]

161 2599 196 2635 id
217 2607 274 2635 est
294 2599 334 2634 P.
391 2598 497 2634 N.B.
516 2598 603 2633 huic
625 2596 742 2632 versui
762 2595 964 2645 apponitur
983 2595 1112 2632 obelus
1129 2618 1192 2630 —-.
1358 2601 1375 2621 0
1393 2594 1512 2640 enirn]
1536 2606 1557 2628 n
1579 2594 1618 2628 P.

161 2651 180 2678 d
201 2652 422 2700 numquam]
455 2654 647 2699 nsi-nquam
670 2651 709 2686 P.
741 2650 791 2685 Et
811 2650 854 2685 ad
876 2650 911 2685 h.
936 2662 967 2685 v.
988 2648 1189 2698 apponitur
1208 2647 1338 2684 obelus
1353 2668 1405 2675 —
1427 2660 1497 2683 non
1517 2659 1619 2682 num-

163 2719 270 2753 quam
291 2705 441 2741 Putsch.
584 2711 600 2729 e
620 2701 816 2754 scripsere]
843 2702 1070 2752 scripserunt
1090 2702 1130 2739 P.
1293 2699 1309 2726 f
1327 2699 1615 2747 nonnunquam]

163 2771 404 2807 nonunquam
426 2758 465 2793 P.
488 2764 525 2793 et
544 2756 595 2793 sic
616 2756 724 2793 infra.
871 2762 892 2790 g
911 2756 966 2803 et]
989 2764 1054 2791 aut
1074 2757 1113 2791 P.
1244 2753 1264 2780 h
1283 2754 1454 2801 ἄγχιστα,
1474 2751 1616 2800 ἄγκυρα]

161 2828 301 2860 ἄγκυρα,
321 2827 481 2858 α’γΎίσίρα
501 2811 540 2846 P-

165 2918 215 2957 54
236 2909 418 2958 unquam]
438 2916 479 2945 ut
493 2921 671 2957 unquam.
693 2907 1032 2944 TERHAERIUS.
1065 2906 1114 2942 Et
1129 2904 1181 2942 sic
1198 2903 1351 2941 Vossius
1368 2904 1410 2940 A.
1425 2903 1492 2939 Gr.
1508 2902 1540 2939 1.
1560 2912 1618 2936 20.

876 2986 909 3015 D
