1962 3355
348 208 442 246 322
808 200 961 247 Atilii
984 200 1325 247 Fortzmatiani
1636 213 1746 244 PAR.
1763 214 1794 244 1.

313 339 327 359 2
349 320 547 367 credidit
582 321 871 367 ”convenire
940 321 1084 384 Apud
1118 330 1300 367 nostros
1335 321 1424 365 hoc
1455 327 1661 365 metrum
1701 335 1796 364 non

349 396 544 460 reperio,
614 396 905 460 Exemplum
933 397 1030 459 ejus
1056 397 1148 442 tale
1172 404 1256 452 est,

403 473 598 522 Frugg'ferae
617 486 721 509 sacra
737 476 808 509 ἄρα.)
825 487 901 521 quae
921 475 1036 509 colitis
1056 475 1204 520 mystica
1215 471 1422 519 junctaeque
1436 472 1523 509 Jovi
1541 471 1692 519 nefasto.

350 542 500 588 Hunc
558 542 890 588 hexametrum
937 559 996 586 ex
1044 558 1241 586 numero
1288 540 1488 586 bacchio
1534 540 1801 603 composuit

351 617 594 672 Philicius,
631 635 724 679 quo
766 635 877 662 usus
927 625 997 662 est
1044 616 1184 662 etiam
1228 616 1558 670 Archebulus3
1611 615 1668 662 de
1707 633 1800 678 quo

351 702 539 739 auctore
565 711 703 756 supra
727 692 892 746 retuli3
931 692 1071 738 clusit
1096 701 1254 737 autem
1290 691 1628 737 bantibacchio.
1697 691 1801 737 Nu-

352 787 506 815 merus
529 769 606 814 hic
629 768 846 830 frequens
872 778 942 814 est
967 767 1090 833 apud
1116 767 1314 831 lyricos3
1351 776 1398 813 et
1420 768 1655 832 praecipue
1676 767 1802 832 apud

312 846 583 901 3Alcaeum,
630 844 840 908 Sappho,
886 846 1204 891 Anacreonta.
1290 843 1515 891 Nascitur
1554 853 1715 890 tamen
1757 853 1803 890 et

352 920 430 967 hic
467 921 525 966 ab
565 920 723 976 heroo,
750 929 884 966 cnam
923 922 962 966 si
997 920 1186 983 dactylo
1218 919 1387 983 primo,
1413 920 1494 982 qui
1531 929 1714 966 constat
1744 937 1803 966 ex

349 998 490 1060 longa
515 1007 562 1043 et
587 997 770 1042 duabus
809 997 1044 1052 brevibus,
1071 997 1307 1059 djunxeris
1338 997 1576 1059 sequentis
1611 996 1804 1060 dactyli,

350 1074 421 1119 vel
443 1073 655 1137 spondei,
673 1073 902 1135 syllabam
929 1074 1149 1137 primam,
1173 1073 1314 1119 facies
1340 1073 1686 1129 choriambum,
1712 1073 1804 1118 hoc

351 1149 508 1203 modo,
542 1149 697 1195 Arma
722 1151 908 1203 verum,-
951 1166 1008 1195 ex
1043 1149 1256 1212 sequenti
1282 1167 1418 1196 versu
1443 1149 1657 1196 Italiam.
1727 1148 1805 1195 Ad

352 1242 591 1271 summam
631 1233 983 1287 pentametrum
1027 1225 1244 1282 heroum,
1281 1226 1362 1288 qui
1402 1226 1546 1272 habet
1592 1225 1805 1289 dactylos

350 1302 528 1365 primos
576 1301 710 1357 duos,
753 1300 944 1362 adjectis
986 1301 1168 1347 duabus
1222 1301 1414 1365 syllabis
1463 1301 1615 1365 longis
1664 1301 1805 1348 facies

351 1378 772 1434 echoriambicum‚
796 1378 924 1423 velut
950 1377 1094 1434 hunc,

529 1455 647 1494 Unde
668 1468 779 1493 meu-5
803 1455 943 1493 veniat
963 1454 1096 1493 mollis
1115 1455 1160 1492 in
1181 1468 1256 1494 ονα
1277 1454 1392 1494 liber.

351 1532 497 1578 Velut
522 1532 672 1578 fhunc
697 1549 753 1577 ex
780 1532 924 1578 heroo
949 1541 1246 1595 pentametro
1271 1531 1365 1578 sic:

529 1609 648 1648 Unde
668 1622 780 1648 meus
803 1609 943 1648 veniat
962 1608 1094 1649 mollis
1115 1610 1188 1647 gin
1209 1608 1293 1648 Ieaee
1313 1622 1387 1647 ora
1407 1608 1523 1648 liber.

356 1663 433 1715 Et,

523 1731 640 1770 Dum
662 1743 775 1769 meus
796 1730 965 1770 assiduo
987 1730 1120 1770 luceat
1140 1731 1241 1785 igne
1261 1730 1426 1784 hftcus.

638 1874 771 1925 CAP.
799 1874 897 1926 VI.
943 1876 1027 1925 De
1055 1875 1303 1926 Pceonico
1331 1883 1512 1926 metro.

421 1973 665 2020 Paeonicus
702 1991 859 2019 versus
897 1972 1151 2035 quadratus
1186 1975 1244 2020 ab
1274 1974 1596 2038 Aristophane
1626 1974 1810 2020 comico

354 2050 646 2112 compositus
676 2059 745 2096 est
771 2067 827 2096 ex
853 2067 907 2096 eo
931 2067 1113 2114 paeone,
1139 2050 1219 2112 qui
1245 2059 1429 2096 constat
1460 2051 1601 2114 longa
1631 2051 1812 2114 syllaba

355 2134 401 2171 et
439 2125 588 2172 tribus
626 2126 862 2181 brevibus,
888 2126 1093 2172 cluditur
1129 2136 1286 2173 autern
1324 2128 1512 2183 cretico,
1538 2126 1619 2189 qui
1644 2135 1690 2172 et
1714 2127 1813 2190 ipse

355 2210 540 2247 constat
575 2201 788 2262 ejusdem
832 2202 1030 2265 generis,
1069 2212 1114 2248 et
1156 2214 1427 2266 temporum
1471 2202 1669 2249 totidem
1719 2219 1812 2264 quo

355 2277 447 2334 ille,
475 2294 568 2322 una
603 2277 786 2340 parcior
822 2278 1001 2340 syllaba
1034 2278 1107 2333 sit,
1133 2279 1220 2323 nisi
1261 2280 1375 2324 fluat
1408 2278 1574 2324 eodem
1614 2295 1812 2323 numero

357 2352 610 2416 rhythmos
636 2370 731 2398 non
759 2362 963 2398 metrum
991 2355 1087 2411 fiet,
1114 2354 1254 2415 hujus
1281 2355 1573 2418 exemplum,

384 2440 586 2495 Egregia
600 2440 806 2495 percoluit
824 2442 1001 2496 ingenia
1021 2444 1167 2482 musici
1190 2444 1402 2483 carminis.

368 2508 493 2547 More
508 2513 615 2548 tenet
629 2508 864 2563 ingenium,
877 2509 937 2549 sic
953 2508 1148 2564 iTgsberis
1166 2511 1412 2565 implacidus
1429 2512 1473 2550 in
1491 2511 1628 2550 maria
1643 2510 1812 2550 labitur.

411 2686 430 2706 a
451 2682 635 2716 convenire
657 2693 742 2716 cum
765 2681 810 2716 V.
833 2681 941 2729 posui
962 2689 1047 2730 post
1068 2683 1232 2718 credidit.
1343 2681 1363 2708 b
1385 2684 1626 2730 antibat-chio]
1650 2684 1813 2719 antibac-

358 2734 442 2769 cheo
464 2733 510 2770 V.
612 2740 627 2759 c
649 2746 732 2769 nam
753 2735 799 2780 si]
824 2734 927 2780 quasi
946 2734 991 2770 V.
1093 2732 1307 2783 djzmxeris]
1331 2738 1361 2772 si
1370 2736 1540 2782 junxeris
1558 2738 1604 2772 V.
1693 2743 1709 2762 θ
1730 2737 1813 2771 cho-

358 2787 585 2834 riambicum]
612 2787 890 2822 choriambicum
910 2788 1103 2823 iambicum
1125 2789 1170 2824 V.
1307 2787 1322 2815 f
1341 2790 1451 2837 hunc]
1478 2790 1547 2826 huc
1567 2790 1612 2825 V.
1737 2795 1758 2823 g
1778 2791 1813 2823 in

360 2839 450 2886 haec]
473 2840 545 2875 haec
565 2853 642 2876 om.
660 2840 707 2876 V.
818 2838 839 2865 h
847 2840 977 2888 focus]
1003 2840 1117 2877 Addit
1135 2842 1182 2878 V.
1215 2843 1317 2878 Dum
1337 2855 1435 2879 meus
1456 2844 1598 2879 assiduo
1612 2843 1731 2878 luceat
1750 2842 1815 2877 hoc

359 2892 572 2941 ignefocus.
684 2891 694 2918 i
720 2893 882 2941 Tyberis]
913 2894 1048 2930 Tiberis
1068 2895 1114 2930 V.
