1962 3355
131 178 236 210 CAP.
263 174 334 210 11.
572 166 655 211 De
678 172 844 212 metrzs
868 168 1147 228 compositis.
1489 180 1583 229 299

537 330 623 377 De
646 330 937 379 Archebulz‘o
960 332 1176 396 hem-iepi.
1604 359 1623 389 s,

196 442 541 490 Archebalz'um
580 443 813 505 lzemicpes
853 453 1038 490 constat
1074 444 1259 491 duobus
1300 444 1501 508 dactylis
1538 452 1587 491 et

131 536 150 564 s
190 518 358 575 ondeo‚

154 537 185 582 p
528 585 741 627 Eraerz'nt
760 586 908 627 Danai
927 602 1029 643 quce.

529 653 699 694 Emicat
722 655 882 695 Oceano
900 655 989 695 lux.

135 740 267 787 Huic
287 740 445 789 addita
464 751 583 790 auna
599 744 781 808 syllaba
797 744 938 791 faciet
954 745 1280 792 hemidexium
1299 745 1586 800 trimetrum,

134 816 193 863 de
212 835 307 880 quo
332 836 471 881 supra
496 820 707 867 tractavi.
777 820 1008 867 Manente
1032 839 1142 868 vero
1168 822 1214 867 in
1239 822 1467 885 qualitate
1492 838 1590 877 sua,

135 894 215 940 sed
241 894 416 952 bverso,
435 895 522 942 erit
543 897 834 960 Glyconium
856 898 1124 944 trimetrum
1146 915 1203 944 ex
1231 897 1456 962 spondeo,
1476 896 1592 943 duo-

135 972 222 1016 bus
248 971 465 1036 dactylis.
534 973 613 1019 De
637 992 732 1036 quo
760 974 903 1020 etiam
942 985 1050 1021 ante
1085 975 1225 1021 docui
1262 975 1309 1021 in
1346 974 1592 1040 speciebus

134 1047 355 1111 dactylici
383 1049 536 1096 metri.

333 1191 415 1237 De
439 1191 700 1255 logaoedico
724 1192 1033 1239 Archilochio
1058 1172 1390 1256 ithyphallico.
1616 1216 1632 1249 7

201 1277 554 1342 Logaoedicum
579 1279 941 1326 Archilochium
976 1279 1344 1343 ithyphallicum
1375 1281 1429 1326 fit
1460 1288 1598 1341 quat-

134 1364 241 1400 tuor
264 1355 510 1419 dactylicis
536 1356 737 1419 pedibus
761 1364 833 1403 cet
855 1357 1007 1403 tribus
1032 1357 1264 1403 trochaeis.
1318 1355 1596 1402 Novissima

136 1432 317 1495 syllaba
340 1431 652 1479 dindifferens.

249 1507 442 1548 Solvitur
461 1509 573 1548 acris
593 1507 733 1562 hyems
748 1513 883 1563 grata
904 1507 991 1547 vice
1011 1508 1124 1548 veris
1143 1513 1180 1548 et
1198 1507 1380 1547 Favoni.

137 1582 269 1629 Huic
294 1581 510 1628 eadditur
538 1582 654 1628 alter
678 1599 836 1628 versus
863 1591 1084 1629 constans
1108 1599 1166 1628 ex
1197 1581 1407 1628 diiambo
1431 1589 1477 1627 et
1503 1579 1597 1644 syl—

135 1659 241 1705 laba
266 1668 313 1706 et
337 1659 487 1705 tribus
515 1659 748 1705 trochaeis.

369 1736 645 1792 Trahuntquc
664 1738 795 1777 siccas
815 1736 1017 1776 machina?
1036 1737 1222 1776 carinas.

138 1808 231 1855 Sed
256 1808 384 1872 puris
409 1809 626 1855 trochaeis
652 1810 930 1873 exemplum
957 1809 1050 1855 hoc
1074 1817 1172 1854 est:

251 1886 423 1926 Alte-rno
444 1891 599 1925 terram
619 1887 815 1940 quatiunt
826 1885 934 1941 pede
954 1885 1050 1925 dum
1067 1886 1224 1941 gravis
1247 1884 1472 1939 Cyclopum

374 1954 579 1993 Vulcanus
598 1953 751 1993 ardens
773 1953 901 1993 fassit
919 1953 1138 2007 ‹ffcz'nam

139 2033 231 2079 Sed
256 2043 309 2080 ut
332 2034 533 2080 breviter
556 2032 826 2090 doceamus,
847 2031 1164 2094 quodcunque
1184 2038 1391 2076 metrum
1412 2037 1597 2075 consta-

138 2110 209 2156 bit
243 2118 267 2149 g
276 2127 333 2156 ex
358 2109 596 2174 dactylico
620 2118 667 2156 et
690 2109 947 2164 trochaiCO,
972 2106 1293 2172 logaoedicum
1318 2105 1598 2170 ithyphalli-

138 2203 246 2234 cum
273 2186 621 2250 hnuncupatur.

534 2327 620 2375 De
643 2328 895 2391 composito
919 2326 1203 2374 Pindarico.
1615 2348 1634 2378 3

209 2416 533 2480 Compositum
562 2417 882 2464 Pindaricum
920 2417 975 2462 fit
1015 2411 1444 2479 penthemimerico
1479 2411 1598 2457 iam-

139 2494 247 2540 bico
282 2511 341 2540 ex
374 2503 574 2556 utraque
605 2503 738 2558 parte
768 2493 940 2557 posito,
971 2501 1018 2539 et
1050 2494 1099 2538 in
1134 2490 1291 2538 medio
1325 2488 1598 2554 penthemi-

140 2570 316 2616 merico
340 2569 588 2633 dactylico.

195 2743 214 2764 a
233 2736 390 2786 syllaba]
411 2749 483 2772 una
503 2736 641 2783 syllaba
661 2736 704 2771 L.
832 2734 852 2762 b
874 2736 994 2782 verso]
1016 2734 1122 2771 verbo
1141 2734 1184 2769 L.
1303 2739 1319 2759 c
1338 2736 1372 2768 et
1393 2731 1505 2767 tribus
1525 2734 1597 2764 tro-

141 2791 245 2826 chaeis
264 2803 341 2827 om.
362 2790 404 2826 L·.
542 2787 561 2815 d
580 2788 808 2836 indifferens]
831 2789 1075 2837 indifferenter
1093 2788 1137 2823 L.
1276 2791 1292 2811 e
1311 2784 1449 2830 aditur]
1473 2783 1595 2817 adori-

143 2849 203 2880 tur
221 2844 266 2881 L.
405 2841 420 2869 f
436 2840 547 2889 ussit]
561 2841 673 2888 jussit
692 2842 735 2878 L.
873 2849 894 2877 g
913 2855 957 2878 ex
979 2840 1162 2891 dactylico
1182 2847 1220 2876 et
1239 2837 1446 2882 trochaico]
1469 2834 1531 2871 Sic
1551 2834 1595 2869 L.

141 2896 364 2947 dactylicum
385 2904 423 2933 et
442 2896 669 2933 trochaicum
692 2895 901 2931 Putschius.
1007 2893 1029 2920 h
1050 2891 1303 2942 nuncupatur]
1326 2891 1533 2926 nominatur
1552 2887 1595 2922 L.

796 2968 935 3019 aq2
