1962 3355
155 179 260 209 CAP.
281 171 358 210 35.
596 160 679 207 De
702 160 866 206 metris
891 158 1209 204 Horatianis.
1511 164 1606 211 509

154 284 331 330 duntur
355 283 437 338 sic,
458 280 648 346 hippius
672 279 853 335 tertius,
882 277 1004 341 [sive
1023 277 1166 323 etiam
1188 274 1463 339 diiambus‚]
1490 274 1608 320 ioni-

155 379 236 408 cus
263 360 337 406 ἀπὸ
361 360 548 421 μείζονος,
573 358 807 422 dactylus,

391 436 507 476 Vides
528 441 575 475 ub
594 434 693 489 allia
714 438 791 474 stet
812 430 916 485 nivel
938 429 1173 470 candidum.

155 508 575 573 Ὕπερκαταληκτικὸς
600 508 680 562 sic,
706 506 923 571 epitritus
950 503 1115 550 tertius
1143 502 1228 557 bis,
1255 501 1472 564 semipes,

385 587 529 642 Sylva>
549 586 793 639 letbolrarztes
808 582 1011 638 gelnssqne.

159 659 366 712 Quartus
397 659 478 716 sic,
505 657 737 721 dactylus,
762 654 1082 708 choriambus,
1109 649 1348 707 bacchius,

387 735 430 774 F
429 734 599 786 lumina}
622 731 890 783 comtum-inti
912 734 1044 769 acuto.

161 808 271 853 Hoc
321 816 523 853 metrum
572 807 630 852 ab
679 804 882 851 Horatio
928 800 1265 864 compositum,
1301 799 1398 845 ‘alio
1444 816 1613 861 genere

161 882 415 937 scanditur,
450 881 577 944 quod
612 889 797 926 constat
834 879 923 924 bex
960 878 1110 924 tribus
1136 875 1356 922 Alcaicis.
1427 876 1613 921 Primus

160 969 207 1006 et
233 959 464 1005 secundus
490 976 648 1004 versus
685 974 741 1003 ex
779 955 1157 1020 penthemimere
1193 961 1378 999 constat
1408 951 1615 997 iambico

162 1047 208 1083 et
243 1036 427 1082 duobus
465 1034 693 1097 dactylis:
727 1033 890 1079 tertius
933 1049 991 1077 ex
1017 1031 1215 1094 epitritis
1248 1030 1397 1076 tertiis
1431 1029 1615 1075 duobus

162 1123 209 1159 et
234 1113 439 1176 syllaba:
477 1120 671 1174 quartus
701 1127 758 1156 ex
785 1109 986 1155 dimetro
1012 1108 1198 1162 cheroo,
1224 1115 1270 1153 et
1294 1106 1496 1152 dimetro
1522 1114 1617 1150 tro-

162 1189 339 1235 chaico.

232 1264 434 1310 Decima
460 1262 564 1318 ode,
590 1260 796 1318 ᾱῧίκωλος,
821 1260 1116 1324 Sapphicum
1148 1267 1352 1305 metrum
1385 1255 1618 1302 hendeca-

165 1340 398 1404 syllabum
442 1339 600 1392 habet,
638 1347 683 1383 et
720 1355 803 1401 per
841 1345 1093 1399 quaternos
1135 1345 1320 1380 eversus
1365 1332 1618 1379 scanditur.

165 1416 230 1463 Et
264 1416 406 1461 habet
439 1425 531 1460 tres
567 1414 758 1471 similes,
783 1431 843 1459 ex
868 1413 1038 1475 quibus
1065 1428 1188 1457 unus
1215 1418 1402 1456 constat
1427 1426 1484 1455 ex
1523 1408 1621 1472 epi-

165 1492 276 1538 trito
302 1490 524 1546 secundo,
549 1490 840 1544 choriambo,
866 1498 913 1535 et
936 1487 1151 1544 bacchio,
1176 1487 1256 1543 sic,

395 1566 800 1621 Illercurz'fasscunde
822 1567 954 1620 nepos]
978 1565 1175 1605 Atlantis.

168 1641 226 1687 In
253 1641 379 1687 hunc
414 1640 610 1686 modum
647 1648 755 1685 sunt
791 1646 1040 1700 sequentes
1074 1636 1168 1681 duo
1207 1653 1378 1681 versus.
1449 1633 1620 1681 fVersu

169 1725 337 1779 quarto
374 1716 538 1779 recipit
563 1715 787 1778 strophen
816 1714 1037 1760 heroicen
1064 1713 1234 1759 telicen
1260 1712 1513 1766 dimetron,
1539 1711 1620 1766 sic,

168 1792 401 1856 dactylus,
427 1791 679 1855 spondeus,

397 1874 520 1914 llIore
536 1873 755 1928 pctwlestrae.

239 1951 510 2000 Undecima
536 1951 624 1997 ode
643 1950 933 1997 Pl'ialaecium
963 1958 1165 1996 metrum
1196 1948 1353 2005 habet,
1372 1956 1419 1993 et
1436 1954 1623 1994 constat

170 2029 397 2082 versibus,
423 2028 504 2090 qui
530 2027 852 2073 &scanduntur
884 2026 964 2082 sic,
991 2026 1243 2090 spondeus,
1268 2025 1500 2089 dactyluS,
1525 2023 1624 2070 hse-

172 2105 340 2169 mipes,
365 2103 597 2167 dactylus,
622 2103 840 2167 semipes,
866 2102 960 2149 duo
985 2102 1178 2166 dactyli,

225 2290 246 2318 b
265 2305 309 2328 ex
328 2292 473 2328 duobus
494 2289 652 2333 alcaicis,
676 2288 816 2339 primus
837 2297 873 2325 et
900 2288 1084 2325 secundus
1111 2301 1235 2324 versus
1263 2300 1304 2324 ac
1333 2288 1627 2337 penthemimere

174 2345 332 2382 iambica
351 2352 388 2380 et
413 2344 557 2380 duobus
578 2343 750 2393 dactylis]
783 2355 825 2379 ex
853 2343 965 2378 tribus
994 2344 1139 2377 alc-uicis
1163 2344 1303 2389 primus
1332 2347 1365 2376 et
1395 2343 1567 2377 secundus
1593 2346 1627 2376 et

174 2400 345 2435 secundus
364 2398 489 2432 verbus
508 2409 550 2432 ex
574 2402 850 2444 pentememeres
883 2401 1023 2431 constat
1050 2396 1198 2432 iambico
1230 2400 1265 2430 et
1296 2396 1431 2430 duobus
1460 2395 1626 2441 dactylis.

177 2453 303 2487 tertius
331 2463 373 2486 ex
398 2452 552 2497 epitritis
581 2451 694 2485 tertiis
723 2451 859 2485 duobus
877 2449 921 2484 A.
954 2461 996 2484 ex
1023 2449 1329 2484 tribus—constat
1352 2449 1500 2484 iambico
1530 2447 1626 2483 Ven.

176 2512 191 2531 c
211 2512 248 2539 et
269 2503 436 2551 heroico]
462 2503 568 2538 heroo
587 2503 632 2539 A.
762 2501 781 2528 d
801 2503 944 2548 δίκωλος]
971 2504 1161 2537 τεῖναι-οἷος
1181 2502 1223 2537 Α.
1248 2502 1345 2537 Ven.
1467 2508 1483 2527 e
1503 2513 1627 2536 versus

177 2557 372 2606 procurrit.
428 2554 566 2591 Tribus
605 2554 786 2605 prioribus
830 2554 1020 2591 scanditur
1059 2555 1223 2591 trochaeo
1260 2554 1427 2603 spondeo
1465 2554 1628 2590 trochaeo

177 2610 302 2646 iambo
322 2616 360 2644 et
379 2607 534 2643 bacchio
554 2607 624 2654 sic]
650 2621 770 2643 versus
794 2609 979 2643 scanditur
1007 2613 1042 2643 et
1069 2609 1176 2643 habet
1201 2613 1270 2643 tres
1296 2609 1426 2643 similes
1446 2620 1488 2642 ex
1508 2608 1630 2654 quibus

178 2675 269 2698 unus
298 2666 437 2697 constat
459 2673 501 2696 ex
527 2662 662 2696 (luobus
681 2661 895 2696 choriambis
913 2666 947 2696 et
968 2662 1112 2696 bacchio
1131 2663 1180 2696 sic
1200 2662 1242 2696 A.
1260 2661 1628 2707 procurrit—priori-

180 2717 242 2751 bus
261 2723 299 2751 et
321 2714 645 2750 troclzaeo—z'ambo
666 2726 741 2749 om.
763 2714 860 2749 Ven.
1010 2712 1026 2739 f
1043 2714 1187 2752 Quarto
1209 2713 1337 2762 recipit
1358 2713 1549 2761 strophen,
1570 2710 1630 2746 vel

179 2770 288 2804 nicen
308 2767 452 2804 celicon
472 2766 690 2812 climeteon]
713 2778 814 2801 versu
836 2771 964 2812 quarto
984 2768 1115 2814 recepit
1134 2767 1302 2814 stroplzen
1323 2767 1485 2801 lzeroz'cen
1506 2765 1630 2798 telicen

179 2824 356 2858 dimetron
377 2822 421 2857 A.
533 2826 554 2854 g
574 2819 625 2855 sic
645 2819 888 2865 scanduntur]
910 2821 1132 2855 scanduntur
1151 2822 1201 2855 sic
1216 2821 1259 2855 A.
1276 2819 1371 2854 Ven.
1403 2819 1522 2865 Supra
1539 2817 1632 2863 pha-

182 2876 327 2910 {eutium
353 2873 447 2909 Ven.
575 2870 596 2898 h
616 2872 803 2922 spondeus
823 2871 989 2920 dactylus
1010 2873 1168 2922 semipes
1190 2871 1356 2921 dactylus
1377 2869 1536 2918 semipes
1557 2869 1632 2905 duo

1640 1274 1677 1296 10

1645 1966 1678 1986 11
