1962 3355
163 162 271 194 CAP.
288 155 366 194 35.
601 147 684 192 De·
707 146 873 192 metris
902 146 1204 192 Horatianis,
1525 154 1612 192 511

161 265 239 311 tiis
265 274 310 311 et
334 283 427 311 una
454 265 647 329 syllaba.
701 264 926 319 Quartus,
945 264 1025 325 qui
1053 263 1277 326 strophen
1299 263 1490 322 claudit,
1510 282 1619 310 con-

162 351 254 388 stat
278 359 335 387 ex
361 342 564 387 dimetro
590 341 780 387 heroico
806 349 851 386 et
876 340 1080 386 dimetro
1104 340 1358 386 trochaico.

227 419 442 481 Septima
474 417 656 464 decima
690 417 778 463 ode
804 416 1127 480 supradictum
1157 425 1362 463 metrum
1389 417 1546 473 habet,
1571 427 1618 464 et

162 496 382 542 similiter
408 506 606 558 utroque
632 512 801 557 genere
827 493 1083 549 scanditur,

396 573 516 612 Velox
536 571 765 624 arnoejnurn!
790 577 916 626 tsape
937 570 1211 623 Lucrefltilem.

227 644 408 690 Octava
442 645 626 691 decima
651 644 739 690 ode
773 644 1069 708 Sapphicum
1113 643 1613 707 heccedecasyllabum

161 728 365 766 metrum
404 721 561 777 habet,
587 721 713 783 quod
740 730 924 767 constat
949 719 1172 783 spondeo,
1199 728 1245 765 et
1278 721 1427 766 tribus
1460 720 1618 766 chOri-

161 796 330 853 ambis,
357 805 403 841 et
429 797 720 860 pyrrhichio,

296 874 483 927 Nullam}
514 875 617 914 Vare
635 876 767 927 sacra}
791 874 872 913 vite
886 872 1021 928 prius}
1043 874 1198 913 severis
1219 873 1433 928 ar[b0rem.

225 946 368 992 Nona
411 946 596 992 decima
632 946 721 992 ode
764 945 1084 992 Horatianum
1127 955 1332 992 metrum
1373 947 1532 1003 habet,
1569 955 1616 992 et

160 1032 343 1068 constat
369 1040 424 1068 ex
453 1023 694 1086 Glyconio
719 1031 766 1068 et
789 1021 1117 1085 Asclepiadeo,
1141 1022 1267 1085 quod
1304 1039 1443 1086 supra
1468 1023 1614 1086 scrip-

158 1108 296 1162 ptum
335 1108 406 1144 est
442 1099 486 1144 in
527 1099 691 1161 ecloga
727 1098 1004 1162 proseuticae
1039 1099 1240 1161 Virgilii.
1308 1099 1419 1145 Alio
1455 1108 1612 1145 autem

158 1192 329 1237 genere
367 1174 606 1220 scanditur
640 1192 723 1238 per
761 1174 896 1220 binos
936 1192 1111 1232 versus,
1135 1192 1337 1237 quorum
1383 1192 1504 1221 unus
1545 1184 1615 1222 est

157 1251 362 1314 tripodia
386 1251 634 1314 dactylica,
661 1251 776 1296 alter
802 1251 1221 1313 penthemimeres,

386 1326 539 1383 Mater)
563 1341 675 1367 sceva
701 1326 996 1382 Culpz'dinum.

222 1398 461 1445 Vicesima
497 1399 584 1445 ode
621 1399 918 1463 Sapphicum
956 1407 1162 1446 metrum
1200 1400 1359 1458 habet,
1394 1399 1520 1462 quod
1560 1409 1615 1447 ut

158 1493 299 1539 supra
325 1475 552 1532 diximus,
577 1475 830 1530 scanditur,

392 1552 484 1606 Vilel
505 1553 680 1608 potalbis
700 1552 890 1607 madii-is}
913 1552 1135 1593 Sabinum.

222 1625 461 1672 Vicesima
492 1625 646 1689 prima
670 1625 757 1671 ode
783 1625 1103 1671 Horatianum
1139 1634 1343 1671 metrum
1383 1626 1541 1682 habet,
1566 1636 1612 1673 et

1639 439 1674 471 17

1639 656 1675 686 18

1637 963 1675 994 ¹9

1633 1423 1674 1445 20

1633 1652 1668 1673 21

156 1720 240 1765 per
264 1712 516 1764 quaternos
551 1720 710 1749 versus
743 1702 999 1758 scanditur,
1023 1719 1225 1764 quorum
1264 1701 1359 1747 duo
1394 1712 1613 1750 constant
1666 1712 1669 1715 “

157 1795 214 1823 ex
238 1777 578 1843 Asclepiadeis,
602 1779 767 1824 tertius
798 1778 1112 1832 Pherecrati0‚
1138 1786 1332 1840 quartus
1358 1779 1611 1842 Glyconio.

157 1854 251 1900 Alii
285 1872 395 1900 vero
431 1854 497 1900 sic
533 1854 781 1912 scandunt,
805 1855 939 1901 uduae
975 1854 1396 1917 penthemimeres,
1422 1865 1469 1902 et
1504 1855 1611 1902 duae

157 1931 372 1994 tripodiae
397 1930 660 1994 dactylicae,

213 2039 223 2059 ῑ
244 2039 344 2084 Saepe
366 2039 576 2075 lucretilem.
637 2039 774 2074 Octaba
803 2040 941 2074 decima
973 2041 1037 2074 ode
1065 2038 1285 2085 Sappliicum
1311 2040 1343 2073 ei
1371 2040 1611 2087 eccedccasyl-

159 2092 278 2127 tabum
307 2091 412 2127 habet
442 2093 536 2139 quod
565 2097 704 2127 constat
735 2093 882 2139 spondio
916 2096 951 2127 et
979 2092 1090 2127 tribus
1119 2092 1333 2127 choriambis
1365 2097 1399 2127 et
1427 2094 1613 2140 pyrrichio

158 2146 259 2180 nulla
281 2157 402 2180 narare
420 2158 524 2180 sacra
545 2147 615 2180 vite
633 2148 734 2192 prius
761 2147 890 2180 severis
910 2146 1085 2181 arborem.
1144 2145 1391 2181 Nonadecima
1418 2147 1483 2181 ode
1504 2147 1611 2182 hora-

160 2200 296 2233 tianum
324 2203 476 2233 metrum
504 2199 609 2234 habet
634 2204 668 2234 et
697 2203 835 2234 constat
859 2211 900 2234 ex
923 2199 1089 2245 glyconio
1115 2200 1357 2246 caselepiadeo
1385 2200 1477 2246 quod
1503 2212 1613 2246 supra

156 2252 324 2287 scribtum
347 2256 397 2286 est
418 2253 453 2286 in
474 2253 602 2298 egloga
629 2264 732 2298 prose
761 2253 854 2287 utice
880 2252 1030 2299 Vergilii
1062 2254 1116 2298 (in
1142 2253 1282 2299 aegloga
1305 2254 1507 2300 proseutice
1533 2253 1613 2288 Vir-

155 2306 236 2351 gilii
259 2304 368 2350 ven.)
392 2306 464 2340 alio
486 2311 607 2340 autem.
636 2318 767 2352 genere
796 2307 983 2340 scanditur
1007 2318 1074 2352 per
1096 2306 1193 2341 binos
1213 2318 1333 2342 versus
1352 2318 1503 2353 quorum
1523 2319 1614 2341 unus

158 2363 210 2393 est
245 2359 398 2404 tripodia
431 2359 609 2405 dactylica
641 2360 735 2394 alter
774 2359 1074 2405 pcntlicmemeres
1113 2364 1228 2394 mater
1265 2371 1357 2395 saeva
1391 2361 1612 2406 cupidinum.

163 2411 340 2457 Vigesima
362 2412 426 2445 ode
447 2411 666 2458 Sappliicum
694 2417 842 2447 metrum
866 2412 972 2447 habet
993 2414 1088 2459 quod
1116 2417 1154 2447 ut
1182 2414 1448 2460 supradiximus
1472 2414 1615 2448 scandi-

161 2470 220 2499 tur
239 2464 465 2509 vile7)ot(1vis
483 2467 630 2500 modicis
651 2466 797 2501 Savino.
852 2466 1021 2501 Vicesima
1050 2467 1171 2513 prima
1192 2467 1256 2501 ode
1277 2466 1508 2501 horatianum
1539 2479 1611 2501 me-

161 2522 253 2552 trum
277 2517 383 2551 habet
413 2522 445 2552 et
467 2530 535 2563 per
555 2524 749 2564 quaternus
777 2532 897 2554 versas
923 2520 1110 2554 scanditur
1139 2531 1287 2567 querum
1315 2521 1385 2555 duo
1411 2524 1550 2554 constat
1572 2532 1614 2555 ex

159 2570 390 2616 asclepiadeis
420 2572 546 2605 tertius
564 2570 777 2618 ferecratio.
821 2577 972 2619 quartus
998 2573 1164 2619 glyconio
1184 2574 1250 2608 alii
1269 2584 1351 2608 vero
1370 2574 1419 2608 sic
1436 2575 1612 2608 scandunt

158 2625 228 2659 duo
255 2623 554 2669 pentlzememeres
574 2629 607 2658 ct
627 2627 697 2660 duo
718 2627 879 2672 trepodia
900 2627 1075 2673 dactylice
1100 2627 1246 2661 dianam
1275 2631 1393 2661 tenere
1414 2627 1522 2661 dicite
1539 2628 1612 2662 vir-

156 2678 266 2723 gines.
314 2676 485 2710 Vicesima
514 2679 668 2712 secunda.
690 2679 754 2712 ocle
780 2679 869 2713 idem
892 2683 1043 2714 metrum
1064 2680 1170 2715 habet
1191 2684 1223 2714 et
1244 2681 1352 2715 simili
1372 2681 1474 2714 modo
1494 2680 1613 2726 dupli-

159 2731 246 2765 citer
265 2731 462 2771 scanditur,
483 2732 575 2764 vitat
597 2730 715 2770 inuleo
736 2743 789 2765 me
807 2732 932 2766 similis
952 2732 1062 2767 chloe.
1116 2733 1288 2768 Vicesima
1310 2733 1416 2767 tertia
1438 2732 1502 2766 ode
1521 2733 1612 2766 idem

157 2788 312 2818 metrum
343 2782 448 2817 habet
476 2787 510 2817 et
534 2794 602 2829 per
635 2790 830 2830 quaternus
857 2797 977 2819 versus
1005 2787 1202 2822 scanditur.
1241 2786 1303 2821 sed
1335 2789 1405 2819 tres
1430 2789 1612 2831 penteme-

159 2848 271 2871 meres
297 2848 403 2871 unum
433 2837 493 2883 qui
524 2837 779 2883 tripoli—qua>
799 2837 965 2883 glyconio
984 2839 1031 2874 A.
1064 2839 1286 2887 Sappliicum
1303 2837 1611 2884 endecasyllabum

159 2889 255 2924 Ven.
421 2895 441 2913 ¹¹
461 2889 531 2923 duo
555 2889 649 2924 Ven.
