1962 3355
436 166 683 213 Prisciani
707 166 764 212 de
788 165 968 212 Metris
998 164 1309 210 Comicorum.
1512 171 1615 208 411⁴

156 303 273 341 ram,
299 285 398 331 fieri
429 294 589 331 tamen
629 285 719 330 hoc
755 283 896 330 idem.
966 283 1323 329 Solent'autem
1361 281 1522 327 Latini
1559 281 1606 327 in
1627 299 1644 329 3

158 361 319 407 multis
359 361 545 407 initium
584 359 776 423 aliquod
814 359 1097 422 accipientes
1139 377 1165 405 a
1204 358 1397 415 Graecis,
1434 358 1493 403 ab
1530 375 1609 403 an-

157 447 295 500 gusto
331 438 376 483 in
413 438 612 484 effusum
649 436 851 483 licentiae
889 435 1093 500 spatium
1133 436 1224 482 hoc
1259 435 1470 488 dilatare,
1495 450 1608 495 quo-

159 514 300 560 modo
324 514 535 561 fecerunt
573 514 619 559 in
646 522 779 560 sexto
816 531 942 569 casu,
965 512 1224 559 secundum
1264 510 1610 557 vetustissimos

159 592 431 638 Graecorum
471 593 820 655 grammaticos.
892 592 1093 637 Sextum
1126 589 1252 635 enim
1274 604 1434 634 casum
1458 586 1522 632 illi
1544 585 1613 631 di-

158 667 328 712 cebant
365 667 510 726 ἐμέθεν,
536 667 657 721 σέθεν,
684 666 775 720 ἕθεν,
800 665 846 711 id
868 674 939 711 est
959 682 987 711 α
1007 681 1094 720 me,
1120 681 1148 710 α
1169 680 1233 722 se,
1258 679 1287 708 α
1308 669 1367 719 te,
1393 678 1533 723 quein
1564 659 1610 705 in

158 741 380 787 omnibus
407 742 672 788 casualibus
699 750 998 788 servaverunt
1023 739 1198 787 Latini.
1261 739 1491 786 Similiter
1525 737 1612 783 im-

158 818 435 881 personalia,
463 836 488 864 a
511 818 673 882 paucis
697 817 873 864 Graecis
900 827 1106 881 accepta,
1131 815 1206 862 ἀπὸ
1229 822 1297 863 τοῦ
1322 817 1394 872 δεῖ,
1418 815 1512 877 χρὴ,
1537 814 1613 875 μέ-

159 905 236 950 λει,
254 896 302 940 in
329 895 550 941 omnibus
586 895 682 941 fere
708 894 870 941 activis
897 903 943 940 et
966 894 1143 940 neutris
1170 893 1363 939 liabent.
1436 891 1468 937 S
1497 907 1614 953 quo-

160 989 267 1033 que,
289 989 397 1017 cum
425 971 658 1017 rarissime
683 971 960 1018 necessitate
985 970 1208 1017 carminis
1234 971 1327 1016 vim
1351 984 1614 1014 consonan-

161 1049 218 1093 tis
252 1047 428 1093 amittit
453 1047 576 1111 apud
605 1048 811 1104 Graecos,
838 1050 910 1106 (ut
936 1048 1178 1094 Homerus
1203 1047 1251 1093 in
1277 1045 1485 1101 Boeotia,

291 1123 620 1184 Πολυστάφυλόν
645 1124 672 1169 θ’
696 1125 904 1170 Ἱστιαῖαν.

164 1200 297 1246 Idem
326 1201 373 1246 in
399 1206 437 1246 Φ
462 1200 653 1254 Iliados,

292 1276 396 1323 Οὐδὲ
420 1278 672 1338 Σκάμανδρος
698 1276 817 1338 ’ἔληγε
842 1275 926 1322 τεόν
949 1278 1076 1336 μένος,
1103 1276 1195 1321 ἀλλ’
1222 1274 1278 1322 ’ἔτι
1304 1283 1474 1337 μᾶλλον.

162 1352 296 1399 Idem
323 1353 370 1398 in
398 1352 639 1415 Odyssea:

292 1430 475 1476 Πέλεκυν
498 1431 640 1492 μέγαν,
669 1430 734 1487 ἠῧὲ
761 1430 1006 1492 σκέπαρνον.)

160 1504 324 1552 Nostri
362 1515 539 1562 tamen,
574 1524 681 1553 cum
722 1506 929 1562 licentia,
967 1516 1012 1552 et
1051 1505 1259 1552 maxime
1293 1505 1657 1563 vetustissimi‚4

161 1583 449 1629 subtrahunt
473 1601 577 1629 eam
604 1583 652 1628 in
678 1583 839 1628 metris
864 1583 1146 1645 frequenter.
1184 1583 1295 1630 Hoc
1321 1583 1465 1646 igitur
1489 1583 1615 1630 idem

161 1658 326 1705 fecisse
350 1660 547 1706 arbitror
572 1660 620 1705 in
647 1659 928 1723 supradictis
959 1660 1136 1717 metris,
1154 1669 1220 1717 ut,
1237 1660 1365 1722 quod
1392 1660 1457 1706 illi
1482 1660 1619 1706 raris-

163 1735 280 1781 sime
304 1745 578 1799 posuerunt,
604 1736 652 1782 hi
679 1736 1060 1798 frequentissime
1085 1736 1132 1782 in
1170 1736 1339 1782 iambis
1375 1744 1618 1800 ponerent.

165 1813 287 1858 Sunt
310 1821 487 1869 tamen,
513 1812 590 1875 qui
632 1811 894 1858 altitudinis
925 1830 1067 1858 causa
1101 1812 1242 1858 etiam
1280 1821 1327 1858 et
1362 1812 1622 1876 cpompali-

165 1889 289 1942 tatis,
314 1906 418 1951 quae
443 1887 597 1951 dstylo
622 1889 903 1934 elocutionis
933 1888 1156 1935 convenit
1181 1888 1384 1945 Latinae‚
1404 1888 1515 1947 (hoc
1539 1906 1621 1934 au-

165 1974 262 2010 tem
300 1965 564 2027 frequentia
601 1964 713 2011 facit
749 1964 925 2028 dactyli
961 1965 1033 2010 vel
1071 1964 1303 2028 spondei,)
1330 1973 1377 2011 et
1411 1973 1464 2010 ut
1499 1981 1621 2028 pene

164 2041 392 2088 dissoluta
416 2050 463 2087 et
496 2041 700 2105 pedestri
739 2041 984 2088 simillima
1018 2059 1119 2087 esse
1151 2041 1365 2088 videatur
1401 2058 1621 2105 persona-

165 2135 269 2164 rum
311 2118 655 2173 sermocinatio,
693 2118 739 2164 id
782 2119 884 2164 illos
921 2118 1086 2165 fecisse
1122 2118 1422 2165 arbitrantur.
1505 2117 1654 2168 Tro-5

165 2193 341 2240 chaicis
368 2194 510 2240 etiam
547 2203 745 2241 utuntur
769 2195 1049 2258 plerumque
1073 2196 1358 2243 tetrametris
1383 2194 1622 2242 catalecti—

165 2272 246 2326 cis,
272 2271 319 2317 id
351 2280 423 2317 est
449 2272 620 2333 quibus
652 2290 745 2318 una
770 2272 901 2319 deest
937 2273 1116 2336 syllaba
1150 2273 1199 2319 in
1231 2274 1340 2330 fine,
1365 2272 1410 2318 in
1449 2272 1621 2334 quibus

165 2365 330 2394 omnes
350 2347 577 2396 iambicos
597 2358 782 2413 ponunt
806 2350 852 2396 in
873 2367 1177 2412 quocumque
1195 2350 1299 2397 loco
1318 2349 1475 2413 pedeS‚
1492 2366 1623 2395 com-

167 2425 319 2471 mixto
356 2434 518 2472 tamen
554 2427 787 2474 trochaeo:
842 2428 887 2473 in
927 2427 991 2473 eis
1032 2428 1314 2492 plerumque
1353 2426 1622 2473 invenimus

168 2510 277 2547 ante
302 2502 448 2546 finem
473 2519 631 2549 versus
659 2504 865 2566 longam.
936 2503 1058 2550 Sunt
1082 2513 1242 2550 tamen
1271 2513 1318 2550 et
1342 2504 1463 2550 ultra
1488 2502 1624 2549 citra-

168 2595 261 2640 que
287 2585 559 2624 tetrametro
586 2580 656 2626 usi
689 2581 942 2628 trochaico.
1014 2580 1194 2627 Eorum
1227 2578 1371 2644 igitur
1403 2579 1624 2643 exempla

166 2654 418 2719 proferam,
445 2655 509 2700 esi
545 2657 674 2718 prius
711 2659 872 2705 metris
906 2659 964 2704 de
997 2657 1277 2722 supradictis
1312 2657 1482 2721 scripta
1517 2672 1624 2719 pro-

169 2749 362 2795 ponam.

223 2855 240 2874 e
259 2846 556 2897 pompabilitatis
576 2848 627 2884 D.
750 2847 769 2874 d
789 2850 901 2899 stylo]
926 2849 1078 2887 stimulo
1099 2851 1148 2888 D.
1270 2857 1286 2876 e
1306 2849 1335 2886 si
1357 2849 1456 2899 prius
1478 2846 1621 2895 metris]

171 2901 234 2937 sed
257 2900 356 2950 prius
377 2899 615 2937 metricorum
640 2901 862 2939 Lindeman.

815 2973 953 3012 3G2
