1962 3355
131 228 238 259 CAP.
264 222 335 259 10.
592 213 676 257 De
704 210 944 257 Trimetro
966 227 1121 256 versu.
1493 211 1581 259 165

130 334 333 388 iambus,
369 333 573 380 secunda
607 332 926 387 choriambus,
960 331 1097 376 tertia
1128 331 1381 386 diiambus,
1411 341 1457 378 et
1491 333 1586 395 syl-

132 410 251 466 laba,
277 409 468 471 quando
494 407 925 472 hypercatalectum
953 416 1039 464 est,
1063 417 1114 454 ut
1138 417 1223 463 est,

269 486 465 532 Caduca
483 484 653 548 populi
676 493 834 530 acoma
853 482 1034 546 glauca
1041 484 1154 545 jam
1173 500 1264 545 per
1288 500 1446 546 agros.

131 579 214 624 per
237 562 444 624 singulas
469 563 542 608 vel
573 561 858 623 adjectiones
882 560 956 606 vel
981 561 1123 606 etiam
1157 561 1483 606 translationes
1508 576 1585 605 va-

130 637 219 682 rias
255 637 400 684 efficit
438 640 624 701 figuras.
696 638 824 683 Nam
868 653 977 682 cum
1018 636 1078 682 sit
1109 637 1504 694 choriambicum,
1539 644 1585 682 et

132 712 342 759 medium
372 714 544 760 habeat
578 731 723 760 unum
751 712 1100 769 choriambum,
1125 711 1400 774 badjiciatur
1423 722 1582 758 autem

131 789 369 852 utrimque
395 789 646 846 diiambus,
670 789 705 835 si
730 788 834 851 quis
860 788 925 834 eis
951 789 1142 852 longam
1168 798 1412 852 praeponat
1444 788 1586 852 sylla-

130 865 257 919 bam,
309 875 482 912 cuncta
522 866 566 911 in
615 884 671 912 eo
711 882 847 911 versu
890 866 1363 928 transfigurabuntur.
1453 865 1583 911 Nam

129 951 177 986 ct
225 941 284 987 de
339 942 574 996 diiambis,
624 942 703 1004 qui
746 950 794 987 et
841 941 976 987 initio
1014 950 1059 987 et
1106 942 1226 987 cfine
1274 950 1399 997 sunt,
1440 941 1586 987 ditro-

130 1017 285 1063 chaeos
321 1016 526 1075 ‘ercerit,
551 1027 596 1064 et
622 1018 701 1080 qui
730 1027 827 1063 erat
857 1017 1041 1063 medius
1067 1017 1370 1063 choriambus
1396 1018 1441 1063 in
1467 1018 1586 1063 ioni-

129 1111 239 1139 cum
267 1112 291 1139 a
317 1094 494 1155 majore
518 1093 750 1151 transibit,
769 1104 815 1140 et
839 1112 924 1157 pro
948 1112 1044 1140 una
1067 1094 1464 1157 ehypereatalecti
1492 1095 1586 1158 syl-

127 1170 233 1215 laba
259 1169 364 1215 duae
391 1170 707 1232 reperientur:
746 1179 798 1215 ut
823 1180 909 1225 est,

199 1246 308 1295 Quo
332 1245 513 1291 caduca
532 1245 703 1307 populi
725 1261 858 1291 coma
880 1245 1061 1308 glauca
1070 1245 1183 1309 jam
1202 1262 1292 1307 per
1315 1263 1474 1309 agros.

128 1321 309 1383 adjecta
345 1321 526 1384 syllaba
562 1321 702 1384 longa
736 1320 863 1385 fquo.
920 1320 1098 1367 Contra
1123 1330 1279 1367 autem
1307 1322 1458 1367 eidem
1486 1339 1586 1368 ver-

128 1398 214 1454 sui,
239 1398 275 1443 si
315 1399 502 1443 brevem
531 1398 760 1461 syllabam
800 1397 935 1444 initio
961 1397 1204 1460 adjungas,
1231 1415 1315 1461 pro
1339 1397 1494 1444 ionico
1518 1399 1588 1445 fa-

128 1476 220 1520 ciet
244 1475 600 1538 antispasticum
624 1485 847 1532 metrum,
866 1483 912 1520 et
931 1491 1016 1538 pro
1035 1474 1329 1520 admixtione
1347 1475 1588 1521 trochaica

127 1551 240 1597 facit
264 1552 541 1608 iambicum,
565 1561 612 1598 et
638 1553 690 1598 fit
714 1569 873 1599 versus
900 1550 1260 1614 gantispasticus
1285 1559 1586 1597 tetrametrus

129 1629 428 1684 acatalectus,
468 1628 721 1674 secundam
761 1638 946 1674 tantum
985 1626 1196 1673 hhabens
1233 1627 1587 1691 antispasticam

129 1704 532 1767 conjugationem,
558 1723 662 1767 quae
688 1704 778 1750 fuit
803 1705 931 1768 prius
956 1703 1126 1760 ionica,
1152 1714 1204 1749 ut
1229 1713 1313 1759 est,

233 1781 353 1827 Tota.
374 1781 555 1827 caduca
575 1780 744 1843 populi
769 1798 901 1827 coma
921 1779 1101 1844 glauca
1110 1780 1222 1844 jam
1238 1797 1331 1842 per
1354 1796 1510 1842 agros.

128 1856 193 1902 Et
217 1856 304 1901 erit
329 1857 497 1903 similis
525 1857 634 1903 huic
661 1857 916 1920 Sapphico,

228 1933 414 1994 Aprica
437 1933 562 1979 veris
586 1950 708 1978 aura
731 1939 815 1988 est,
841 1931 1068 1997 ubiflore
1091 1949 1213 1978 rura
1236 1931 1408 1978 lucent.

131 2009 361 2054 Praeterea
396 2009 506 2070 quia
543 2008 750 2055 ionicum
796 2008 1001 2054 eundem
1046 2018 1094 2054 et
1136 2008 1404 2055 iSotadium
1448 2026 1588 2071 supra

128 2086 353 2142 diximus,
391 2103 481 2131 non
524 2086 581 2131 ab
616 2103 664 2131 re
702 2094 772 2130 est
813 2085 860 2130 in
904 2102 996 2130 una
1032 2094 1173 2147 atque
1209 2085 1376 2131 eadem
1416 2085 1587 2148 specie,

128 2161 240 2224 quid
279 2161 400 2206 inter
435 2160 540 2206 keas
573 2161 730 2216 distet,
769 2161 1030 2207 ostendere.
1100 2161 1329 2207 Diximus
1364 2161 1493 2206 enim
1529 2177 1588 2206 ex

128 2237 282 2283 ionico
313 2236 389 2283 ἀπὸ
416 2238 629 2289 ἐλάσσονος
665 2255 746 2283 seu
783 2237 993 2284 detracto
1021 2238 1174 2302 priore
1210 2238 1470 2302 pariambo,
1508 2255 1589 2284 seu

128 2314 313 2375 adjecto
339 2313 394 2359 ad
423 2326 566 2377 caput
590 2314 629 2360 ei
658 2314 884 2377 spondeo,
911 2316 1120 2362 ionicum
1147 2315 1224 2362 ἀπὸ
1251 2316 1423 2376 μείζονος
1458 2315 1589 2379 gigni

127 2408 210 2453 per
247 2390 531 2453 synaphian,
554 2390 600 2436 id
640 2399 711 2436 est
735 2408 842 2437 cum
872 2392 1077 2438 vicissim
1116 2393 1278 2438 breves
1314 2392 1482 2455 longis,
1509 2400 1590 2437 aut

129 2468 280 2530 longae
317 2468 538 2514 brevibus
581 2468 788 2531 syllabis,
826 2478 966 2533 prout
1002 2468 1138 2514 metri
1176 2486 1394 2514 mensura
1432 2468 1589 2524 fuerit,

129 2544 458 2605 subjiciuntur.
529 2544 594 2589 At
630 2561 739 2590 vero
776 2545 821 2591 in
858 2545 1104 2591 Sotadium
1145 2562 1333 2591 versum
1374 2545 1588 2608 plerique

184 2733 202 2752 a
222 2725 347 2770 coma]
370 2738 494 2761 comas
515 2725 556 2762 P.
631 2725 648 2748 b
669 2725 869 2773 ambiatur]
890 2725 1068 2762 abiciatur
1088 2727 1127 2762 P.
1158 2727 1181 2762 f.
1204 2726 1225 2762 l.
1246 2726 1455 2772 adjiciatur.
1498 2726 1588 2761 Mox

129 2778 300 2814 diiambis
320 2779 376 2814 ed.
399 2780 504 2814 Cam.
590 2785 606 2804 0
625 2777 661 2813 in
683 2779 772 2826 fine]
796 2780 869 2815 fine
882 2780 923 2816 P.
1028 2777 1047 2805 d
1068 2780 1214 2827 fecerit]
1240 2781 1327 2816 fecit
1348 2781 1387 2815 P.
1486 2786 1501 2804 e
1525 2779 1587 2827 hy-

130 2831 386 2880 percatalecti]
406 2831 705 2881 hypercatalecta
726 2831 735 2867 i
758 2833 798 2868 P.
909 2831 924 2858 f
940 2833 1030 2881 quo]
1054 2846 1211 2882 quorum
1234 2834 1272 2869 P.
1385 2839 1406 2866 g
1426 2830 1589 2878 antispa-

129 2885 506 2931 stus—acatalectus]
529 2884 1107 2933 antispasticus—acatalecticus
1131 2886 1176 2922 P.
1300 2884 1321 2911 h
1341 2885 1500 2930 habens]
1525 2884 1588 2918 ha-

130 2939 194 2974 bes
215 2939 254 2974 P.
377 2935 386 2963 i
407 2937 609 2984 sotadium]
633 2937 831 2975 sotaticum
849 2939 888 2975 P.
999 2937 1019 2964 k
1040 2952 1102 2976 eas
1122 2938 1251 2985 distet]
1275 2951 1339 2975 cos
1359 2936 1470 2974 distat
1495 2937 1534 2972 P.

1606 657 1643 679 12

1607 1342 1644 1371 ¹3

1609 1865 1647 1895 14

1612 2555 1651 2586 16
