1962 3355
330 210 424 249 358
795 200 946 248 Atilii
969 201 1312 247 Fortunatiani
1592 214 1701 244 PAR.
1729 213 1780 244 11.

273 342 313 370 24
436 324 495 378 [I.
511 324 570 378 6.]
595 324 805 364 Scriberis
833 323 1096 377 Variofhrtis
1116 329 1153 361 et
1174 322 1351 361 hostium

599 392 731 431 Victor
751 392 809 432 M
808 391 929 431 (eonii
950 391 1151 430 carminis
1171 389 1284 435 alite,

590 460 724 505 Quam
745 472 832 498 rem
852 457 1152 512 cmzquefirooe
1174 454 1351 494 navibus
1371 459 1446 494 aut
1465 455 1594 509 equis,

586 526 714 566 Miles
736 532 772 566 te
792 525 892 565 duce
907 525 1099 580 gesserit.

331 615 445 660 Tres
471 614 610 676 primi
636 611 951 674 Asclepiadffl,
976 620 1043 665 ut,

501 690 558 729 M
558 703 712 728 (Poenas
732 689 872 728 atavis
892 687 996 727 edite
1017 686 1201 742 regibus.

336 765 544 816 Quartus
570 760 901 823 dGlyconicus,
929 768 995 814 ut,

475 875 494 889 ,
562 835 783 896 Γουνοῦμαῖ
803 835 839 880 σ’
867 835 1120 894 ἒλαφηβόλε.

337 913 552 975 Utraque
576 929 682 975 pars
710 912 809 958 haec
833 912 1144 958 Anacreontis
1170 922 1254 958 est.

276 1020 312 1051 25
411 999 472 1055 [Ι.
493 1001 554 1056 7.]
578 1000 832 1040 Laudabunt
851 1000 926 1039 alii
949 1000 1106 1039 claram
1127 1000 1301 1040 Rhodon
1323 1007 1398 1041 aut
1418 1001 1665 1056 Afitylenem

579 1068 664 1108 Aut
685 1068 900 1122 Ephesum
922 1068 1146 1108 bimarisve
1170 1069 1363 1109 Corinthi

580 1136 760 1175 Aloem'a.

336 1219 520 1265 Primus
558 1219 744 1276 herous,
782 1219 1017 1265 secundus
1066 1220 1179 1266 item
1221 1221 1406 1276 herous,
1443 1220 1523 1266 sed
1565 1229 1787 1266 tetrame-

334 1304 418 1353 ter,
442 1295 516 1340 cui
556 1295 592 1340 si
625 1295 790 1341 reddas
826 1295 943 1341 duos
979 1296 1122 1359 pedes
1161 1297 1248 1343 erit
1285 1296 1459 1342 solidus
1499 1297 1788 1352 hexameter,

336 1372 414 1426 sic,

447 1448 534 1488 Aut
553 1448 768 1504 Ephesum
789 1449 1013 1489 bimarisve
1034 1458 1050 1477 e
1064 1449 1255 1490 Corinthi
1270 1450 1440 1504 primus
1461 1449 1511 1488 ab
1532 1449 1633 1495 oris,

337 1505 408 1551 vel

507 1570 581 1610 Sic
602 1571 737 1610 tristis
757 1572 914 1626 offatm
933 1573 1084 1611 amicos
1109 1571 1316 1626 Cynthius
1337 1571 1501 1611 author.

279 1691 317 1721 25
455 1672 514 1725 [I.
538 1672 598 1724 8.]
623 1672 762 1726 Lydia
783 1671 848 1711 dic
862 1685 943 1726 per
963 1685 1100 1711 omnes

610 1739 670 1779 Te
687 1739 779 1778 deos
800 1753 871 1779 oro
892 1739 1089 1793 Sybarim
1113 1753 1187 1779 cur
1199 1753 1406 1795 properos
1427 1739 1618 1779 amando.

339 1817 449 1863 Hoc
484 1825 635 1862 totum
664 1816 1036 1862 choriambicum
1076 1827 1147 1863 est
1183 1829 1403 1864 metrum.
1475 1818 1683 1864 Primum
1712 1835 1788 1863 co-

339 1894 416 1939 lon
458 1893 715 1938 dimetrum
755 1893 1080 1939 catalecticum
1125 1905 1210 1940 est.
1281 1894 1372 1940 Sed
1415 1894 1629 1957 quamvis
1672 1894 1790 1939 inte-

337 1985 473 2031 grum
512 1968 885 2015 choriambicum
915 1987 1015 2015 esse
1037 1969 1264 2026 videatur,
1290 1970 1423 2016 ffacit
1459 1970 1655 2016 ultimus
1682 1970 1790 2015 bac-

338 2044 497 2090 chius:
535 2063 643 2090 nam
681 2046 897 2091 similiter
933 2046 978 2091 in
1018 2046 1226 2093 secundo
1251 2047 1355 2093 colo
1393 2047 1624 2093 affectavit
1647 2046 1696 2091 in
1722 2045 1791 2091 ul-

339 2119 457 2166 timo
507 2121 757 2168 bacchium
809 2122 992 2168 habere.
1064 2123 1119 2168 In
1172 2123 1262 2169 hoc
1308 2123 1448 2169 etiam
1499 2123 1687 2169 recessit
1734 2123 1791 2168 ab

339 2196 515 2251 Alcaeo,
540 2197 665 2259 quod
703 2198 912 2260 primum
948 2198 1324 2245 choriambicum
1362 2199 1532 2245 durum
1571 2199 1696 2256 fecit,
1722 2216 1792 2244 se-

341 2272 548 2318 cundum
598 2290 682 2335 pro
728 2273 888 2318 iambo
940 2274 1201 2336 spondeum
1254 2275 1490 2338 ponendo.
1576 2275 1705 2321 Nam
1755 2274 1791 2320 si

342 2357 527 2394 secutus
553 2348 715 2394 fuisset
740 2349 954 2394 Alcaeum
983 2350 1048 2396 sic
1072 2350 1346 2405 ordinasset,

511 2424 606 2463 Hoc
626 2423 702 2463 dea*
724 2437 817 2464 vere
837 2425 1037 2478 Sybarim
1057 2440 1133 2465 eur
1145 2440 1352 2481 properas
1371 2427 1563 2467 amando.

283 2526 321 2557 27
342 2501 435 2548 Sed
460 2502 697 2548 affectasse
722 2503 878 2565 potius
904 2520 1048 2565 quam
1075 2521 1249 2550 errasse
1275 2504 1534 2553 Horatium
1558 2506 1685 2553 ghoc
1711 2525 1795 2570 ap-

342 2587 488 2642 paret,
513 2578 636 2640 quod
665 2580 827 2625 eadem
855 2579 958 2642 lege
982 2597 1132 2642 usque
1159 2580 1213 2627 ad
1241 2583 1384 2628 finem
1420 2583 1601 2647 eglogae
1635 2601 1792 2648 perse-

344 2655 533 2700 veravit.
616 2653 720 2700 Erit
761 2672 872 2717 ergo
913 2664 959 2701 et
1006 2656 1267 2703 secundum
1308 2659 1444 2705 colon
1486 2669 1793 2706 tetrametron

399 2794 418 2822 d
435 2798 640 2844 glyconicus
660 2799 718 2844 ut]
744 2799 790 2832 V.
811 2797 913 2833 addit
932 2815 1071 2845 γουνομα
1090 2816 1140 2836 σε.
1281 2809 1295 2828 e
1320 2802 1501 2852 Corinthi]
1528 2804 1572 2839 V.
1595 2802 1697 2840 addit
1713 2806 1792 2851 pri-

346 2862 422 2886 mus
441 2851 486 2886 ab
505 2851 586 2887 oris.
773 2849 789 2876 f
805 2851 892 2887 facit
912 2851 1063 2889 ultimus
1084 2853 1254 2891 bacchius
1271 2870 1278 2890 ε
1313 2857 1418 2903 nam]
1442 2857 1499 2892 An
1509 2857 1606 2906 fecit
1624 2857 1789 2893 ultimum

348 2904 527 2939 bacchium
541 2905 561 2939 ,9
722 2911 743 2938 g
763 2905 827 2939 hoc
846 2917 920 2940 om.
943 2905 985 2940 V.
