1962 3355
157 184 261 215 CAP.
287 180 332 228 9.
567 169 649 215 De
666 169 902 231 poematis
923 169 1193 232 generibus.
1512 175 1606 226 447

156 294 224 337 tet
255 291 488 337 Salustius
525 290 571 336 in
598 290 855 353 Jugurtha,
881 289 1075 336 Deinde
1101 289 1243 351 quasi
1266 306 1359 351 per
1392 296 1610 352 satyram

154 367 404 413 sententiis
428 366 676 430 exquisitis
699 366 750 411 in
775 365 1060 411 deditionem
1085 364 1335 427 accipitur.

222 443 453 489 Bucolica
476 442 698 489 dicuntur
720 451 973 506 upoemata
998 441 1257 487 secundum
1287 458 1474 487 carmen
1504 456 1644 504 pas-7

157 518 303 564 torale
328 518 605 582 composita.
675 519 902 564 Instituta
928 527 1084 564 autem
1120 526 1245 572 sunt,
1271 517 1392 563 sicut
1416 517 1610 579 quidam

157 602 343 657 putant,
370 595 415 640 in
443 594 666 650 Laconia,
690 595 779 649 vel,
806 603 857 640 ut
883 594 977 649 alii,
1002 594 1052 639 in
1082 593 1256 640 Sicilia.
1326 593 1455 639 Nam
1493 592 1613 638 inter

157 670 545 716 Lacedaemonios
581 679 628 716 et
657 670 839 716 Siculos
876 670 1086 716 Vdiversa
1111 669 1200 715 fuit
1225 669 1449 716 conditio.
1520 668 1613 714 Sed

159 746 327 807 unod
372 745 428 791 ad
467 746 680 792 Laconas
729 749 947 810 pertinet,
988 745 1088 791 haec
1128 763 1290 791 eorum
1336 745 1427 791 fuit
1467 745 1611 807 origO.

159 822 269 874 Quo
307 831 520 886 tempore
558 822 840 868 adventante
874 822 1036 867 Xerxe
1072 821 1119 867 in
1159 821 1393 868 Graeciam
1430 838 1613 877 omnes,

158 897 341 944 deserta
365 898 590 954 Laconia,
616 908 745 945 metu
778 899 1081 944 barbarorum
1120 898 1366 960 perterriti,
1393 899 1439 943 in
1466 897 1615 943 diver-

160 992 232 1020 sas
269 984 423 1037 partes
459 974 634 1037 fugisse
672 973 968 1031 “creduntur,
992 984 1170 1020 etcum
1204 974 1408 1037 virgines
1446 974 1614 1019 timore

159 1052 371 1109 laterent,
396 1061 483 1097 -Vex
522 1052 611 1098 hoc
649 1051 872 1104 evenisse,
900 1060 951 1096 ut
983 1068 1038 1096 eo
1071 1051 1161 1105 die,
1192 1068 1286 1112 quo
1319 1051 1482 1096 solitus
1518 1059 1614 1095 erat

159 1128 330 1174 chorus
355 1128 591 1190 virginum
631 1127 801 1173 Dianae
827 1126 1120 1189 Y-''Caryatidi
1162 1127 1399 1189 hymnum
1434 1144 1614 1182 canere,

160 1221 301 1250 nemo
327 1204 382 1250 ad
410 1205 628 1249 Zsolenne
654 1202 935 1249 sacrificium
963 1202 1263 1248 inveniretur.
1332 1203 1495 1249 aTunc
1532 1203 1651 1248 ita-8

159 1298 251 1342 que
277 1289 484 1343 pastores
510 1297 566 1324 ex
594 1297 698 1325 rure
722 1279 772 1324 in
797 1280 962 1324 urbem
990 1288 1326 1335 convenerunt,
1346 1288 1392 1325 et
1418 1297 1475 1324 ne
1502 1280 1615 1325 ritus

159 1373 396 1402 sacrorum
441 1356 876 1418 interrumperetur,
918 1355 1139 1418 pastorali
1180 1355 1386 1401 carmine
1424 1373 1615 1418 compo-

159 1433 248 1479 sito
272 1432 390 1478 Deae
418 1432 645 1478 honorem
673 1432 1041 1486 celebraverunt,
1067 1429 1221 1476 bunde
1246 1440 1314 1476 est
1347 1431 1617 1491 βουκολισμός

158 1508 328 1555 dictus.
397 1509 440 1554 A
466 1508 636 1554 Siculis
674 1518 831 1554 autem
859 1507 990 1570 origo
1015 1525 1120 1569 quae
1153 1507 1369 1564 trahitur,
1397 1508 1496 1555 haec
1532 1518 1615 1554 est.

158 1584 432 1647 Antequam
459 1584 611 1630 Hiero
637 1601 717 1630 rex
745 1584 998 1647 Syracusas
1025 1593 1332 1646 expugnaret,
1354 1585 1519 1630 morbo
1545 1585 1618 1630 Si-

160 1661 268 1708 cilia
292 1662 550 1707 laborabat.
609 1660 762 1706 Variis
788 1670 835 1707 et
860 1658 1057 1706 assiduis
1093 1660 1369 1706 ceremoniis
1407 1661 1614 1707 Dianam

162 1737 416 1800 placantes,
441 1738 585 1782 finem
615 1737 748 1782 malis
773 1736 1069 1789 invenerunt,
1089 1744 1318 1798 ceamque
1344 1736 1481 1800 Lyen
1508 1754 1618 1799 cog-

162 1812 539 1869 nominaverunt,
559 1812 691 1874 quasi
719 1812 989 1858 solutricem
1012 1812 1262 1858 malorum.
1300 1812 1446 1858 dInde
1472 1831 1542 1859 res
1569 1813 1617 1859 in

161 1888 555 1935 consuetudinem
593 1896 767 1933 etracta
792 1896 877 1943 est,
901 1898 953 1933 ut
978 1905 1141 1950 greges
1178 1888 1458 1934 rusticorum
1486 1889 1619 1934 thea-

162 1974 288 2011 trum
315 1964 683 2027 ingrederentur,
708 1963 774 2009 fet
798 1964 856 2009 de
880 1963 1074 2009 victoria
1100 1974 1335 2010 canerent.
1373 1965 1618 2011 &Habitus

163 2051 320 2087 autem
355 2040 626 2102 hujusmodi
652 2040 911 2086 videbatur.
971 2040 1086 2086 Erat
1121 2041 1257 2103 panis
1292 2059 1490 2103 magnus
1516 2059 1615 2087 om·
1637 2066 1656 2095 9

162 2118 293 2164 nium
332 2117 534 2164 ferarum
571 2117 780 2179 imagine
816 2115 1127 2179 ¹¹completuS,
1153 2126 1199 2163 et
1229 2127 1333 2164 uter
1356 2135 1463 2164 cum
1493 2118 1617 2175 vino,

216 2261 230 2288 t
250 2268 284 2298 et
306 2262 487 2298 Salustius
506 2274 581 2298 om.
603 2262 648 2297 B.
813 2268 833 2287 u
858 2266 1033 2311 poemata
1052 2263 1217 2298 carmine
1238 2262 1431 2311 pastorali]
1449 2268 1620 2310 poemata

161 2317 353 2351 secundum
374 2327 516 2350 carmen
535 2316 718 2361 pastorale
737 2315 832 2351 ΑΒ.
914 2319 931 2336 v
950 2314 1062 2362 varia]
1089 2318 1228 2352 diversa
1250 2316 1388 2352 A.B.C.
1472 2322 1500 2340 W
1520 2315 1619 2365 quod

163 2369 226 2414 ad]
250 2369 335 2415 quid
356 2368 420 2403 hoc
440 2370 487 2403 ad
507 2368 603 2404 Ven.
713 2374 733 2393 X
754 2367 944 2414 dicuntur]
969 2370 1164 2404 creduntur
1183 2369 1325 2406 A.B.C.
1338 2369 1435 2405 Ven.
1537 2377 1555 2403 y
1576 2381 1619 2405 ex

163 2421 253 2468 hoc]
279 2427 314 2456 et
334 2434 376 2456 ea*
397 2421 460 2456 hoc
480 2421 525 2456 B.
647 2428 687 2456 yy
707 2420 915 2470 Caryatidi]
940 2423 1109 2457 curiaticll
1129 2423 1226 2458 Veu.
1350 2429 1368 2448 Ζ
1389 2422 1544 2458 solenne
1565 2435 1619 2458 sa-

163 2474 285 2519 crum]
316 2475 467 2508 solemne
489 2475 662 2519 (sollenne
683 2475 746 2520 C.)
777 2476 990 2523 sacrficium
1010 2475 1152 2512 A.B.C.
1183 2488 1310 2510 canere
1338 2488 1450 2525 supra
1478 2488 1552 2511 om.
1574 2476 1618 2511 Β.

164 2533 183 2552 a
205 2526 306 2572 tunc]
333 2531 407 2561 tum
427 2527 469 2561 C.
633 2524 653 2552 b
674 2527 772 2563 unde
793 2527 903 2563 etiam
925 2529 1134 2574 βουκολισμὲς
1157 2527 1290 2564 dictus.
1312 2541 1332 2564 a
1353 2527 1504 2575 Siculis]
1527 2530 1620 2565 unde

164 2585 216 2615 est
246 2580 458 2614 buculismus
483 2581 598 2614 dictus
626 2593 649 2615 a
676 2582 826 2626 singulis
847 2582 983 2626 (siculis
1006 2581 1072 2628 B.)
1097 2582 1189 2617 AB.
1220 2583 1314 2617 uncle
1344 2583 1553 2617 bucolismus
1574 2583 1617 2618 C.

164 2639 180 2658 ⁰
200 2632 358 2669 eandem
380 2631 500 2680 Lyen]
525 2644 671 2679 eamque
694 2634 792 2679 Lyen
811 2633 908 2670 A.B.
1074 2632 1093 2659 d
1123 2633 1210 2670 inde
1230 2636 1304 2682 res]
1337 2640 1371 2670 et
1392 2636 1473 2670 inde
1499 2647 1553 2670 res
1573 2635 1617 2669 B.

164 2691 180 2711 θ
201 2685 334 2730 tracta]
360 2689 518 2719 tractata
537 2685 584 2719 A.
694 2683 710 2710 f
727 2695 764 2720 et
783 2685 993 2733 victoriam]
1019 2691 1053 2722 et
1073 2688 1115 2724 de
1135 2689 1285 2723 victoria
1304 2688 1395 2723 Α.Β.
1511 2694 1532 2721 g
1551 2687 1616 2722 ha-

164 2739 264 2774 bitus
281 2737 384 2783 vero]
409 2737 550 2772 habitus
569 2742 687 2772 autem
711 2738 804 2774 ΒΕ.
914 2737 935 2764 h
954 2740 1170 2788 complexus
1191 2753 1275 2776 cum
1297 2740 1380 2776 vino
1401 2747 1438 2776 et
1459 2739 1546 2775 folle
1567 2739 1618 2774 le-

164 2791 360 2840 guminum
383 2790 504 2825 omnis
533 2788 689 2839 generis,
713 2789 830 2826 inerat
850 2803 988 2827 corona
1014 2791 1051 2828 in
1077 2793 1217 2842 capite]
1252 2794 1446 2841 completus
1476 2797 1509 2827 et
1539 2796 1618 2827 uter

167 2856 242 2878 cuni
274 2845 354 2879 rino
384 2848 417 2878 et
437 2842 545 2889 follis
571 2855 649 2878 cum
679 2844 836 2878 omnium
866 2845 1081 2889 leguminum
1110 2859 1240 2892 genere
1274 2848 1391 2881 inerat
1415 2858 1455 2880 eo
1486 2857 1616 2879 corona
