<?xml version="1.0" encoding="UTF-8"?>
<!DOCTYPE html PUBLIC "-//W3C//DTD XHTML 1.0 Transitional//EN"
    "http://www.w3.org/TR/xhtml1/DTD/xhtml1-transitional.dtd">
<html xmlns="http://www.w3.org/1999/xhtml" xml:lang="en" lang="en">
 <head>
  <title>
</title>
<meta http-equiv="Content-Type" content="text/html;charset=utf-8" />
  <meta name='ocr-system' content='tesseract 3.04.00' />
  <meta name='ocr-capabilities' content='ocr_page ocr_carea ocr_par ocr_line ocrx_word'/>
</head>
<body>
  <div class='ocr_page' id='page_1' title='image "./scriptoreslatini00gaisuoft_0563.png"; bbox 0 0 1962 3355; ppageno 0'>
   <div class='ocr_carea' id='block_1_1' title="bbox 132 183 298 211">
    <p class='ocr_par' dir='ltr' id='par_1_1' title="bbox 132 183 298 211">
     <span class='ocr_line' id='line_1_1' title="bbox 132 183 298 211; baseline -0.006 0"><span class='ocrx_word' id='word_1_1' title='bbox 132 183 232 211; x_wconf 79' lang='lat' dir='ltr'>CAP.</span> <span class='ocrx_word' id='word_1_2' title='bbox 256 185 298 210; x_wconf 75' lang='lat' dir='ltr'>V.</span> 
     </span>
    </p>
   </div>
   <div class='ocr_carea' id='block_1_2' title="bbox 644 169 1076 209">
    <p class='ocr_par' dir='ltr' id='par_1_2' title="bbox 644 169 1076 209">
     <span class='ocr_line' id='line_1_2' title="bbox 644 169 1076 209; baseline -0.002 -1"><span class='ocrx_word' id='word_1_3' title='bbox 644 169 712 209; x_wconf 84' lang='lat' dir='ltr'>De</span> <span class='ocrx_word' id='word_1_4' title='bbox 732 176 863 209; x_wconf 82' lang='lat' dir='ltr'>metro</span> <span class='ocrx_word' id='word_1_5' title='bbox 885 169 1076 209; x_wconf 77' lang='lat' dir='ltr'>iambico.</span> 
     </span>
    </p>
   </div>
   <div class='ocr_carea' id='block_1_3' title="bbox 1497 168 1580 206">
    <p class='ocr_par' dir='ltr' id='par_1_3' title="bbox 1497 168 1580 206">
     <span class='ocr_line' id='line_1_3' title="bbox 1497 168 1580 206; baseline 0 0"><span class='ocrx_word' id='word_1_6' title='bbox 1497 168 1580 206; x_wconf 82' lang='lat'>545</span> 
     </span>
    </p>
   </div>
   <div class='ocr_carea' id='block_1_4' title="bbox 126 276 1578 336">
    <p class='ocr_par' dir='ltr' id='par_1_4' title="bbox 126 276 1578 336">
     <span class='ocr_line' id='line_1_4' title="bbox 126 276 1578 336; baseline -0.003 -15"><span class='ocrx_word' id='word_1_7' title='bbox 126 280 284 336; x_wconf 90' lang='lat' dir='ltr'>primus</span> <span class='ocrx_word' id='word_1_8' title='bbox 305 295 377 336; x_wconf 87' lang='lat' dir='ltr'>pes</span> <span class='ocrx_word' id='word_1_9' title='bbox 395 290 630 336; x_wconf 73' lang='lat' dir='ltr'>anapaestus</span> <span class='ocrx_word' id='word_1_10' title='bbox 650 291 843 336; x_wconf 85' lang='lat' dir='ltr'>ponatur,</span> <span class='ocrx_word' id='word_1_11' title='bbox 865 289 894 307; x_wconf 85' lang='lat' dir='ltr'>w</span> <span class='ocrx_word' id='word_1_12' title='bbox 908 289 1001 334; x_wconf 84' lang='lat' dir='ltr'>post</span> <span class='ocrx_word' id='word_1_13' title='bbox 1021 279 1106 318; x_wconf 88' lang='lat' dir='ltr'>duo</span> <span class='ocrx_word' id='word_1_14' title='bbox 1125 277 1264 327; x_wconf 83' lang='lat' dir='ltr'>iambi,</span> <span class='ocrx_word' id='word_1_15' title='bbox 1287 276 1435 317; x_wconf 83' lang='lat' dir='ltr'>deinde</span> <span class='ocrx_word' id='word_1_16' title='bbox 1457 276 1578 333; x_wconf 79' lang='lat' dir='ltr'>sylla-</span> 
     </span>
    </p>
   </div>
   <div class='ocr_carea' id='block_1_5' title="bbox 124 348 187 388">
    <p class='ocr_par' dir='ltr' id='par_1_5' title="bbox 124 348 187 388">
     <span class='ocr_line' id='line_1_5' title="bbox 124 348 187 388; baseline 0 0"><span class='ocrx_word' id='word_1_17' title='bbox 124 348 187 388; x_wconf 85' lang='lat' dir='ltr'>ba.</span> 
     </span>
    </p>
   </div>
   <div class='ocr_carea' id='block_1_6' title="bbox 251 347 677 403">
    <p class='ocr_par' dir='ltr' id='par_1_6' title="bbox 251 347 677 403">
     <span class='ocr_line' id='line_1_6' title="bbox 251 347 677 403; baseline -0.005 -14"><span class='ocrx_word' id='word_1_18' title='bbox 251 349 395 403; x_wconf 86' lang='lat' dir='ltr'>Hujus</span> <span class='ocrx_word' id='word_1_19' title='bbox 416 347 649 403; x_wconf 85' lang='lat' dir='ltr'>exemplum</span> <span class='ocrx_word' id='word_1_20' title='bbox 669 364 677 388; x_wconf 91' lang='lat'>:</span> 
     </span>
    </p>
   </div>
   <div class='ocr_carea' id='block_1_7' title="bbox 499 422 954 468">
    <p class='ocr_par' dir='ltr' id='par_1_7' title="bbox 499 422 954 468">
     <span class='ocr_line' id='line_1_7' title="bbox 499 422 954 468; baseline -0.002 -11"><span class='ocrx_word' id='word_1_21' title='bbox 499 429 520 448; x_wconf 80' lang='lat' dir='ltr'>X</span> <span class='ocrx_word' id='word_1_22' title='bbox 539 423 668 458; x_wconf 74' lang='lat' dir='ltr'>Triviae</span> <span class='ocrx_word' id='word_1_23' title='bbox 688 427 829 457; x_wconf 80' lang='lat' dir='ltr'>rotetur</span> <span class='ocrx_word' id='word_1_24' title='bbox 849 422 954 468; x_wconf 49' lang='lat' dir='ltr'>igni&amp;</span> 
     </span>
    </p>
   </div>
   <div class='ocr_carea' id='block_1_8' title="bbox 499 486 1008 533">
    <p class='ocr_par' dir='ltr' id='par_1_8' title="bbox 499 486 1008 533">
     <span class='ocr_line' id='line_1_8' title="bbox 499 486 1008 533; baseline -0.002 -12"><span class='ocrx_word' id='word_1_25' title='bbox 499 493 518 520; x_wconf 90' lang='lat' dir='ltr'>y</span> <span class='ocrx_word' id='word_1_26' title='bbox 542 486 755 533; x_wconf 78' lang='lat' dir='ltr'>Volucrique</span> <span class='ocrx_word' id='word_1_27' title='bbox 777 486 929 521; x_wconf 80' lang='lat' dir='ltr'>Phoebus</span> <span class='ocrx_word' id='word_1_28' title='bbox 947 486 1008 520; x_wconf 79' lang='lat' dir='ltr'>axi</span> 
     </span>
    </p>
   </div>
   <div class='ocr_carea' id='block_1_9' title="bbox 503 549 1032 597">
    <p class='ocr_par' dir='ltr' id='par_1_9' title="bbox 503 549 1032 597">
     <span class='ocr_line' id='line_1_9' title="bbox 503 549 1032 597; baseline -0.004 -12"><span class='ocrx_word' id='word_1_29' title='bbox 503 557 517 573; x_wconf 74' lang='grc' dir='ltr'><strong>Ζ</strong></span> <span class='ocrx_word' id='word_1_30' title='bbox 535 550 702 586; x_wconf 78' lang='lat' dir='ltr'><em>Rutilum</em></span> <span class='ocrx_word' id='word_1_31' title='bbox 721 554 883 597; x_wconf 83' lang='lat' dir='ltr'><em>pererret</em></span> <span class='ocrx_word' id='word_1_32' title='bbox 903 549 1032 584; x_wconf 85' lang='lat' dir='ltr'>orbem.</span> 
     </span>
    </p>
   </div>
   <div class='ocr_carea' id='block_1_10' title="bbox 125 620 1580 677">
    <p class='ocr_par' dir='ltr' id='par_1_10' title="bbox 125 620 1580 677">
     <span class='ocr_line' id='line_1_10' title="bbox 125 620 1580 677; baseline -0.001 -14"><span class='ocrx_word' id='word_1_33' title='bbox 125 625 311 663; x_wconf 90' lang='lat' dir='ltr'>Metrum</span> <span class='ocrx_word' id='word_1_34' title='bbox 344 622 564 663; x_wconf 84' lang='lat' dir='ltr'>iambicum</span> <span class='ocrx_word' id='word_1_35' title='bbox 596 622 828 664; x_wconf 82' lang='lat' dir='ltr'><strong>trimetrum</strong></span> <span class='ocrx_word' id='word_1_36' title='bbox 859 621 1005 677; x_wconf 83' lang='lat' dir='ltr'><strong>recipit</strong></span> <span class='ocrx_word' id='word_1_37' title='bbox 1035 636 1160 677; x_wconf 82' lang='lat' dir='ltr'>supra</span> <span class='ocrx_word' id='word_1_38' title='bbox 1180 620 1309 662; x_wconf 83' lang='lat' dir='ltr'>dictos</span> <span class='ocrx_word' id='word_1_39' title='bbox 1341 620 1465 676; x_wconf 81' lang='lat' dir='ltr'>pedes</span> <span class='ocrx_word' id='word_1_40' title='bbox 1495 636 1580 661; x_wconf 90' lang='lat' dir='ltr'>om-</span> 
     </span>
    </p>
   </div>
   <div class='ocr_carea' id='block_1_11' title="bbox 123 689 695 746">
    <p class='ocr_par' dir='ltr' id='par_1_11' title="bbox 123 689 695 746">
     <span class='ocr_line' id='line_1_11' title="bbox 123 689 695 746; baseline 0 -16"><span class='ocrx_word' id='word_1_41' title='bbox 123 705 205 730; x_wconf 81' lang='lat' dir='ltr'>nes.</span> <span class='ocrx_word' id='word_1_42' title='bbox 268 690 413 744; x_wconf 84' lang='lat' dir='ltr'>Hujus</span> <span class='ocrx_word' id='word_1_43' title='bbox 434 689 695 746; x_wconf 82' lang='lat' dir='ltr'>exemplum:</span> 
     </span>
    </p>
   </div>
   <div class='ocr_carea' id='block_1_12' title="bbox 611 759 992 800">
    <p class='ocr_par' dir='ltr' id='par_1_12' title="bbox 611 759 992 800">
     <span class='ocr_line' id='line_1_12' title="bbox 611 759 992 800; baseline -0.003 -6"><span class='ocrx_word' id='word_1_44' title='bbox 611 760 716 800; x_wconf 65' lang='lat' dir='ltr'>Quod</span> <span class='ocrx_word' id='word_1_45' title='bbox 736 771 773 794; x_wconf 84' lang='lat' dir='ltr'>os</span> <span class='ocrx_word' id='word_1_46' title='bbox 792 759 992 794; x_wconf 71' lang='lat' dir='ltr'>vestustius.</span> 
     </span>
    </p>
   </div>
   <div class='ocr_carea' id='block_1_13' title="bbox 125 825 1576 868">
    <p class='ocr_par' dir='ltr' id='par_1_13' title="bbox 125 825 1576 868">
     <span class='ocr_line' id='line_1_13' title="bbox 125 825 1576 868; baseline 0.001 -1"><span class='ocrx_word' id='word_1_47' title='bbox 125 828 312 867; x_wconf 90' lang='lat' dir='ltr'>Metrum</span> <span class='ocrx_word' id='word_1_48' title='bbox 343 826 561 867; x_wconf 86' lang='lat' dir='ltr'>iambicum</span> <span class='ocrx_word' id='word_1_49' title='bbox 599 826 838 867; x_wconf 87' lang='lat' dir='ltr'>Saturnium</span> <span class='ocrx_word' id='word_1_50' title='bbox 869 826 992 867; x_wconf 90' lang='lat' dir='ltr'>habet</span> <span class='ocrx_word' id='word_1_51' title='bbox 1020 826 1241 867; x_wconf 88' lang='lat' dir='ltr'>iambicum</span> <span class='ocrx_word' id='word_1_52' title='bbox 1265 825 1576 868; x_wconf 86' lang='lat' dir='ltr'>btetrametrum</span> 
     </span>
    </p>
   </div>
   <div class='ocr_carea' id='block_1_14' title="bbox 122 893 710 945">
    <p class='ocr_par' dir='ltr' id='par_1_14' title="bbox 122 893 710 945">
     <span class='ocr_line' id='line_1_14' title="bbox 122 893 710 945; baseline -0.002 -10"><span class='ocrx_word' id='word_1_53' title='bbox 122 894 310 945; x_wconf 88' lang='lat' dir='ltr'>colobon,</span> <span class='ocrx_word' id='word_1_54' title='bbox 333 904 373 935; x_wconf 86' lang='lat' dir='ltr'>et</span> <span class='ocrx_word' id='word_1_55' title='bbox 396 904 476 934; x_wconf 87' lang='lat' dir='ltr'>tres</span> <span class='ocrx_word' id='word_1_56' title='bbox 498 893 710 934; x_wconf 82' lang='lat' dir='ltr'>trochaeos.</span> 
     </span>
    </p>
   </div>
   <div class='ocr_carea' id='block_1_15' title="bbox 772 893 1198 949">
    <p class='ocr_par' dir='ltr' id='par_1_15' title="bbox 772 893 1198 949">
     <span class='ocr_line' id='line_1_15' title="bbox 772 893 1198 949; baseline 0.002 -16"><span class='ocrx_word' id='word_1_57' title='bbox 772 894 917 949; x_wconf 86' lang='lat' dir='ltr'>Hujus</span> <span class='ocrx_word' id='word_1_58' title='bbox 938 893 1198 949; x_wconf 86' lang='lat' dir='ltr'>exemplum:</span> 
     </span>
    </p>
   </div>
   <div class='ocr_carea' id='block_1_16' title="bbox 393 963 1289 1010">
    <p class='ocr_par' dir='ltr' id='par_1_16' title="bbox 393 963 1289 1010">
     <span class='ocr_line' id='line_1_16' title="bbox 393 963 1289 1010; baseline 0 -12"><span class='ocrx_word' id='word_1_59' title='bbox 393 963 551 999; x_wconf 66' lang='lat' dir='ltr'>Merulae</span> <span class='ocrx_word' id='word_1_60' title='bbox 571 965 664 1010; x_wconf 82' lang='lat' dir='ltr'>quod</span> <span class='ocrx_word' id='word_1_61' title='bbox 685 975 722 998; x_wconf 83' lang='lat' dir='ltr'>os</span> <span class='ocrx_word' id='word_1_62' title='bbox 741 968 887 998; x_wconf 81' lang='lat' dir='ltr'>vetustce</span> <span class='ocrx_word' id='word_1_63' title='bbox 907 975 1011 998; x_wconf 81' lang='lat' dir='ltr'>mane</span> <span class='ocrx_word' id='word_1_64' title='bbox 1030 964 1133 999; x_wconf 82' lang='lat' dir='ltr'><em>dulce</em></span> <span class='ocrx_word' id='word_1_65' title='bbox 1152 968 1289 999; x_wconf 74' lang='lat' dir='ltr'>cantat.</span> 
     </span>
    </p>
   </div>
   <div class='ocr_carea' id='block_1_17' title="bbox 123 1029 1581 1086">
    <p class='ocr_par' dir='ltr' id='par_1_17' title="bbox 123 1029 1581 1086">
     <span class='ocr_line' id='line_1_17' title="bbox 123 1029 1581 1086; baseline 0 -15"><span class='ocrx_word' id='word_1_66' title='bbox 123 1032 336 1072; x_wconf 81' lang='lat' dir='ltr'>cMetrum</span> <span class='ocrx_word' id='word_1_67' title='bbox 376 1030 599 1071; x_wconf 88' lang='lat' dir='ltr'>iambicum</span> <span class='ocrx_word' id='word_1_68' title='bbox 642 1030 981 1086; x_wconf 84' lang='lat' dir='ltr'>Hipponacteum</span> <span class='ocrx_word' id='word_1_69' title='bbox 1022 1029 1199 1086; x_wconf 88' lang='lat' dir='ltr'>drecipit</span> <span class='ocrx_word' id='word_1_70' title='bbox 1238 1029 1365 1086; x_wconf 86' lang='lat' dir='ltr'>pedes</span> <span class='ocrx_word' id='word_1_71' title='bbox 1405 1046 1454 1071; x_wconf 85' lang='lat' dir='ltr'>ex</span> <span class='ocrx_word' id='word_1_72' title='bbox 1492 1030 1581 1086; x_wconf 84' lang='lat' dir='ltr'>lege</span> 
     </span>
    </p>
   </div>
   <div class='ocr_carea' id='block_1_18' title="bbox 125 1180 827 1657">
    <p class='ocr_par' dir='ltr' id='par_1_18' title="bbox 125 1180 825 1379">
     <span class='ocr_line' id='line_1_18' title="bbox 179 1180 824 1230; baseline -0.002 -13"><span class='ocrx_word' id='word_1_73' title='bbox 179 1189 207 1207; x_wconf 90' lang='lat' dir='ltr'>w</span> <span class='ocrx_word' id='word_1_74' title='bbox 239 1187 319 1229; x_wconf 81' lang='lat' dir='ltr'>post</span> <span class='ocrx_word' id='word_1_75' title='bbox 367 1184 437 1218; x_wconf 82' lang='lat' dir='ltr'>duo</span> <span class='ocrx_word' id='word_1_76' title='bbox 485 1182 609 1229; x_wconf 72' lang='lat' dir='ltr'>iambi]</span> <span class='ocrx_word' id='word_1_77' title='bbox 662 1180 824 1230; x_wconf 86' lang='lat' dir='ltr'>Guelph.</span> 
     </span>
     <span class='ocr_line' id='line_1_19' title="bbox 125 1237 825 1284; baseline -0.001 -13"><span class='ocrx_word' id='word_1_78' title='bbox 125 1242 207 1283; x_wconf 80' lang='lat' dir='ltr'>post</span> <span class='ocrx_word' id='word_1_79' title='bbox 225 1237 312 1271; x_wconf 76' lang='lat' dir='ltr'>duos</span> <span class='ocrx_word' id='word_1_80' title='bbox 333 1237 453 1278; x_wconf 81' lang='lat' dir='ltr'>iambi,</span> <span class='ocrx_word' id='word_1_81' title='bbox 475 1249 519 1272; x_wconf 84' lang='lat' dir='ltr'>ex</span> <span class='ocrx_word' id='word_1_82' title='bbox 541 1248 614 1284; x_wconf 87' lang='lat' dir='ltr'>quo</span> <span class='ocrx_word' id='word_1_83' title='bbox 641 1243 825 1271; x_wconf 86' lang='lat' dir='ltr'>corrector</span> 
     </span>
     <span class='ocr_line' id='line_1_20' title="bbox 128 1289 825 1337; baseline -0.001 -13"><span class='ocrx_word' id='word_1_84' title='bbox 128 1290 255 1337; x_wconf 87' lang='lat' dir='ltr'>inepte</span> <span class='ocrx_word' id='word_1_85' title='bbox 285 1289 423 1326; x_wconf 80' lang='lat' dir='ltr'>fecerat</span> <span class='ocrx_word' id='word_1_86' title='bbox 450 1294 533 1336; x_wconf 80' lang='lat' dir='ltr'>post</span> <span class='ocrx_word' id='word_1_87' title='bbox 562 1290 650 1324; x_wconf 83' lang='lat' dir='ltr'>duos</span> <span class='ocrx_word' id='word_1_88' title='bbox 680 1289 825 1325; x_wconf 82' lang='lat' dir='ltr'>iambos.</span> 
     </span>
     <span class='ocr_line' id='line_1_21' title="bbox 128 1342 280 1379; baseline 0 -1"><span class='ocrx_word' id='word_1_89' title='bbox 128 1342 280 1379; x_wconf 88' lang='lat' dir='ltr'><strong>HEUS.</strong></span> 
     </span>
    </p>

    <p class='ocr_par' dir='ltr' id='par_1_19' title="bbox 126 1395 827 1657">
     <span class='ocr_line' id='line_1_22' title="bbox 181 1395 823 1442; baseline -0.002 -11"><span class='ocrx_word' id='word_1_90' title='bbox 181 1403 200 1422; x_wconf 71' lang='lat' dir='ltr'>X</span> <span class='ocrx_word' id='word_1_91' title='bbox 241 1397 369 1432; x_wconf 82' lang='lat' dir='ltr'>Triviae</span> <span class='ocrx_word' id='word_1_92' title='bbox 407 1400 546 1431; x_wconf 80' lang='lat' dir='ltr'>rotetur</span> <span class='ocrx_word' id='word_1_93' title='bbox 583 1395 693 1442; x_wconf 78' lang='lat' dir='ltr'>ignis]</span> <span class='ocrx_word' id='word_1_94' title='bbox 735 1396 823 1431; x_wconf 87' lang='lat' dir='ltr'>Car-</span> 
     </span>
     <span class='ocr_line' id='line_1_23' title="bbox 127 1443 827 1497; baseline 0 -13"><span class='ocrx_word' id='word_1_95' title='bbox 127 1461 212 1485; x_wconf 87' lang='lat' dir='ltr'>men</span> <span class='ocrx_word' id='word_1_96' title='bbox 255 1456 313 1485; x_wconf 84' lang='lat' dir='ltr'>est</span> <span class='ocrx_word' id='word_1_97' title='bbox 351 1448 504 1490; x_wconf 81' lang='lat' dir='ltr'>Arbitri,</span> <span class='ocrx_word' id='word_1_98' title='bbox 543 1443 643 1497; x_wconf 45' lang='lat' dir='ltr'>‘quod</span> <span class='ocrx_word' id='word_1_99' title='bbox 692 1447 827 1497; x_wconf 78' lang='lat' dir='ltr'>legitur</span> 
     </span>
     <span class='ocr_line' id='line_1_24' title="bbox 126 1501 823 1551; baseline -0.003 -13"><span class='ocrx_word' id='word_1_100' title='bbox 126 1502 238 1538; x_wconf 85' lang='lat' dir='ltr'>etiam</span> <span class='ocrx_word' id='word_1_101' title='bbox 254 1502 351 1551; x_wconf 87' lang='lat' dir='ltr'>apud</span> <span class='ocrx_word' id='word_1_102' title='bbox 365 1501 632 1538; x_wconf 77' lang='lat' dir='ltr'>Terentianum</span> <span class='ocrx_word' id='word_1_103' title='bbox 650 1514 686 1550; x_wconf 88' lang='lat' dir='ltr'>p.</span> <span class='ocrx_word' id='word_1_104' title='bbox 709 1502 823 1547; x_wconf 85' lang='lat'><strong>2446.</strong></span> 
     </span>
     <span class='ocr_line' id='line_1_25' title="bbox 126 1554 824 1604; baseline -0.001 -13"><span class='ocrx_word' id='word_1_105' title='bbox 126 1564 164 1591; x_wconf 88' lang='lat' dir='ltr'>et</span> <span class='ocrx_word' id='word_1_106' title='bbox 210 1555 308 1604; x_wconf 84' lang='lat' dir='ltr'>apud</span> <span class='ocrx_word' id='word_1_107' title='bbox 356 1555 454 1591; x_wconf 73' lang='lat' dir='ltr'>Mar.</span> <span class='ocrx_word' id='word_1_108' title='bbox 503 1554 739 1591; x_wconf 79' lang='lat' dir='ltr'>Victorinum</span> <span class='ocrx_word' id='word_1_109' title='bbox 791 1568 824 1602; x_wconf 89' lang='lat' dir='ltr'>p.</span> 
     </span>
     <span class='ocr_line' id='line_1_26' title="bbox 128 1608 824 1657; baseline -0.003 -12"><span class='ocrx_word' id='word_1_110' title='bbox 128 1609 244 1645; x_wconf 84' lang='lat'>2601.</span> <span class='ocrx_word' id='word_1_111' title='bbox 305 1608 360 1645; x_wconf 89' lang='lat' dir='ltr'>Ibi</span> <span class='ocrx_word' id='word_1_112' title='bbox 388 1620 510 1644; x_wconf 83' lang='lat' dir='ltr'>versus</span> <span class='ocrx_word' id='word_1_113' title='bbox 538 1608 601 1644; x_wconf 89' lang='lat' dir='ltr'>ille</span> <span class='ocrx_word' id='word_1_114' title='bbox 629 1608 824 1657; x_wconf 83' lang='lat' dir='ltr'>praegredi-</span> 
     </span>
    </p>
   </div>
   <div class='ocr_carea' id='block_1_19' title="bbox 66 1661 825 1710">
    <p class='ocr_par' dir='ltr' id='par_1_20' title="bbox 66 1661 825 1710">
     <span class='ocr_line' id='line_1_27' title="bbox 66 1661 825 1710; baseline -0.001 -12"><span class='ocrx_word' id='word_1_115' title='bbox 66 1702 71 1704; x_wconf 87' lang='lat'>.</span> <span class='ocrx_word' id='word_1_116' title='bbox 127 1670 209 1698; x_wconf 86' lang='lat' dir='ltr'>tur:</span> <span class='ocrx_word' id='word_1_117' title='bbox 248 1663 408 1709; x_wconf 76' lang='lat' dir='ltr'><em>Triplici,</em></span> <span class='ocrx_word' id='word_1_118' title='bbox 438 1664 546 1705; x_wconf 79' lang='lat' dir='ltr'>vides,</span> <span class='ocrx_word' id='word_1_119' title='bbox 574 1667 613 1697; x_wconf 76' lang='lat' dir='ltr'>ut</span> <span class='ocrx_word' id='word_1_120' title='bbox 640 1667 734 1703; x_wconf 80' lang='lat' dir='ltr'>ortu,</span> <span class='ocrx_word' id='word_1_121' title='bbox 763 1661 825 1710; x_wconf 91' lang='lat' dir='ltr'>qui</span> 
     </span>
    </p>
   </div>
   <div class='ocr_carea' id='block_1_20' title="bbox 126 1714 832 2936">
    <p class='ocr_par' dir='ltr' id='par_1_21' title="bbox 126 1714 826 1804">
     <span class='ocr_line' id='line_1_28' title="bbox 126 1714 826 1763; baseline 0 -13"><span class='ocrx_word' id='word_1_122' title='bbox 126 1714 207 1751; x_wconf 87' lang='lat' dir='ltr'>sine</span> <span class='ocrx_word' id='word_1_123' title='bbox 236 1715 343 1751; x_wconf 86' lang='lat' dir='ltr'>ruina</span> <span class='ocrx_word' id='word_1_124' title='bbox 371 1715 566 1751; x_wconf 86' lang='lat' dir='ltr'>sententiae</span> <span class='ocrx_word' id='word_1_125' title='bbox 594 1714 649 1750; x_wconf 85' lang='lat' dir='ltr'>vix</span> <span class='ocrx_word' id='word_1_126' title='bbox 679 1722 826 1763; x_wconf 85' lang='lat' dir='ltr'>poterat</span> 
     </span>
     <span class='ocr_line' id='line_1_29' title="bbox 126 1768 452 1804; baseline 0 -1"><span class='ocrx_word' id='word_1_127' title='bbox 126 1769 266 1804; x_wconf 86' lang='lat' dir='ltr'>abesse.</span> <span class='ocrx_word' id='word_1_128' title='bbox 298 1768 452 1804; x_wconf 76' lang='lat' dir='ltr'>HEUS.</span> 
     </span>
    </p>

    <p class='ocr_par' dir='ltr' id='par_1_22' title="bbox 127 1820 827 2347">
     <span class='ocr_line' id='line_1_30' title="bbox 182 1820 825 1869; baseline -0.002 -13"><span class='ocrx_word' id='word_1_129' title='bbox 182 1828 200 1856; x_wconf 77' lang='lat' dir='ltr'><em>Y</em></span> <span class='ocrx_word' id='word_1_130' title='bbox 217 1822 429 1869; x_wconf 76' lang='lat' dir='ltr'>Volucrique</span> <span class='ocrx_word' id='word_1_131' title='bbox 450 1821 602 1856; x_wconf 77' lang='lat' dir='ltr'>Phoebus</span> <span class='ocrx_word' id='word_1_132' title='bbox 617 1821 695 1867; x_wconf 68' lang='lat' dir='ltr'>axi]</span> <span class='ocrx_word' id='word_1_133' title='bbox 718 1820 825 1868; x_wconf 84' lang='lat' dir='ltr'>Apud</span> 
     </span>
     <span class='ocr_line' id='line_1_31' title="bbox 127 1872 822 1911; baseline -0.003 -1"><span class='ocrx_word' id='word_1_134' title='bbox 127 1874 394 1911; x_wconf 82' lang='lat' dir='ltr'>Terentianum</span> <span class='ocrx_word' id='word_1_135' title='bbox 425 1882 463 1910; x_wconf 89' lang='lat' dir='ltr'>et</span> <span class='ocrx_word' id='word_1_136' title='bbox 485 1873 717 1910; x_wconf 74' lang='lat' dir='ltr'>Victorinum</span> <span class='ocrx_word' id='word_1_137' title='bbox 744 1872 822 1909; x_wconf 76' lang='lat' dir='ltr'>edi-</span> 
     </span>
     <span class='ocr_line' id='line_1_32' title="bbox 128 1925 825 1975; baseline -0.003 -11"><span class='ocrx_word' id='word_1_138' title='bbox 128 1938 187 1964; x_wconf 86' lang='lat' dir='ltr'>tur</span> <span class='ocrx_word' id='word_1_139' title='bbox 210 1941 289 1964; x_wconf 62' lang='lat' dir='ltr'>axe.</span> <span class='ocrx_word' id='word_1_140' title='bbox 347 1929 604 1970; x_wconf 82' lang='lat' dir='ltr'>Mutaverunt‚</span> <span class='ocrx_word' id='word_1_141' title='bbox 627 1925 686 1975; x_wconf 89' lang='lat' dir='ltr'>qui</span> <span class='ocrx_word' id='word_1_142' title='bbox 720 1927 825 1975; x_wconf 84' lang='lat' dir='ltr'>igno-</span> 
     </span>
     <span class='ocr_line' id='line_1_33' title="bbox 128 1979 824 2023; baseline -0.003 -7"><span class='ocrx_word' id='word_1_143' title='bbox 128 1982 270 2023; x_wconf 80' lang='lat' dir='ltr'>rabant,</span> <span class='ocrx_word' id='word_1_144' title='bbox 295 1980 385 2017; x_wconf 80' lang='lat' dir='ltr'>tales</span> <span class='ocrx_word' id='word_1_145' title='bbox 405 1979 583 2017; x_wconf 71' lang='lat' dir='ltr'>ablativos</span> <span class='ocrx_word' id='word_1_146' title='bbox 603 1993 622 2016; x_wconf 89' lang='lat' dir='ltr'>a</span> <span class='ocrx_word' id='word_1_147' title='bbox 644 1980 824 2016; x_wconf 79' lang='lat' dir='ltr'>veteribus</span> 
     </span>
     <span class='ocr_line' id='line_1_34' title="bbox 129 2033 826 2082; baseline -0.001 -12"><span class='ocrx_word' id='word_1_148' title='bbox 129 2043 286 2082; x_wconf 87' lang='lat' dir='ltr'>utroque</span> <span class='ocrx_word' id='word_1_149' title='bbox 319 2034 431 2070; x_wconf 90' lang='lat' dir='ltr'>modo</span> <span class='ocrx_word' id='word_1_150' title='bbox 463 2033 582 2069; x_wconf 81' lang='lat' dir='ltr'>dictos</span> <span class='ocrx_word' id='word_1_151' title='bbox 611 2046 704 2075; x_wconf 84' lang='lat' dir='ltr'>esse,</span> <span class='ocrx_word' id='word_1_152' title='bbox 727 2033 826 2081; x_wconf 87' lang='lat' dir='ltr'>quod</span> 
     </span>
     <span class='ocr_line' id='line_1_35' title="bbox 128 2086 825 2136; baseline -0.001 -13"><span class='ocrx_word' id='word_1_153' title='bbox 128 2088 238 2123; x_wconf 86' lang='lat' dir='ltr'>docet</span> <span class='ocrx_word' id='word_1_154' title='bbox 254 2087 373 2123; x_wconf 77' lang='lat' dir='ltr'>Varro</span> <span class='ocrx_word' id='word_1_155' title='bbox 394 2087 439 2123; x_wconf 90' lang='lat' dir='ltr'>de</span> <span class='ocrx_word' id='word_1_156' title='bbox 460 2087 585 2136; x_wconf 82' lang='lat' dir='ltr'>lingua</span> <span class='ocrx_word' id='word_1_157' title='bbox 605 2086 689 2122; x_wconf 87' lang='lat' dir='ltr'>Lat.</span> <span class='ocrx_word' id='word_1_158' title='bbox 708 2086 825 2122; x_wconf 73' lang='lat' dir='ltr'>LVII.</span> 
     </span>
     <span class='ocr_line' id='line_1_36' title="bbox 127 2139 827 2190; baseline -0.004 -13"><span class='ocrx_word' id='word_1_159' title='bbox 127 2154 159 2177; x_wconf 87' lang='lat' dir='ltr'>c.</span> <span class='ocrx_word' id='word_1_160' title='bbox 182 2151 244 2188; x_wconf 87' lang='lat'>37.</span> <span class='ocrx_word' id='word_1_161' title='bbox 266 2148 304 2176; x_wconf 89' lang='lat' dir='ltr'>et</span> <span class='ocrx_word' id='word_1_162' title='bbox 324 2140 581 2190; x_wconf 72' lang='lat' dir='ltr'>copiosissime</span> <span class='ocrx_word' id='word_1_163' title='bbox 602 2140 757 2175; x_wconf 78' lang='lat' dir='ltr'>Vossius</span> <span class='ocrx_word' id='word_1_164' title='bbox 780 2139 827 2175; x_wconf 91' lang='lat' dir='ltr'>de</span> 
     </span>
     <span class='ocr_line' id='line_1_37' title="bbox 127 2192 825 2243; baseline -0.003 -13"><span class='ocrx_word' id='word_1_165' title='bbox 127 2195 274 2243; x_wconf 85' lang='lat' dir='ltr'>analog.</span> <span class='ocrx_word' id='word_1_166' title='bbox 297 2193 360 2230; x_wconf 91' lang='lat' dir='ltr'>lib.</span> <span class='ocrx_word' id='word_1_167' title='bbox 378 2195 429 2230; x_wconf 89' lang='lat'>11.</span> <span class='ocrx_word' id='word_1_168' title='bbox 451 2206 482 2230; x_wconf 91' lang='lat' dir='ltr'>c.</span> <span class='ocrx_word' id='word_1_169' title='bbox 504 2206 516 2229; x_wconf 94' lang='lat'>1</span> <span class='ocrx_word' id='word_1_170' title='bbox 531 2206 562 2229; x_wconf 87' lang='lat'>2.</span> <span class='ocrx_word' id='word_1_171' title='bbox 593 2192 710 2236; x_wconf 88' lang='lat' dir='ltr'>Adde,</span> <span class='ocrx_word' id='word_1_172' title='bbox 732 2206 825 2241; x_wconf 83' lang='lat' dir='ltr'>quos</span> 
     </span>
     <span class='ocr_line' id='line_1_38' title="bbox 128 2245 825 2283; baseline -0.001 0"><span class='ocrx_word' id='word_1_173' title='bbox 128 2247 284 2283; x_wconf 87' lang='lat' dir='ltr'>laudant</span> <span class='ocrx_word' id='word_1_174' title='bbox 313 2246 376 2283; x_wconf 83' lang='lat' dir='ltr'>viri</span> <span class='ocrx_word' id='word_1_175' title='bbox 406 2247 506 2283; x_wconf 84' lang='lat' dir='ltr'>docti</span> <span class='ocrx_word' id='word_1_176' title='bbox 539 2247 584 2283; x_wconf 89' lang='lat' dir='ltr'>ad</span> <span class='ocrx_word' id='word_1_177' title='bbox 611 2246 739 2283; x_wconf 77' lang='lat' dir='ltr'>Vellei.</span> <span class='ocrx_word' id='word_1_178' title='bbox 762 2245 825 2282; x_wconf 86' lang='lat' dir='ltr'>lib.</span> 
     </span>
     <span class='ocr_line' id='line_1_39' title="bbox 128 2300 622 2347; baseline -0.002 -10"><span class='ocrx_word' id='word_1_179' title='bbox 128 2301 180 2337; x_wconf 92' lang='lat' dir='ltr'>II.</span> <span class='ocrx_word' id='word_1_180' title='bbox 203 2313 234 2337; x_wconf 88' lang='lat' dir='ltr'>c.</span> <span class='ocrx_word' id='word_1_181' title='bbox 257 2301 318 2347; x_wconf 85' lang='lat'>78.</span> <span class='ocrx_word' id='word_1_182' title='bbox 339 2309 429 2337; x_wconf 82' lang='lat' dir='ltr'>extr.</span> <span class='ocrx_word' id='word_1_183' title='bbox 461 2300 622 2336; x_wconf 85' lang='lat' dir='ltr'><strong>HEUS.</strong></span> 
     </span>
    </p>

    <p class='ocr_par' dir='ltr' id='par_1_23' title="bbox 129 2353 832 2936">
     <span class='ocr_line' id='line_1_40' title="bbox 182 2353 824 2401; baseline -0.003 -11"><span class='ocrx_word' id='word_1_184' title='bbox 182 2361 197 2377; x_wconf 82' lang='lat'>&#39;‘-</span> <span class='ocrx_word' id='word_1_185' title='bbox 221 2355 385 2390; x_wconf 77' lang='lat' dir='ltr'>Rutilum</span> <span class='ocrx_word' id='word_1_186' title='bbox 407 2359 569 2401; x_wconf 78' lang='lat' dir='ltr'>perreret</span> <span class='ocrx_word' id='word_1_187' title='bbox 591 2354 725 2400; x_wconf 81' lang='lat' dir='ltr'>orbem]</span> <span class='ocrx_word' id='word_1_188' title='bbox 751 2353 824 2388; x_wconf 90' lang='lat' dir='ltr'>Te-</span> 
     </span>
     <span class='ocr_line' id='line_1_41' title="bbox 130 2405 826 2456; baseline 0 -14"><span class='ocrx_word' id='word_1_189' title='bbox 130 2407 287 2443; x_wconf 85' lang='lat' dir='ltr'>rentiani</span> <span class='ocrx_word' id='word_1_190' title='bbox 319 2420 361 2444; x_wconf 90' lang='lat' dir='ltr'>ac</span> <span class='ocrx_word' id='word_1_191' title='bbox 393 2406 577 2443; x_wconf 83' lang='lat' dir='ltr'>Victorini</span> <span class='ocrx_word' id='word_1_192' title='bbox 603 2405 826 2456; x_wconf 78' lang='lat' dir='ltr'>exemplaria</span> 
     </span>
     <span class='ocr_line' id='line_1_42' title="bbox 129 2459 824 2507; baseline 0 -12"><span class='ocrx_word' id='word_1_193' title='bbox 129 2459 332 2496; x_wconf 86' lang='lat' dir='ltr'>exhibent:</span> <span class='ocrx_word' id='word_1_194' title='bbox 367 2461 548 2507; x_wconf 80' lang='lat' dir='ltr'>Rapidum</span> <span class='ocrx_word' id='word_1_195' title='bbox 574 2465 737 2507; x_wconf 78' lang='lat' dir='ltr'><em>pererret</em></span> <span class='ocrx_word' id='word_1_196' title='bbox 766 2472 824 2495; x_wconf 86' lang='lat' dir='ltr'>or-</span> 
     </span>
     <span class='ocr_line' id='line_1_43' title="bbox 131 2512 825 2562; baseline -0.001 -13"><span class='ocrx_word' id='word_1_197' title='bbox 131 2515 217 2549; x_wconf 84' lang='lat' dir='ltr'>bem.</span> <span class='ocrx_word' id='word_1_198' title='bbox 262 2512 418 2548; x_wconf 89' lang='lat' dir='ltr'>Ovidius</span> <span class='ocrx_word' id='word_1_199' title='bbox 439 2513 693 2562; x_wconf 80' lang='lat' dir='ltr'>Metamorph.</span> <span class='ocrx_word' id='word_1_200' title='bbox 715 2514 745 2549; x_wconf 90' lang='grc' dir='ltr'>Ι.</span> <span class='ocrx_word' id='word_1_201' title='bbox 765 2524 825 2560; x_wconf 83' lang='grc'>73.</span> 
     </span>
     <span class='ocr_line' id='line_1_44' title="bbox 130 2565 823 2614; baseline 0.001 -12"><span class='ocrx_word' id='word_1_202' title='bbox 130 2566 314 2602; x_wconf 88' lang='lat' dir='ltr'>Phoebum</span> <span class='ocrx_word' id='word_1_203' title='bbox 339 2565 391 2601; x_wconf 85' lang='lat' dir='ltr'>ita</span> <span class='ocrx_word' id='word_1_204' title='bbox 410 2565 625 2614; x_wconf 88' lang='lat' dir='ltr'>loquentem</span> <span class='ocrx_word' id='word_1_205' title='bbox 655 2566 823 2603; x_wconf 88' lang='lat' dir='ltr'>inducit:</span> 
     </span>
     <span class='ocr_line' id='line_1_45' title="bbox 130 2619 827 2667; baseline 0.001 -12"><span class='ocrx_word' id='word_1_206' title='bbox 130 2641 184 2646; x_wconf 96' lang='lat'><strong>—</strong></span> <span class='ocrx_word' id='word_1_207' title='bbox 201 2619 348 2667; x_wconf 79' lang='lat' dir='ltr'>Rapido</span> <span class='ocrx_word' id='word_1_208' title='bbox 368 2621 571 2655; x_wconf 82' lang='lat' dir='ltr'>contrarius</span> <span class='ocrx_word' id='word_1_209' title='bbox 591 2620 719 2655; x_wconf 76' lang='lat' dir='ltr'>evehor</span> <span class='ocrx_word' id='word_1_210' title='bbox 739 2621 827 2656; x_wconf 87' lang='lat' dir='ltr'>orbi.</span> 
     </span>
     <span class='ocr_line' id='line_1_46' title="bbox 129 2671 828 2721; baseline -0.001 -12"><span class='ocrx_word' id='word_1_211' title='bbox 129 2673 274 2709; x_wconf 84' lang='lat' dir='ltr'>Tamen</span> <span class='ocrx_word' id='word_1_212' title='bbox 316 2671 416 2708; x_wconf 85' lang='lat' dir='ltr'>haud</span> <span class='ocrx_word' id='word_1_213' title='bbox 445 2673 522 2708; x_wconf 87' lang='lat' dir='ltr'>scio</span> <span class='ocrx_word' id='word_1_214' title='bbox 555 2685 602 2707; x_wconf 86' lang='lat' dir='ltr'>an</span> <span class='ocrx_word' id='word_1_215' title='bbox 634 2671 828 2721; x_wconf 87' lang='lat' dir='ltr'>epitheton</span> 
     </span>
     <span class='ocr_line' id='line_1_47' title="bbox 130 2724 829 2762; baseline 0 0"><span class='ocrx_word' id='word_1_216' title='bbox 130 2727 264 2762; x_wconf 83' lang='lat' dir='ltr'>rutilus</span> <span class='ocrx_word' id='word_1_217' title='bbox 295 2725 377 2761; x_wconf 91' lang='lat' dir='ltr'>loco</span> <span class='ocrx_word' id='word_1_218' title='bbox 410 2724 571 2761; x_wconf 87' lang='lat' dir='ltr'>Petronii</span> <span class='ocrx_word' id='word_1_219' title='bbox 604 2725 829 2762; x_wconf 88' lang='lat' dir='ltr'>convenien-</span> 
     </span>
     <span class='ocr_line' id='line_1_48' title="bbox 132 2778 829 2827; baseline -0.003 -11"><span class='ocrx_word' id='word_1_220' title='bbox 132 2779 203 2816; x_wconf 87' lang='lat' dir='ltr'>tius</span> <span class='ocrx_word' id='word_1_221' title='bbox 235 2780 294 2816; x_wconf 89' lang='lat' dir='ltr'>sit.</span> <span class='ocrx_word' id='word_1_222' title='bbox 352 2779 434 2815; x_wconf 90' lang='lat' dir='ltr'>Nec</span> <span class='ocrx_word' id='word_1_223' title='bbox 467 2778 620 2815; x_wconf 87' lang='lat' dir='ltr'>dubium</span> <span class='ocrx_word' id='word_1_224' title='bbox 649 2786 718 2820; x_wconf 84' lang='lat' dir='ltr'>est,</span> <span class='ocrx_word' id='word_1_225' title='bbox 739 2779 829 2827; x_wconf 91' lang='lat' dir='ltr'>quin</span> 
     </span>
     <span class='ocr_line' id='line_1_49' title="bbox 133 2831 832 2874; baseline -0.003 -5"><span class='ocrx_word' id='word_1_226' title='bbox 133 2831 188 2869; x_wconf 88' lang='lat' dir='ltr'>via</span> <span class='ocrx_word' id='word_1_227' title='bbox 225 2831 327 2874; x_wconf 88' lang='lat' dir='ltr'>solis,</span> <span class='ocrx_word' id='word_1_228' title='bbox 369 2831 432 2868; x_wconf 89' lang='lat' dir='ltr'>illa</span> <span class='ocrx_word' id='word_1_229' title='bbox 469 2831 525 2868; x_wconf 90' lang='lat' dir='ltr'>bis</span> <span class='ocrx_word' id='word_1_230' title='bbox 564 2832 662 2868; x_wconf 87' lang='lat' dir='ltr'>senis</span> <span class='ocrx_word' id='word_1_231' title='bbox 709 2831 832 2867; x_wconf 85' lang='lat' dir='ltr'>lucida</span> 
     </span>
     <span class='ocr_line' id='line_1_50' title="bbox 133 2883 830 2936; baseline -0.001 -15"><span class='ocrx_word' id='word_1_232' title='bbox 133 2885 260 2936; x_wconf 86' lang='lat' dir='ltr'>signis,</span> <span class='ocrx_word' id='word_1_233' title='bbox 283 2885 472 2935; x_wconf 80' lang='lat' dir='ltr'>eleganter</span> <span class='ocrx_word' id='word_1_234' title='bbox 502 2883 573 2921; x_wconf 87' lang='lat' dir='ltr'>dici</span> <span class='ocrx_word' id='word_1_235' title='bbox 604 2893 714 2932; x_wconf 80' lang='lat' dir='ltr'>queat</span> <span class='ocrx_word' id='word_1_236' title='bbox 740 2886 830 2920; x_wconf 81' lang='lat' dir='ltr'>ruti-</span> 
     </span>
    </p>
   </div>
   <div class='ocr_carea' id='block_1_21' title="bbox 876 1181 1584 2935">
    <p class='ocr_par' dir='ltr' id='par_1_24' title="bbox 876 1181 1581 1496">
     <span class='ocr_line' id='line_1_51' title="bbox 883 1181 1581 1219; baseline 0.001 -2"><span class='ocrx_word' id='word_1_237' title='bbox 883 1183 938 1217; x_wconf 80' lang='lat' dir='ltr'>lus</span> <span class='ocrx_word' id='word_1_238' title='bbox 979 1182 1085 1219; x_wconf 74' lang='lat' dir='ltr'>orbis.</span> <span class='ocrx_word' id='word_1_239' title='bbox 1158 1182 1332 1218; x_wconf 84' lang='lat' dir='ltr'>Ceterum</span> <span class='ocrx_word' id='word_1_240' title='bbox 1383 1181 1581 1218; x_wconf 87' lang='lat' dir='ltr'>versiculos</span> 
     </span>
     <span class='ocr_line' id='line_1_52' title="bbox 885 1234 1580 1284; baseline 0.001 -14"><span class='ocrx_word' id='word_1_241' title='bbox 885 1235 1048 1271; x_wconf 89' lang='lat' dir='ltr'>Petronii</span> <span class='ocrx_word' id='word_1_242' title='bbox 1080 1234 1284 1284; x_wconf 83' lang='lat' dir='ltr'>respexisse</span> <span class='ocrx_word' id='word_1_243' title='bbox 1315 1234 1460 1271; x_wconf 88' lang='lat' dir='ltr'>videtur</span> <span class='ocrx_word' id='word_1_244' title='bbox 1491 1235 1580 1271; x_wconf 88' lang='lat' dir='ltr'>Pro-</span> 
     </span>
     <span class='ocr_line' id='line_1_53' title="bbox 881 1287 1581 1337; baseline 0 -13"><span class='ocrx_word' id='word_1_245' title='bbox 881 1301 966 1337; x_wconf 85' lang='lat' dir='ltr'>sper</span> <span class='ocrx_word' id='word_1_246' title='bbox 979 1287 1223 1337; x_wconf 82' lang='lat' dir='ltr'>Aquitanicus</span> <span class='ocrx_word' id='word_1_247' title='bbox 1238 1287 1274 1323; x_wconf 89' lang='lat' dir='ltr'>in</span> <span class='ocrx_word' id='word_1_248' title='bbox 1292 1287 1466 1331; x_wconf 86' lang='lat' dir='ltr'>carmine,</span> <span class='ocrx_word' id='word_1_249' title='bbox 1481 1288 1581 1337; x_wconf 91' lang='lat' dir='ltr'>quod</span> 
     </span>
     <span class='ocr_line' id='line_1_54' title="bbox 881 1340 1580 1390; baseline -0.001 -12"><span class='ocrx_word' id='word_1_250' title='bbox 881 1349 938 1378; x_wconf 90' lang='lat' dir='ltr'>est</span> <span class='ocrx_word' id='word_1_251' title='bbox 979 1340 1077 1389; x_wconf 83' lang='lat' dir='ltr'>apud</span> <span class='ocrx_word' id='word_1_252' title='bbox 1114 1340 1258 1377; x_wconf 88' lang='lat' dir='ltr'>Bedam</span> <span class='ocrx_word' id='word_1_253' title='bbox 1293 1341 1339 1377; x_wconf 91' lang='lat' dir='ltr'>de</span> <span class='ocrx_word' id='word_1_254' title='bbox 1380 1340 1505 1377; x_wconf 86' lang='lat' dir='ltr'>metris</span> <span class='ocrx_word' id='word_1_255' title='bbox 1544 1354 1580 1390; x_wconf 94' lang='lat' dir='ltr'>p.</span> 
     </span>
     <span class='ocr_line' id='line_1_55' title="bbox 885 1392 1581 1444; baseline 0 -14"><span class='ocrx_word' id='word_1_256' title='bbox 885 1405 999 1442; x_wconf 80' lang='lat'><em>2379.</em></span> <span class='ocrx_word' id='word_1_257' title='bbox 1032 1395 1158 1437; x_wconf 80' lang='lat' dir='ltr'>Celeri,</span> <span class='ocrx_word' id='word_1_258' title='bbox 1188 1395 1297 1435; x_wconf 80' lang='lat' dir='ltr'>vides,</span> <span class='ocrx_word' id='word_1_259' title='bbox 1320 1399 1443 1430; x_wconf 81' lang='lat' dir='ltr'>rotatu</span> <span class='ocrx_word' id='word_1_260' title='bbox 1469 1392 1474 1444; x_wconf 84' lang='grc' dir='ltr'>Ι</span> <span class='ocrx_word' id='word_1_261' title='bbox 1502 1395 1581 1430; x_wconf 84' lang='lat' dir='ltr'>Ra-</span> 
     </span>
     <span class='ocr_line' id='line_1_56' title="bbox 876 1447 1411 1496; baseline 0 -13"><span class='ocrx_word' id='word_1_262' title='bbox 876 1450 982 1496; x_wconf 84' lang='lat' dir='ltr'>pidos</span> <span class='ocrx_word' id='word_1_263' title='bbox 1001 1448 1076 1482; x_wconf 78' lang='lat' dir='ltr'>dies</span> <span class='ocrx_word' id='word_1_264' title='bbox 1093 1459 1225 1483; x_wconf 77' lang='lat' dir='ltr'>meare.</span> <span class='ocrx_word' id='word_1_265' title='bbox 1259 1447 1411 1483; x_wconf 85' lang='lat' dir='ltr'>HEUS.</span> 
     </span>
    </p>

    <p class='ocr_par' dir='ltr' id='par_1_25' title="bbox 882 1499 1581 1644">
     <span class='ocr_line' id='line_1_57' title="bbox 935 1499 1578 1548; baseline 0 -12"><span class='ocrx_word' id='word_1_266' title='bbox 935 1499 954 1527; x_wconf 90' lang='lat' dir='ltr'>b</span> <span class='ocrx_word' id='word_1_267' title='bbox 990 1506 1239 1536; x_wconf 76' lang='lat' dir='ltr'>tetrametrum</span> <span class='ocrx_word' id='word_1_268' title='bbox 1268 1501 1431 1548; x_wconf 79' lang='lat' dir='ltr'>colobon]</span> <span class='ocrx_word' id='word_1_269' title='bbox 1465 1501 1578 1536; x_wconf 87' lang='lat' dir='ltr'>MSS.</span> 
     </span>
     <span class='ocr_line' id='line_1_58' title="bbox 883 1553 1581 1603; baseline -0.001 -13"><span class='ocrx_word' id='word_1_270' title='bbox 883 1555 1068 1602; x_wconf 75' lang='lat' dir='ltr'>colophon.</span> <span class='ocrx_word' id='word_1_271' title='bbox 1129 1553 1276 1590; x_wconf 88' lang='lat' dir='ltr'>Deinde</span> <span class='ocrx_word' id='word_1_272' title='bbox 1310 1554 1473 1603; x_wconf 88' lang='lat' dir='ltr'>Guelph.</span> <span class='ocrx_word' id='word_1_273' title='bbox 1511 1560 1581 1590; x_wconf 87' lang='lat' dir='ltr'>tres</span> 
     </span>
     <span class='ocr_line' id='line_1_59' title="bbox 882 1608 1219 1644; baseline 0 -1"><span class='ocrx_word' id='word_1_274' title='bbox 882 1614 1030 1643; x_wconf 71' lang='lat' dir='ltr'>croceus.</span> <span class='ocrx_word' id='word_1_275' title='bbox 1065 1608 1219 1644; x_wconf 87' lang='lat' dir='ltr'><strong>HEUS.</strong></span> 
     </span>
    </p>

    <p class='ocr_par' dir='ltr' id='par_1_26' title="bbox 879 1662 1584 2935">
     <span class='ocr_line' id='line_1_60' title="bbox 935 1662 1578 1708; baseline -0.002 -11"><span class='ocrx_word' id='word_1_276' title='bbox 935 1668 951 1688; x_wconf 80' lang='lat'><strong>0</strong></span> <span class='ocrx_word' id='word_1_277' title='bbox 971 1662 1131 1697; x_wconf 69' lang='lat' dir='ltr'>Metram</span> <span class='ocrx_word' id='word_1_278' title='bbox 1158 1662 1347 1696; x_wconf 81' lang='lat' dir='ltr'>iambicum</span> <span class='ocrx_word' id='word_1_279' title='bbox 1370 1662 1578 1708; x_wconf 81' lang='lat' dir='ltr'>Hipponac-</span> 
     </span>
     <span class='ocr_line' id='line_1_61' title="bbox 883 1713 1578 1763; baseline -0.003 -13"><span class='ocrx_word' id='word_1_280' title='bbox 883 1715 994 1762; x_wconf 75' lang='lat' dir='ltr'>teum]</span> <span class='ocrx_word' id='word_1_281' title='bbox 1042 1714 1099 1749; x_wconf 90' lang='lat' dir='ltr'>De</span> <span class='ocrx_word' id='word_1_282' title='bbox 1137 1715 1208 1750; x_wconf 92' lang='lat' dir='ltr'>hoc</span> <span class='ocrx_word' id='word_1_283' title='bbox 1246 1713 1495 1750; x_wconf 75' lang='lat' dir='ltr'>Terentianus</span> <span class='ocrx_word' id='word_1_284' title='bbox 1542 1727 1578 1763; x_wconf 91' lang='lat' dir='ltr'>p.</span> 
     </span>
     <span class='ocr_line' id='line_1_62' title="bbox 885 1766 1580 1815; baseline -0.001 -12"><span class='ocrx_word' id='word_1_285' title='bbox 885 1768 997 1815; x_wconf 83' lang='lat'><strong>2436.</strong></span> <span class='ocrx_word' id='word_1_286' title='bbox 1031 1768 1156 1814; x_wconf 77' lang='lat' dir='ltr'>AEque</span> <span class='ocrx_word' id='word_1_287' title='bbox 1189 1772 1224 1802; x_wconf 83' lang='lat' dir='ltr'>et</span> <span class='ocrx_word' id='word_1_288' title='bbox 1262 1770 1424 1802; x_wconf 77' lang='lat' dir='ltr'>trimetro</span> <span class='ocrx_word' id='word_1_289' title='bbox 1452 1766 1580 1813; x_wconf 70' lang='lat' dir='ltr'>junxit</span> 
     </span>
     <span class='ocr_line' id='line_1_63' title="bbox 882 1818 1580 1870; baseline -0.001 -14"><span class='ocrx_word' id='word_1_290' title='bbox 882 1823 1079 1867; x_wconf 73' lang='lat' dir='ltr'>Hipponax</span> <span class='ocrx_word' id='word_1_291' title='bbox 1120 1822 1247 1867; x_wconf 80' lang='lat' dir='ltr'>pedem</span> <span class='ocrx_word' id='word_1_292' title='bbox 1290 1818 1294 1870; x_wconf 86' lang='grc' dir='ltr'>Ι</span> <span class='ocrx_word' id='word_1_293' title='bbox 1340 1821 1580 1856; x_wconf 83' lang='lat' dir='ltr'>Novissimum</span> 
     </span>
     <span class='ocr_line' id='line_1_64' title="bbox 882 1871 1580 1924; baseline -0.001 -15"><span class='ocrx_word' id='word_1_294' title='bbox 882 1875 1107 1920; x_wconf 75' lang='lat' dir='ltr'>trisyllabum</span> <span class='ocrx_word' id='word_1_295' title='bbox 1120 1886 1163 1909; x_wconf 71' lang='lat' dir='ltr'>ex</span> <span class='ocrx_word' id='word_1_296' title='bbox 1177 1875 1298 1921; x_wconf 81' lang='lat' dir='ltr'>prima</span> <span class='ocrx_word' id='word_1_297' title='bbox 1317 1874 1423 1916; x_wconf 83' lang='lat' dir='ltr'>brevi,</span> <span class='ocrx_word' id='word_1_298' title='bbox 1451 1871 1455 1924; x_wconf 78' lang='grc' dir='ltr'>Ι</span> <span class='ocrx_word' id='word_1_299' title='bbox 1482 1874 1580 1909; x_wconf 86' lang='lat' dir='ltr'>Lon-</span> 
     </span>
     <span class='ocr_line' id='line_1_65' title="bbox 879 1927 1579 1974; baseline 0 -12"><span class='ocrx_word' id='word_1_300' title='bbox 879 1929 934 1974; x_wconf 79' lang='lat' dir='ltr'>gis</span> <span class='ocrx_word' id='word_1_301' title='bbox 966 1928 1133 1963; x_wconf 76' lang='lat' dir='ltr'>duabus:</span> <span class='ocrx_word' id='word_1_302' title='bbox 1175 1927 1420 1962; x_wconf 75' lang='lat' dir='ltr'>antibacchius</span> <span class='ocrx_word' id='word_1_303' title='bbox 1453 1939 1579 1962; x_wconf 78' lang='lat' dir='ltr'>nomen</span> 
     </span>
     <span class='ocr_line' id='line_1_66' title="bbox 881 1980 1578 2016; baseline -0.001 0"><span class='ocrx_word' id='word_1_304' title='bbox 881 1986 941 2016; x_wconf 77' lang='lat' dir='ltr'>est.</span> <span class='ocrx_word' id='word_1_305' title='bbox 1001 1981 1071 2015; x_wconf 89' lang='lat' dir='ltr'>Pro</span> <span class='ocrx_word' id='word_1_306' title='bbox 1105 1980 1352 2016; x_wconf 79' lang='lat' dir='ltr'>antibacchius</span> <span class='ocrx_word' id='word_1_307' title='bbox 1385 1980 1445 2016; x_wconf 82' lang='lat' dir='ltr'>hic</span> <span class='ocrx_word' id='word_1_308' title='bbox 1483 1982 1578 2015; x_wconf 82' lang='lat' dir='ltr'>anti-</span> 
     </span>
     <span class='ocr_line' id='line_1_67' title="bbox 884 2032 1579 2083; baseline -0.001 -14"><span class='ocrx_word' id='word_1_309' title='bbox 884 2034 1034 2069; x_wconf 77' lang='lat' dir='ltr'>bacchus</span> <span class='ocrx_word' id='word_1_310' title='bbox 1055 2045 1231 2083; x_wconf 82' lang='lat' dir='ltr'>reponere</span> <span class='ocrx_word' id='word_1_311' title='bbox 1252 2032 1306 2069; x_wconf 87' lang='lat' dir='ltr'>lex</span> <span class='ocrx_word' id='word_1_312' title='bbox 1328 2032 1502 2069; x_wconf 87' lang='lat' dir='ltr'>carminis</span> <span class='ocrx_word' id='word_1_313' title='bbox 1517 2036 1579 2083; x_wconf 91' lang='lat' dir='ltr'>ju-</span> 
     </span>
     <span class='ocr_line' id='line_1_68' title="bbox 885 2085 1578 2127; baseline 0.003 -7"><span class='ocrx_word' id='word_1_314' title='bbox 885 2088 956 2123; x_wconf 83' lang='lat' dir='ltr'>bet.</span> <span class='ocrx_word' id='word_1_315' title='bbox 1015 2087 1099 2122; x_wconf 91' lang='lat' dir='ltr'>Nec</span> <span class='ocrx_word' id='word_1_316' title='bbox 1139 2085 1272 2122; x_wconf 90' lang='lat' dir='ltr'>mirum</span> <span class='ocrx_word' id='word_1_317' title='bbox 1308 2085 1418 2122; x_wconf 88' lang='lat' dir='ltr'>videri</span> <span class='ocrx_word' id='word_1_318' title='bbox 1454 2086 1578 2127; x_wconf 88' lang='lat' dir='ltr'>debet,</span> 
     </span>
     <span class='ocr_line' id='line_1_69' title="bbox 883 2139 1579 2189; baseline -0.001 -13"><span class='ocrx_word' id='word_1_319' title='bbox 883 2140 1014 2189; x_wconf 87' lang='lat' dir='ltr'>pedem</span> <span class='ocrx_word' id='word_1_320' title='bbox 1035 2140 1287 2175; x_wconf 76' lang='lat' dir='ltr'>antibacchum</span> <span class='ocrx_word' id='word_1_321' title='bbox 1313 2152 1334 2176; x_wconf 88' lang='lat' dir='ltr'>a</span> <span class='ocrx_word' id='word_1_322' title='bbox 1352 2139 1579 2175; x_wconf 83' lang='lat' dir='ltr'>Terentiano</span> 
     </span>
     <span class='ocr_line' id='line_1_70' title="bbox 882 2192 1580 2242; baseline -0.001 -13"><span class='ocrx_word' id='word_1_323' title='bbox 882 2202 919 2230; x_wconf 89' lang='lat' dir='ltr'>et</span> <span class='ocrx_word' id='word_1_324' title='bbox 938 2192 1013 2235; x_wconf 89' lang='lat' dir='ltr'>hic,</span> <span class='ocrx_word' id='word_1_325' title='bbox 1035 2201 1073 2229; x_wconf 89' lang='lat' dir='ltr'>et</span> <span class='ocrx_word' id='word_1_326' title='bbox 1092 2192 1171 2229; x_wconf 86' lang='lat' dir='ltr'>aliis</span> <span class='ocrx_word' id='word_1_327' title='bbox 1191 2192 1281 2229; x_wconf 83' lang='lat' dir='ltr'>locis</span> <span class='ocrx_word' id='word_1_328' title='bbox 1302 2192 1495 2242; x_wconf 88' lang='lat' dir='ltr'>appellari,</span> <span class='ocrx_word' id='word_1_329' title='bbox 1517 2192 1580 2242; x_wconf 91' lang='lat' dir='ltr'>qui</span> 
     </span>
     <span class='ocr_line' id='line_1_71' title="bbox 883 2245 1579 2285; baseline -0.001 -3"><span class='ocrx_word' id='word_1_330' title='bbox 883 2259 982 2282; x_wconf 92' lang='lat' dir='ltr'>nunc</span> <span class='ocrx_word' id='word_1_331' title='bbox 1012 2247 1193 2283; x_wconf 79' lang='lat' dir='ltr'>Bacchius</span> <span class='ocrx_word' id='word_1_332' title='bbox 1224 2259 1309 2283; x_wconf 88' lang='lat' dir='ltr'>cum</span> <span class='ocrx_word' id='word_1_333' title='bbox 1343 2245 1579 2285; x_wconf 88' lang='lat' dir='ltr'>Quintiliano</span> 
     </span>
     <span class='ocr_line' id='line_1_72' title="bbox 882 2298 1579 2349; baseline -0.001 -13"><span class='ocrx_word' id='word_1_334' title='bbox 882 2308 920 2336; x_wconf 91' lang='lat' dir='ltr'>et</span> <span class='ocrx_word' id='word_1_335' title='bbox 936 2299 1104 2349; x_wconf 87' lang='lat' dir='ltr'>pluribus</span> <span class='ocrx_word' id='word_1_336' title='bbox 1125 2307 1287 2336; x_wconf 85' lang='lat' dir='ltr'>vocatur.</span> <span class='ocrx_word' id='word_1_337' title='bbox 1324 2299 1443 2335; x_wconf 85' lang='lat' dir='ltr'>Simili</span> <span class='ocrx_word' id='word_1_338' title='bbox 1466 2298 1579 2335; x_wconf 92' lang='lat' dir='ltr'>modo</span> 
     </span>
     <span class='ocr_line' id='line_1_73' title="bbox 880 2351 1578 2402; baseline -0.003 -13"><span class='ocrx_word' id='word_1_339' title='bbox 880 2352 1071 2389; x_wconf 89' lang='lat' dir='ltr'>Ausonius</span> <span class='ocrx_word' id='word_1_340' title='bbox 1091 2352 1199 2402; x_wconf 84' lang='lat' dir='ltr'>epist.</span> <span class='ocrx_word' id='word_1_341' title='bbox 1216 2353 1286 2390; x_wconf 87' lang='lat' dir='ltr'>IV.</span> <span class='ocrx_word' id='word_1_342' title='bbox 1304 2365 1348 2401; x_wconf 90' lang='lat'>91</span> <span class='ocrx_word' id='word_1_343' title='bbox 1361 2381 1369 2389; x_wconf 89' lang='lat'><strong>.</strong></span> <span class='ocrx_word' id='word_1_344' title='bbox 1401 2351 1578 2401; x_wconf 89' lang='lat' dir='ltr'>Sapphici</span> 
     </span>
     <span class='ocr_line' id='line_1_74' title="bbox 884 2406 1580 2443; baseline -0.003 -1"><span class='ocrx_word' id='word_1_345' title='bbox 884 2419 1005 2443; x_wconf 85' lang='lat' dir='ltr'>versus</span> <span class='ocrx_word' id='word_1_346' title='bbox 1035 2406 1240 2443; x_wconf 86' lang='lat' dir='ltr'>clausulam</span> <span class='ocrx_word' id='word_1_347' title='bbox 1270 2418 1350 2442; x_wconf 89' lang='lat' dir='ltr'>esse</span> <span class='ocrx_word' id='word_1_348' title='bbox 1374 2406 1466 2441; x_wconf 86' lang='lat' dir='ltr'>dicit</span> <span class='ocrx_word' id='word_1_349' title='bbox 1486 2408 1580 2441; x_wconf 82' lang='lat' dir='ltr'>anti-</span> 
     </span>
     <span class='ocr_line' id='line_1_75' title="bbox 883 2458 1581 2508; baseline -0.001 -12"><span class='ocrx_word' id='word_1_350' title='bbox 883 2460 1064 2497; x_wconf 79' lang='lat' dir='ltr'>bacchum.</span> <span class='ocrx_word' id='word_1_351' title='bbox 1126 2460 1179 2496; x_wconf 90' lang='lat' dir='ltr'>Et</span> <span class='ocrx_word' id='word_1_352' title='bbox 1215 2459 1293 2508; x_wconf 89' lang='lat' dir='ltr'>ipse</span> <span class='ocrx_word' id='word_1_353' title='bbox 1330 2458 1581 2496; x_wconf 85' lang='lat' dir='ltr'>Terentianus</span> 
     </span>
     <span class='ocr_line' id='line_1_76' title="bbox 882 2511 1582 2563; baseline 0 -15"><span class='ocrx_word' id='word_1_354' title='bbox 882 2527 918 2563; x_wconf 90' lang='lat' dir='ltr'>p.</span> <span class='ocrx_word' id='word_1_355' title='bbox 944 2525 1059 2560; x_wconf 85' lang='lat'>2414.</span> <span class='ocrx_word' id='word_1_356' title='bbox 1081 2512 1133 2549; x_wconf 88' lang='lat' dir='ltr'>ita</span> <span class='ocrx_word' id='word_1_357' title='bbox 1152 2511 1305 2549; x_wconf 80' lang='lat' dir='ltr'>definit:</span> <span class='ocrx_word' id='word_1_358' title='bbox 1342 2513 1462 2554; x_wconf 80' lang='lat' dir='ltr'>Quum</span> <span class='ocrx_word' id='word_1_359' title='bbox 1491 2514 1582 2548; x_wconf 80' lang='lat' dir='ltr'>duas</span> 
     </span>
     <span class='ocr_line' id='line_1_77' title="bbox 884 2567 1580 2614; baseline -0.001 -12"><span class='ocrx_word' id='word_1_360' title='bbox 884 2569 1008 2614; x_wconf 80' lang='lat' dir='ltr'>longas</span> <span class='ocrx_word' id='word_1_361' title='bbox 1039 2572 1208 2614; x_wconf 73' lang='lat' dir='ltr'>sequetur</span> <span class='ocrx_word' id='word_1_362' title='bbox 1236 2579 1309 2602; x_wconf 80' lang='lat' dir='ltr'>una</span> <span class='ocrx_word' id='word_1_363' title='bbox 1344 2567 1483 2602; x_wconf 85' lang='lat' dir='ltr'>brevior</span> <span class='ocrx_word' id='word_1_364' title='bbox 1507 2567 1580 2613; x_wconf 78' lang='lat' dir='ltr'>syl-</span> 
     </span>
     <span class='ocr_line' id='line_1_78' title="bbox 884 2618 1582 2671; baseline -0.004 -15"><span class='ocrx_word' id='word_1_365' title='bbox 884 2622 980 2664; x_wconf 80' lang='lat' dir='ltr'><strong><em>laba,</em></strong></span> <span class='ocrx_word' id='word_1_366' title='bbox 1008 2618 1014 2671; x_wconf 73' lang='lat' dir='ltr'>l</span> <span class='ocrx_word' id='word_1_367' title='bbox 1040 2622 1111 2656; x_wconf 79' lang='lat' dir='ltr'>Pes</span> <span class='ocrx_word' id='word_1_368' title='bbox 1131 2622 1199 2656; x_wconf 73' lang='lat' dir='ltr'>erit</span> <span class='ocrx_word' id='word_1_369' title='bbox 1219 2624 1388 2665; x_wconf 84' lang='grc' dir='ltr'><em>Βακχεῖος·</em></span> <span class='ocrx_word' id='word_1_370' title='bbox 1421 2620 1582 2662; x_wconf 72' lang='grc' dir='ltr'><em>ἀντίβακ-</em></span> 
     </span>
     <span class='ocr_line' id='line_1_79' title="bbox 884 2670 1582 2722; baseline -0.006 -13"><span class='ocrx_word' id='word_1_371' title='bbox 884 2690 938 2719; x_wconf 88' lang='grc' dir='ltr'>χος</span> <span class='ocrx_word' id='word_1_372' title='bbox 961 2679 1082 2709; x_wconf 75' lang='lat' dir='ltr'>autem</span> <span class='ocrx_word' id='word_1_373' title='bbox 1111 2679 1195 2709; x_wconf 78' lang='lat' dir='ltr'>tunc</span> <span class='ocrx_word' id='word_1_374' title='bbox 1219 2675 1298 2715; x_wconf 81' lang='lat' dir='ltr'>erit,</span> <span class='ocrx_word' id='word_1_375' title='bbox 1326 2670 1330 2722; x_wconf 84' lang='grc' dir='ltr'>Ι</span> <span class='ocrx_word' id='word_1_376' title='bbox 1359 2672 1478 2712; x_wconf 81' lang='lat' dir='ltr'>Quum</span> <span class='ocrx_word' id='word_1_377' title='bbox 1505 2672 1582 2707; x_wconf 87' lang='lat' dir='ltr'>bre-</span> 
     </span>
     <span class='ocr_line' id='line_1_80' title="bbox 886 2725 1584 2774; baseline -0.006 -12"><span class='ocrx_word' id='word_1_378' title='bbox 886 2739 962 2763; x_wconf 87' lang='lat' dir='ltr'>vem</span> <span class='ocrx_word' id='word_1_379' title='bbox 977 2729 1134 2774; x_wconf 82' lang='lat' dir='ltr'>primam</span> <span class='ocrx_word' id='word_1_380' title='bbox 1152 2727 1284 2762; x_wconf 83' lang='lat' dir='ltr'>locabis</span> <span class='ocrx_word' id='word_1_381' title='bbox 1299 2731 1333 2761; x_wconf 82' lang='lat' dir='ltr'>et</span> <span class='ocrx_word' id='word_1_382' title='bbox 1352 2728 1442 2761; x_wconf 82' lang='lat' dir='ltr'>duas</span> <span class='ocrx_word' id='word_1_383' title='bbox 1459 2725 1584 2770; x_wconf 81' lang='lat' dir='ltr'>longas</span> 
     </span>
     <span class='ocr_line' id='line_1_81' title="bbox 886 2776 1582 2829; baseline -0.006 -13"><span class='ocrx_word' id='word_1_384' title='bbox 886 2781 980 2815; x_wconf 80' lang='lat' dir='ltr'>dein.</span> <span class='ocrx_word' id='word_1_385' title='bbox 1010 2779 1117 2816; x_wconf 92' lang='lat' dir='ltr'>Adde</span> <span class='ocrx_word' id='word_1_386' title='bbox 1133 2781 1318 2829; x_wconf 88' lang='lat' dir='ltr'>Asperum</span> <span class='ocrx_word' id='word_1_387' title='bbox 1333 2777 1522 2825; x_wconf 88' lang='lat' dir='ltr'>juniorem</span> <span class='ocrx_word' id='word_1_388' title='bbox 1545 2776 1582 2812; x_wconf 91' lang='lat' dir='ltr'>in</span> 
     </span>
     <span class='ocr_line' id='line_1_82' title="bbox 887 2828 1584 2882; baseline -0.006 -14"><span class='ocrx_word' id='word_1_389' title='bbox 887 2840 965 2869; x_wconf 84' lang='lat' dir='ltr'>arte</span> <span class='ocrx_word' id='word_1_390' title='bbox 997 2845 1033 2882; x_wconf 92' lang='lat' dir='ltr'>p.</span> <span class='ocrx_word' id='word_1_391' title='bbox 1057 2842 1171 2880; x_wconf 90' lang='lat'>1727.</span> <span class='ocrx_word' id='word_1_392' title='bbox 1237 2832 1333 2868; x_wconf 84' lang='lat' dir='ltr'>Haec</span> <span class='ocrx_word' id='word_1_393' title='bbox 1365 2828 1584 2880; x_wconf 85' lang='lat' dir='ltr'>ambiguitas</span> 
     </span>
     <span class='ocr_line' id='line_1_83' title="bbox 891 2884 1584 2935; baseline -0.007 -13"><span class='ocrx_word' id='word_1_394' title='bbox 891 2887 1036 2922; x_wconf 57' lang='lat' dir='ltr'>Bai-chii</span> <span class='ocrx_word' id='word_1_395' title='bbox 1069 2885 1174 2935; x_wconf 90' lang='lat' dir='ltr'>pedis</span> <span class='ocrx_word' id='word_1_396' title='bbox 1207 2893 1244 2921; x_wconf 85' lang='lat' dir='ltr'>et</span> <span class='ocrx_word' id='word_1_397' title='bbox 1275 2884 1478 2920; x_wconf 73' lang='lat' dir='ltr'>antibacchi</span> <span class='ocrx_word' id='word_1_398' title='bbox 1509 2895 1584 2918; x_wconf 89' lang='lat' dir='ltr'>non</span> 
     </span>
    </p>
   </div>
   <div class='ocr_carea' id='block_1_22' title="bbox 821 2953 893 2986">
    <p class='ocr_par' dir='ltr' id='par_1_27' title="bbox 821 2953 893 2986">
     <span class='ocr_line' id='line_1_84' title="bbox 821 2953 893 2986; baseline 0.014 -1"><span class='ocrx_word' id='word_1_399' title='bbox 821 2953 845 2985; x_wconf 71' lang='lat'>4</span> <span class='ocrx_word' id='word_1_400' title='bbox 869 2962 893 2986; x_wconf 78' lang='lat' dir='ltr'>A</span> 
     </span>
    </p>
   </div>
   <div class='ocr_carea' id='block_1_23' title="bbox 1601 356 1639 376">
    <p class='ocr_par' dir='ltr' id='par_1_28' title="bbox 1601 356 1639 376">
     <span class='ocr_line' id='line_1_85' title="bbox 1601 356 1639 376; baseline 0 0"><span class='ocrx_word' id='word_1_401' title='bbox 1601 356 1639 376; x_wconf 89' lang='lat'>10</span> 
     </span>
    </p>
   </div>
   <div class='ocr_carea' id='block_1_24' title="bbox 1602 639 1635 659">
    <p class='ocr_par' dir='ltr' id='par_1_29' title="bbox 1602 639 1635 659">
     <span class='ocr_line' id='line_1_86' title="bbox 1602 639 1635 659; baseline 0 0"><span class='ocrx_word' id='word_1_402' title='bbox 1602 639 1635 659; x_wconf 89' lang='lat'>11</span> 
     </span>
    </p>
   </div>
   <div class='ocr_carea' id='block_1_25' title="bbox 1602 842 1638 862">
    <p class='ocr_par' dir='ltr' id='par_1_30' title="bbox 1602 842 1638 862">
     <span class='ocr_line' id='line_1_87' title="bbox 1602 842 1638 862; baseline 0 0"><span class='ocrx_word' id='word_1_403' title='bbox 1602 842 1638 862; x_wconf 76' lang='lat'>12</span> 
     </span>
    </p>
   </div>
   <div class='ocr_carea' id='block_1_26' title="bbox 1604 1050 1639 1079">
    <p class='ocr_par' dir='ltr' id='par_1_31' title="bbox 1604 1050 1639 1079">
     <span class='ocr_line' id='line_1_88' title="bbox 1604 1050 1639 1079; baseline 0 0"><span class='ocrx_word' id='word_1_404' title='bbox 1604 1050 1639 1079; x_wconf 74' lang='lat'>¹5</span> 
     </span>
    </p>
   </div>
  </div>
 </body>
</html>
