1962 3355
337 193 432 252 276
886 192 1044 240 Marii
1068 191 1217 238 Plotia·

339 335 364 363 a
388 316 520 365 brevi
543 316 723 379 incipit,
748 315 874 378 quod
908 316 955 361 in
993 315 1084 361 hoc
1109 331 1134 360 a
1157 314 1326 375 longa3
1362 311 1411 356 in
1446 310 1526 355 illo
1561 309 1772 355 iiambus

338 398 540 448 ΘΑΤΑΡ,
565 394 688 439 enim
713 409 790 438 eos
806 412 820 438 .-
858 392 905 437 in
933 392 1021 436 hoc
1047 388 1280 453 spondeus
1305 387 1459 443 λίσσον,
1483 386 1676 433 dextris.

282 569 320 597 28
465 553 544 599 De
568 549 907 599 cimediambico
933 552 1210 594 tetrametro
1235 545 1656 609 brachycatalecto.

409 652 759 697 Tetrametrum
792 645 1188 692 cinoediambicum
1226 644 1685 708 brachycatalectum
1722 645 1777 690 fit

339 729 430 773 hoc
466 725 620 781 modo,
644 724 760 769 duos
797 722 971 785 primos
1012 721 1153 785 pedes
1190 721 1415 769 iambicos
1453 721 1776 785 tetrasyllabos

339 803 548 858 habebit,
574 801 765 847 tertium
792 799 1150 863 hexasyllabum
1176 816 1233 844 ex
1258 799 1497 862 tribrachy
1521 807 1567 845 et
1590 798 1777 861 dactylo

338 880 680 935 kconstantem,
716 886 937 940 quartum
974 894 1081 921 vero
1118 874 1429 938 trisyllabum,
1465 875 1543 921 sed
1585 893 1609 920 a
1651 873 1777 920 brevi

339 958 664 1021 incipientem,
689 963 769 1001 aut
794 963 1084 1018 anapaestum
1111 961 1191 998 aut
1216 952 1626 1016 amphibrachum,

402 1051 540 1113 ῙΤαχὺ
566 1072 612 1097 σε
637 1053 1044 1096 AETTAMTTXH
1069 1053 1200 1102 βιοτον
1222 1051 1486 1093 ΜΑΙΝΕΤΕ
1509 1046 1714 1110 πρόβασα.

407 1130 450 1169 F
451 1135 658 1184 ractosque
680 1141 808 1167 remos
829 1126 995 1182 dg'fferat
1019 1125 1237 1181 Zephyrus
1257 1125 1417 1165 arduus
1439 1124 1651 1164 verendus.

286 1310 322 1343 29
652 1284 737 1330 De
760 1283 968 1346 satyrico
994 1289 1271 1329 tetrametro
1297 1281 1469 1327 colaro.

413 1389 765 1434 Tetrametrum
789 1386 1053 1449 satyricum
1085 1385 1298 1431 colurum
1335 1393 1420 1442 est,
1444 1384 1568 1446 quod
1602 1394 1783 1431 constat

343 1464 565 1528 spondeo,
601 1463 775 1518 iambo,
803 1462 1025 1526 spondeo,
1049 1462 1303 1524 tribrachy,
1339 1471 1386 1507 et
1419 1461 1567 1507 tribus
1600 1461 1784 1517 iambis,

342 1551 395 1587 ut
420 1541 478 1587 sit
502 1549 824 1587 tetrametrum
854 1538 1327 1602 brachycatalectum,

539 1616 602 1663 τὸν
628 1617 772 1662 Πύθιον
796 1614 859 1661 τὸν
883 1616 1030 1671 Δήλιον
1051 1613 1089 1659 ’ὂν
1113 1616 1261 1660 ἔτασσε
1286 1614 1461 1678 βίχορος.

542 1695 682 1734 fllasae
703 1694 846 1733 Jovem
867 1692 1032 1732 laudate
1052 1697 1089 1731 et
1108 1691 1241 1747 agiles
1263 1691 1401 1731 choros
1422 1691 1529 1731 date.

346 1767 457 1814 Hoc
484 1786 508 1813 a
532 1776 805 1814 tetrametro
832 1765 1239 1830 brachycatalecto
1265 1765 1431 1823 miuro,
1448 1765 1506 1811 de
1530 1783 1623 1828 quo
1648 1783 1786 1828 supra

346 1844 500 1901 docui,
527 1845 615 1891 hac
651 1844 829 1890 ratione
865 1843 1021 1898 distat,
1055 1841 1179 1904 quod
1217 1841 1332 1887 illud
1365 1850 1583 1905 quartum
1616 1840 1786 1904 pedem

348 1922 613 1985 simplicem
655 1920 937 1983 disyllabum
989 1919 1155 1966 habet:
1204 1918 1294 1965 hoc
1337 1936 1446 1965 vero
1491 1919 1786 1981 trisyllabum

347 1998 620 2062 tribrachyn
649 1998 696 2043 in
721 1998 816 2043 illo.

289 2100 331 2128 30
415 2075 688 2121 Secundum
725 2074 955 2120 rationem
997 2074 1132 2120 metri
1168 2073 1373 2131 iambici,
1397 2073 1491 2119 huc
1524 2089 1673 2134 usque
1709 2088 1790 2118 ex-

349 2151 478 2198 tendi
514 2159 761 2196 mmetrum
801 2150 1058 2196 iambicum
1100 2150 1305 2206 deberet,
1342 2168 1367 2196 a
1403 2149 1605 2195 dimetro
1640 2165 1789 2210 usque

351 2228 408 2274 ad
444 2236 782 2281 tetrametrum,
821 2226 1034 2288 quamvis
1076 2226 1304 2272 Horatius
1344 2243 1494 2288 usque
1533 2225 1590 2271 ad
1630 2225 1790 2271 trime-

349 2315 474 2352 trum
512 2303 802 2368 praeceperit,
828 2320 934 2348 cum
964 2303 1021 2348 de
1054 2312 1186 2349 sexto
1210 2302 1328 2367 pede
1351 2303 1421 2348 vel
1449 2301 1651 2365 septimo
1674 2301 1790 2347 iam-

351 2383 457 2429 bico
492 2381 668 2428 nullam
695 2380 857 2426 fecerit
893 2380 1199 2426 mentionem.
1269 2379 1359 2426 Sed
1394 2379 1617 2442 quoniam
1653 2379 1787 2425 multi

404 2551 570 2589 iz‘ambus
590 2556 734 2587 ΘΑΤΑΡ
754 2552 844 2586 enim
866 2563 922 2586 eos
950 2553 986 2586 in
1015 2551 1079 2586 hoc
1105 2552 1278 2598 spondeus
1305 2558 1393 2586 λυσοι
1422 2552 1565 2586 dextras
1584 2550 1630 2588 L.
1660 2551 1792 2586 iambos

414 2609 506 2642 enim
526 2618 582 2642 eos
601 2607 637 2640 z'n
658 2605 723 2640 hoc
740 2606 914 2652 spondeus
932 2611 1046 2640 λισσον
1065 2610 1100 2640 et
1120 2606 1253 2639 dextris
1274 2605 1480 2640 Putschius.
1630 2602 1650 2630 k
1671 2616 1791 2640 conso-

352 2667 497 2696 nantem
518 2659 563 2696 L.
763 2656 772 2683 l
793 2659 1236 2695 TAXTCeMeTAMTTXH
1257 2659 1325 2703 βιοῦ
1343 2664 1432 2694 TON
1452 2663 1568 2693 MAIN
1574 2663 1601 2693 H
1621 2662 1793 2694 THNPO-

354 2717 467 2749 BACA
486 2713 532 2749 L.
641 2717 666 2733 ¹¹³
688 2711 865 2758 metrum]
892 2713 1089 2746 trimetrum
1109 2711 1155 2748 L.

412 2889 471 2925 29.
506 2882 540 2913 et
565 2877 676 2923 agiles
703 2875 827 2911 choros
852 2875 954 2922 date]
990 2873 1218 2911 Terhaerius:
1251 2875 1363 2925 Lege,
1394 2876 1498 2911 etiam
1531 2875 1643 2921 agiles
1671 2873 1794 2909 choros

354 2933 449 2968 date.
