1962 3355
399 161 486 208 5‘28

368 288 388 320 6
399 280 632 336 rhythmos,
653 290 671 320 y
686 282 883 338 appellari
910 292 1111 339 oportere.

848 170 919 212 ΓΖ,
944 170 1132 212 Mallius
1158 170 1404 211 Theodorus

1155 282 1380 324 Scribimus
1404 281 1533 338 igitur
1551 281 1608 322 ita
1627 280 1679 321 de
1699 284 1852 332 metris,

400 357 449 388 ut
469 348 522 389 ab
542 348 605 389 his
619 349 863 405 rhythmum
879 350 1023 406 procul
1038 365 1318 391 removeamus
1334 366 1345 396 ;
1369 359 1515 404 Zatque
1535 349 1577 389 in
1593 348 1656 389 his
1668 349 1853 390 aomnino

400 416 560 458 nullum
584 418 648 466 sit,
669 418 711 458 in
732 434 817 474 quo
836 433 918 459 non
948 418 1103 474 pedum
1132 417 1268 458 defixa
1294 416 1398 457 ratio
1426 431 1522 456 cum
1543 415 1758 456 dulcedine
1778 416 1850 457 ad-

400 484 550 525 sociata
579 494 704 540 atque
733 485 938 541 permixta
970 484 1032 525 sit.

1093 484 1175 524 bAc
1208 482 1389 538 primum
1420 482 1588 537 quidem
1618 481 1737 523 nobis
1765 482 1853 538 ipsa

400 560 623 592 metrorum
656 567 808 607 genera
842 551 1093 593 conlocanda
1128 557 1237 597 sunt,
1275 559 1374 590 tunc
1408 550 1460 604 de
1493 565 1635 591 eorum
1665 550 1853 606 partibus

369 632 386 664 7
399 617 695 659 disserendum.

754 627 772 647 c
787 618 990 668 Quoniam
1012 633 1144 658 sermo
1164 617 1360 673 progredi
1375 618 1428 658 ad
1449 618 1750 673 explanandam
1770 633 1853 658 me-

399 694 557 726 trorum
588 685 844 740 disciplinam
873 695 998 740 atque
1027 684 1160 740 legem
1190 699 1274 725 non
1304 684 1467 740 poterit,
1493 684 1570 724 nisi
1599 699 1742 725 eorum
1772 684 1853 740 pri-

399 752 571 802 mordia,
591 751 611 780 d
624 752 667 793 id
688 760 761 800 est,
784 752 952 809 syllabae
972 768 1018 793 ac
1039 754 1192 808 pedum
1214 753 1412 793 rationem
1433 752 1680 808 aperiamus.

855 886 870 906 e
886 877 993 917 CAP.
1018 878 1183 918 I.—De
1207 877 1395 933 Syllaba.

455 953 534 992 Est
563 952 691 1008 igitur
721 952 877 1009 syllaba
906 953 1135 996 litterarum
1167 955 1272 995 inter
1304 969 1345 994 se
1379 960 1720 1009 congregatarum
1754 963 1851 1009 apta

397 1019 626 1075 conplexio.

688 1020 778 1060 Usu
804 1031 941 1062 autem
964 1023 1235 1064 inveteratum
1258 1032 1332 1072 est,
1354 1032 1401 1062 ut
1431 1022 1554 1062 etiam
1583 1022 1597 1050 f
1612 1021 1725 1063 nulla
1744 1022 1851 1063 litte-

398 1101 537 1127 rarum
557 1087 873 1143 congregatione
893 1089 1015 1140 facta,
1038 1089 1142 1131 solas
1170 1105 1244 1146 per
1265 1105 1306 1130 se
1326 1105 1406 1139 eaS‚
1428 1105 1524 1145 quae
1545 1089 1703 1130 vocales
1722 1089 1851 1131 nomi-

451 1239 657 1285 yappellari
673 1241 852 1287 oportere]
878 1240 937 1276 Ita
950 1240 1097 1290 reposui

399 1290 493 1327 libro
532 1291 641 1327 Paris.
672 1293 884 1335 obsecutus,
915 1307 1028 1342 quum
1057 1295 1095 1330 in

400 1343 560 1392 Guelph.
582 1353 678 1380 esset
699 1347 894 1393 appellare.
927 1347 1081 1384 HEUS.

455 1404 473 1423 Ζ
487 1402 594 1443 atque
614 1400 647 1432 in
670 1399 739 1445 his]
779 1400 863 1435 MS.
880 1400 1042 1449 Guelpb.
1061 1408 1098 1436 et

401 1450 474 1492 hic,
513 1458 550 1486 et
587 1463 667 1500 cap.
698 1452 790 1487 1111.
813 1466 849 1488 n.
878 1465 935 1489 11.
958 1462 995 1489 et
1015 1466 1096 1501 cap.

401 1503 509 1539 VIII.
533 1517 570 1539 n.
603 1516 634 1539 1.
684 1505 787 1540 dedit
823 1507 952 1553 adque,
996 1519 1097 1542 more

399 1556 543 1604 antiqui
566 1559 757 1607 temporis.
797 1559 881 1594 Vid.
904 1559 979 1594 Jul.
1002 1561 1096 1595 Caes.

401 1609 565 1658 Scaliger
591 1610 635 1646 de
664 1610 781 1646 causis
811 1611 901 1660 ling.
926 1612 1009 1648 Lat.
1034 1611 1096 1648 lib.

401 1663 430 1698 I.
455 1675 538 1711 cap.
564 1675 623 1698 22.
682 1664 786 1699 Idem
816 1664 985 1701 librarius
1015 1678 1095 1715 cap.

401 1716 452 1751 ΙΙ.
483 1729 517 1750 n.
538 1728 576 1762 4.
607 1718 700 1764 quod
730 1730 794 1765 pro
826 1723 921 1763 quot,
950 1726 988 1754 et
1015 1731 1095 1767 cap.

401 1768 490 1804 VII.
512 1782 547 1804 n.
572 1779 608 1816 7.
644 1772 691 1805 acl
718 1783 784 1818 pro
817 1776 857 1806 at
889 1771 1095 1820 scripserat.

399 1821 507 1857 Talia
534 1835 633 1871 saepe
662 1823 698 1858 in
730 1824 873 1859 Pisanis
904 1824 1096 1860 marmori-

401 1875 483 1918 bus,
523 1876 560 1910 in
599 1875 865 1924 antiquissimis
906 1877 1097 1914 codicibus

400 1927 557 1977 Virgilii,
579 1928 729 1978 aliisque
757 1931 1009 1967 monumentis
1039 1944 1097 1967 ve-

400 1981 509 2017 tustis
529 1991 741 2019 occurrunt.
773 1984 930 2020 HEUS.

455 2038 626 2070 aomm‘no
664 2037 801 2072 nullum
839 2038 902 2084 sit]
965 2039 1099 2086 Inepte

399 2087 564 2136 Guelph.
579 2091 721 2124 omnino
733 2091 853 2126 nullus
862 2092 919 2126 sit.
942 2091 1096 2127 HEUS.

452 2138 472 2166 b
485 2143 540 2176 Ac
554 2144 711 2189 primum
733 2145 891 2192 quidem]
911 2143 1028 2180 Paris.
1044 2146 1099 2180 Ac

397 2196 515 2240 primo
536 2197 687 2242 quidem.
722 2196 877 2233 HEUS.

453 2254 469 2273 0
514 2248 691 2288 Quoniam
738 2262 851 2285 sermo
899 2252 1088 2298 progredi]

400 2300 495 2337 Haec
517 2300 552 2336 in
575 2300 678 2337 libris
698 2302 778 2338 sine
794 2302 1097 2352 interpunctione

399 2365 484 2388 curn
516 2354 824 2390 antecedentibus
861 2356 1094 2406 copulantur.

399 2406 444 2440 In
474 2406 558 2442 MS.
593 2407 756 2456 Guelph.
792 2421 901 2456 super
938 2408 1093 2457 primam

399 2458 576 2506 syllabam
599 2459 696 2495 verbi
715 2463 887 2507 progredi
915 2460 1095 2510 particula

399 2524 482 2553 non,
506 2519 543 2547 et
571 2524 679 2561 super
707 2521 909 2549 extremam
943 2519 1002 2549 tur
1029 2514 1094 2549 ad-

398 2563 576 2613 scriptum
606 2574 695 2607 erat,
717 2574 758 2601 ut
786 2574 883 2601 esset
912 2580 979 2602 non
1005 2580 1094 2614 pro-

397 2619 572 2664 greditur.
627 2617 900 2655 Animadvertit
920 2620 1094 2656 nimirum

397 2678 598 2712 corrector,
621 2670 846 2708 sententiam
868 2673 997 2709 horum
1014 2686 1093 2709 ver-

399 2723 544 2766 borum,
583 2732 626 2759 ut
663 2725 801 2774 scripta
833 2734 951 2768 erant,
984 2727 1093 2763 vehe-

399 2784 543 2812 menter
580 2776 759 2820 laborare,
789 2778 948 2828 ideoque
982 2780 1027 2816 de
1059 2792 1094 2816 e-

399 2829 638 2866 mendatione
658 2830 846 2880 cogitavit.
905 2831 1009 2868 Nihil
1037 2840 1094 2869 ta-

397 2893 483 2918 men
522 2882 721 2932 profecisse
755 2884 906 2922 videtur.
965 2885 1093 2922 Credi-

1154 1240 1282 1281 derim,
1316 1239 1458 1290 periodi
1488 1239 1667 1276 mutilatae
1698 1247 1849 1276 senten-

1153 1295 1242 1330 tiam
1263 1293 1535 1330 claudicantem
1561 1293 1644 1335 hoc,
1666 1301 1730 1328 aut
1749 1292 1851 1328 simi-

1152 1347 1190 1389 li,
1213 1347 1324 1383 modo
1345 1346 1569 1383 fulciendam
1596 1359 1700 1382 esse:
1755 1347 1850 1387 Quo-

1154 1403 1251 1436 niam
1271 1414 1356 1437 vero
1376 1413 1490 1436 sermo
1515 1400 1687 1447 progredi
1714 1401 1764 1435 acl
1791 1411 1849 1434 ex-

1150 1455 1375 1500 planandam
1404 1459 1600 1489 metrorum
1626 1454 1851 1512 disciplinam

1154 1512 1262 1554 atque
1291 1508 1401 1553 legem
1431 1518 1501 1541 non
1525 1507 1674 1553 poterit,
1696 1507 1763 1540 nisi
1791 1517 1849 1541 eo-

1155 1573 1231 1595 rum
1260 1561 1470 1607 primordia,
1492 1561 1528 1594 id
1553 1564 1614 1601 est,
1635 1559 1780 1606 syllabae
1808 1571 1851 1594 ac

1150 1615 1281 1660 pedum
1303 1615 1492 1653 rationem,
1516 1613 1732 1659 αρενὶαπιῑιε,
1749 1624 1850 1648 nunc

1153 1665 1319 1701 dicamus
1349 1666 1394 1701 de
1423 1665 1573 1705 svllaba.
1630 1664 1755 1701 Facile
1781 1677 1848 1714 po-

1153 1726 1303 1754 tuerunt
1324 1719 1432 1754 verba
1459 1727 1624 1754 extrema
1647 1719 1690 1753 de
1708 1718 1849 1764 syllaba

1153 1772 1198 1808 ab
1232 1771 1381 1808 incauto
1415 1770 1561 1807 librario
1596 1771 1734 1813 omitti,
1756 1769 1851 1829 'quia

1153 1825 1282 1861 eadem
1304 1826 1348 1860 ad
1370 1831 1629 1874 irgumentum
1654 1822 1765 1872 primi
1786 1836 1847 1860 ca-

1153 1878 1238 1928 pitis
1265 1877 1518 1919 indicandum,
1548 1876 1718 1925 proxime
1746 1888 1848 1926 repe-

1153 1940 1295 1967 tuntur.
1355 1932 1441 1967 Hoc
1489 1929 1592 1966 ulcus
1631 1938 1772 1978 postea,
1810 1938 1849 1965 ut

1156 1985 1206 2027 fit,
1246 1983 1434 2034 imperitia
1473 1982 1701 2019 medentium
1740 1981 1850 2019 latius

1155 2037 1301 2086 serpsit.
1334 2038 1489 2074 HEUS.

1207 2089 1272 2126 did
1291 2096 1341 2126 est
1359 2091 1521 2138 syllaboe]
1554 2089 1640 2126 Hoc
1669 2097 1728 2125 est
1747 2101 1768 2124 a
1786 2101 1847 2125 co-

1154 2143 1236 2180 dice
1276 2145 1388 2180 Paris.
1447 2144 1573 2182 Quum
1609 2144 1648 2178 in
1688 2141 1847 2191 Guelph.

1151 2197 1311 2246 legerem
1336 2197 1524 2244 syllabam,
1542 2195 1753 2244 suspicabar
1775 2196 1848 2242 syl-

1151 2252 1315 2286 labarum
1355 2258 1465 2285 antea
1502 2248 1682 2297 scriptum
1720 2246 1846 2283 fuisse.

1153 2303 1310 2340 HEUS.

1205 2364 1222 2383 e
1242 2355 1335 2391 CAP.
1357 2355 1407 2402 L]
1451 2353 1627 2403 Capitum
1648 2352 1847 2403 appellatio

1151 2416 1188 2444 et
1220 2407 1363 2444 numeri
1397 2420 1418 2443 a
1449 2407 1555 2443 nobis
1590 2407 1716 2443 addita
1746 2416 1845 2449 sunt,

1151 2462 1213 2497 sed
1254 2460 1515 2510 inscriptiones
1553 2468 1642 2497 sunt
1679 2473 1700 2496 a
1732 2460 1845 2496 MSS.

1153 2514 1308 2550 HEUS.

1204 2566 1335 2603 snalla
1362 2569 1565 2603 litterarum
1595 2567 1735 2614 congru]
1760 2566 1845 2602 MS.

1152 2620 1314 2670 Guelph.
1354 2622 1491 2656 nullam
1524 2622 1725 2656 litterarum
1762 2631 1846 2654 con-

1147 2676 1361 2721 gregatione
1377 2673 1538 2722 factam,
1574 2673 1636 2709 sed
1671 2672 1846 2721 antiquus

1150 2736 1335 2763 corrector
1354 2739 1466 2776 supra
1485 2728 1689 2762 litterarum
1709 2726 1847 2762 adscri-

1151 2779 1225 2829 psit
1247 2782 1339 2816 inter
1357 2793 1404 2823 se,
1426 2787 1464 2815 et
1482 2779 1653 2815 ultimam
1683 2778 1844 2815 litteram

1151 2832 1320 2870 vocabuli
1341 2833 1488 2881 factam
1522 2832 1632 2869 obelo
1662 2831 1844 2868 confodit.

1151 2887 1302 2923 HEUS.
