1962 3355
153 233 261 266 CAP.
283 228 321 266 l.
348 219 432 265 De
456 217 676 265 connexis
698 217 824 263 inter
845 232 896 262 se
919 222 1062 280 atque
1086 217 1362 263 inconnexis
1387 217 1470 278 850.
1509 226 1598 264 205

283 341 522 404 Pangunt
545 338 760 386 carmina
767 337 881 402 jam
906 354 1069 384 novem
1091 354 1279 384 sorores

153 416 429 462 hexametro
454 415 771 479 complebitur
797 416 879 470 sic,

219 492 455 556 Pangunt
480 492 695 538 carmina
719 490 992 554 tergemince
1015 489 1322 536 memoranda
1345 506 1542 536 sorores.

150 568 477 614 zResedemnt
499 576 591 614 tres
626 567 835 623 trochaei,
854 566 968 630 jam
993 582 1156 612 novem
1179 583 1376 612 Sorores.
1444 565 1604 612 Tertia
1622 574 1661 607 62

152 652 308 688 autem
336 643 502 689 divisio
526 644 664 689 latius
689 652 833 706 patet,
860 642 991 704 cujus
1016 642 1306 704 exemplum,

286 719 451 766 Suleos
475 726 588 766 tunc
611 726 838 783 retegunt
863 736 999 766 comce
1024 718 1266 778 afluentes.

151 793 292 851 Item,

281 870 579 918 Jamdudum.
606 871 692 918 tibi
717 871 949 918 disserens
966 870 1180 933 probavi.

150 945 278 992 Nam
308 947 344 993 si
369 947 822 1012 retrahasfluentes,
847 956 1058 992 remanet

284 1022 482 1070 bSulcos
506 1031 620 1070 tunc
641 1031 868 1088 retegunt
894 1041 1046 1069 comoe.

151 1099 292 1151 Quod
329 1109 398 1146 est
436 1110 656 1154 metrum,
692 1109 744 1146 ut
776 1099 1089 1161 grammatici,
1124 1098 1516 1155 choriambicum,
1552 1107 1605 1145 ut
1623 1108 1661 1147 63

152 1176 336 1233 musici,
386 1177 695 1223 bacchiacum
744 1177 840 1222 sive
887 1174 1260 1221 Anacreontium
1315 1175 1604 1237 syllabarum

150 1261 273 1308 octo,
298 1261 344 1297 et
369 1253 415 1297 in
449 1253 539 1297 hoc
565 1260 663 1297 tam
700 1251 865 1314 primae
891 1268 1033 1312 quam
1061 1251 1242 1297 ultimae
1271 1251 1377 1296 duae
1412 1250 1605 1313 syllabae

149 1327 457 1383 incremento,
483 1327 634 1390 magis
659 1344 800 1389 quam
828 1327 1004 1372 ctextui
1036 1326 1212 1389 pedum
1238 1326 1527 1380 necessariae,
1551 1333 1606 1371 ut

148 1412 334 1467 putant,
360 1402 606 1449 habentur.
678 1404 800 1455 Quae
827 1412 936 1449 sunt
961 1403 1049 1459 hae,
1075 1402 1211 1448 initio
1234 1401 1406 1459 sulcos,
1424 1402 1471 1447 in
1495 1401 1607 1447 ulti·
1623 1412 1665 1452 64

151 1499 231 1527 mo
272 1498 422 1535 comoe,
460 1489 673 1543 superest
697 1487 811 1526 tunc
844 1487 1085 1543 retegunt,
1127 1498 1222 1543 quo
1257 1497 1340 1543 pes
1372 1479 1607 1526 choriam-

150 1559 237 1604 bus
262 1558 475 1612 efficitur,
500 1575 525 1603 e
551 1558 692 1620 longa
716 1566 763 1603 et
787 1558 970 1603 duabus
1005 1557 1222 1603 brevibus
1248 1565 1296 1602 et
1320 1556 1476 1618 longa,
1500 1573 1605 1618 quae

147 1634 183 1680 si
212 1634 331 1681 forte
356 1634 506 1681 brevis
532 1634 794 1690 incurrerit,
818 1642 871 1679 ut
894 1634 945 1679 in
969 1633 1050 1679 illo
1074 1650 1225 1687 versu,

411 1710 709 1757 Jamdadum
734 1710 821 1756 tibi
845 1710 1077 1756 disserens
1095 1729 1109 1756 .·

151 1803 259 1831 nam
286 1786 336 1832 di
370 1787 552 1850 syllaba
577 1787 624 1832 in
657 1787 767 1832 dum
801 1786 888 1832 tibi
920 1786 1006 1841 dis,
1031 1785 1111 1848 qui
1148 1794 1218 1831 est
1257 1784 1604 1839 dchoriambuS,
1624 1798 1661 1839 65

151 1862 301 1907 brevis
341 1863 543 1920 inventa,
584 1865 666 1909 fiet
705 1863 846 1925 longa
882 1862 1131 1926 positione,
1173 1869 1398 1924 sequente
1439 1860 1528 1906 alia
1567 1877 1605 1917 s,

150 1938 286 2001 equia
312 1939 358 1985 in
383 1957 516 1986 versu
556 1940 757 1985 habetur
790 1948 898 2002 post
924 1939 997 1985 dis
1020 1939 1190 1984 ultima
1215 1936 1498 1983 fchoriambi
1534 1953 1605 1983 se-

149 2032 276 2071 rens,
303 2016 391 2061 hoc
417 2028 486 2061 est
511 2016 760 2062 disserens.
802 2016 1026 2079 Superest
1050 2032 1160 2077 ergo
1185 2013 1410 2077 superiori
1435 2013 1604 2068 versui,

151 2092 287 2152 cujus
317 2093 592 2155 exemplum
626 2092 918 2148 induximus,
957 2099 1069 2138 tunc
1098 2098 1336 2155 retegunt,
1372 2100 1426 2136 ut
1459 2091 1605 2146 vides,

150 2185 232 2231 pes
281 2167 465 2213 medius
506 2168 835 2214 choriambus:
877 2186 982 2232 pars
1030 2179 1188 2214 autem
1231 2167 1386 2231 prima
1426 2167 1475 2213 in
1514 2167 1606 2213 hoc

150 2262 301 2301 versu,
336 2253 389 2290 ut
426 2262 580 2307 supra,
617 2244 794 2307 pedum
836 2244 1105 2291 diversitate
1143 2245 1373 2291 variatur:
1410 2262 1520 2291 nam
1559 2253 1607 2291 et

150 2320 415 2384 spondeum
452 2329 500 2366 et
535 2321 746 2366 iambum
786 2329 831 2366 et
870 2321 1131 2367 trochaeum
1172 2320 1395 2378 admittit,
1436 2321 1606 2367 ultima

151 2404 372 2441 manente
396 2413 582 2459 semper
605 2394 855 2452 immobili,
882 2413 1026 2458 quam
1054 2396 1178 2442 solus
1212 2394 1397 2441 iambus
1422 2394 1607 2441 obtine-

151 2473 246 2519 bit:
283 2489 410 2535 ergo,

631 2610 648 2632 1'

204 2650 220 2668 'A
249 2641 483 2688 resederunt]
518 2641 691 2678 resedent
711 2642 752 2677 P.
881 2648 900 2668 a
919 2641 1091 2688 fluentes]
1115 2641 1290 2677 flaventes
1312 2641 1355 2677 P.
1377 2649 1415 2677 et
1435 2639 1485 2677 sie
1508 2653 1603 2676 mox.

148 2693 168 2721 b
189 2694 328 2742 sulcus]
354 2694 475 2730 sulcos
495 2695 533 2730 P.
677 2701 693 2720 ‘³
713 2695 847 2740 textui]
872 2703 971 2732 texui
992 2695 1031 2730 P.
1159 2693 1179 2720 d
1199 2693 1455 2742 choriambus]
1481 2694 1603 2730 chori-

148 2749 294 2790 ambus,
316 2747 433 2784 brevis
453 2748 493 2783 P.
604 2754 621 2774 θ
640 2747 740 2797 quia]
764 2751 811 2797 qa
830 2747 870 2784 P.
980 2746 996 2773 f
1011 2747 1234 2795 choriambi]
1254 2747 1491 2784 choriambus
1511 2747 1549 2782 P.

202 2883 266 2918 62.
298 2894 403 2918 comae
426 2883 603 2931 fluentes]
644 2882 764 2931 Supra
795 2883 848 2918 Ια-
906 2881 994 2926 rius,
1016 2896 1092 2931 quae
1110 2882 1272 2931 siforte‚
1292 2880 1458 2930 suspicor
1479 2879 1606 2916 deesse

151 2941 276 2978 tentes,
311 2942 352 2971 ut
382 2935 607 2972 monuimus.
664 2936 717 2971 Et
753 2934 848 2972 infe·
906 2936 1058 2985 aliquid.
1089 2935 1285 2972 CAMER.
