<?xml version="1.0" encoding="UTF-8"?>
<!DOCTYPE html PUBLIC "-//W3C//DTD XHTML 1.0 Transitional//EN"
    "http://www.w3.org/TR/xhtml1/DTD/xhtml1-transitional.dtd">
<html xmlns="http://www.w3.org/1999/xhtml" xml:lang="en" lang="en">
 <head>
  <title>
</title>
<meta http-equiv="Content-Type" content="text/html;charset=utf-8" />
  <meta name='ocr-system' content='tesseract 3.04.00' />
  <meta name='ocr-capabilities' content='ocr_page ocr_carea ocr_par ocr_line ocrx_word'/>
</head>
<body>
  <div class='ocr_page' id='page_1' title='image "./scriptoreslatini00gaisuoft_0324.png"; bbox 0 0 1962 3355; ppageno 0'>
   <div class='ocr_carea' id='block_1_1' title="bbox 375 203 1300 252">
    <p class='ocr_par' dir='ltr' id='par_1_1' title="bbox 375 203 1300 252">
     <span class='ocr_line' id='line_1_1' title="bbox 375 203 1300 252; baseline -0.003 -1"><span class='ocrx_word' id='word_1_1' title='bbox 375 204 471 252; x_wconf 89' lang='grc'>306</span> <span class='ocrx_word' id='word_1_2' title='bbox 915 203 1093 251; x_wconf 66' lang='lat' dir='ltr'>Caesius</span> <span class='ocrx_word' id='word_1_3' title='bbox 1115 204 1300 250; x_wconf 76' lang='lat' dir='ltr'>Bassus</span> 
     </span>
    </p>
   </div>
   <div class='ocr_carea' id='block_1_2' title="bbox 314 321 1831 2139">
    <p class='ocr_par' dir='ltr' id='par_1_2' title="bbox 374 321 1830 466">
     <span class='ocr_line' id='line_1_2' title="bbox 375 321 1830 390; baseline -0.003 -18"><span class='ocrx_word' id='word_1_4' title='bbox 375 327 419 372; x_wconf 93' lang='lat' dir='ltr'>id</span> <span class='ocrx_word' id='word_1_5' title='bbox 446 335 517 373; x_wconf 82' lang='lat' dir='ltr'>est</span> <span class='ocrx_word' id='word_1_6' title='bbox 540 343 596 372; x_wconf 83' lang='lat' dir='ltr'>ex</span> <span class='ocrx_word' id='word_1_7' title='bbox 634 327 790 390; x_wconf 80' lang='lat' dir='ltr'>longa,</span> <span class='ocrx_word' id='word_1_8' title='bbox 817 327 960 381; x_wconf 87' lang='lat' dir='ltr'>brevi,</span> <span class='ocrx_word' id='word_1_9' title='bbox 986 336 1033 371; x_wconf 82' lang='lat' dir='ltr'>et</span> <span class='ocrx_word' id='word_1_10' title='bbox 1067 325 1250 371; x_wconf 86' lang='lat' dir='ltr'>duabus</span> <span class='ocrx_word' id='word_1_11' title='bbox 1288 321 1439 384; x_wconf 86' lang='lat' dir='ltr'>longis</span> <span class='ocrx_word' id='word_1_12' title='bbox 1477 321 1686 384; x_wconf 83' lang='lat' dir='ltr'>syllabis,</span> <span class='ocrx_word' id='word_1_13' title='bbox 1709 331 1830 368; x_wconf 86' lang='lat' dir='ltr'><strong>tem-</strong></span> 
     </span>
     <span class='ocr_line' id='line_1_3' title="bbox 374 400 1169 466; baseline -0.005 -18"><span class='ocrx_word' id='word_1_14' title='bbox 374 420 542 466; x_wconf 89' lang='lat' dir='ltr'>porum</span> <span class='ocrx_word' id='word_1_15' title='bbox 571 412 770 466; x_wconf 79' lang='lat' dir='ltr'><strong>septem,</strong></span> <span class='ocrx_word' id='word_1_16' title='bbox 793 412 847 449; x_wconf 80' lang='lat' dir='ltr'>ut</span> <span class='ocrx_word' id='word_1_17' title='bbox 871 400 1169 448; x_wconf 72' lang='lat' dir='ltr'>Nicomedes.</span> 
     </span>
    </p>

    <p class='ocr_par' dir='ltr' id='par_1_3' title="bbox 374 475 1831 692">
     <span class='ocr_line' id='line_1_4' title="bbox 441 475 1830 540; baseline 0 -19"><span class='ocrx_word' id='word_1_18' title='bbox 441 475 689 538; x_wconf 75' lang='lat' dir='ltr'>Epitritus</span> <span class='ocrx_word' id='word_1_19' title='bbox 727 477 909 533; x_wconf 72' lang='lat' dir='ltr'>tertius,</span> <span class='ocrx_word' id='word_1_20' title='bbox 946 478 1027 538; x_wconf 89' lang='lat' dir='ltr'>qui</span> <span class='ocrx_word' id='word_1_21' title='bbox 1064 479 1118 522; x_wconf 82' lang='lat' dir='ltr'>fit</span> <span class='ocrx_word' id='word_1_22' title='bbox 1155 494 1214 522; x_wconf 86' lang='lat' dir='ltr'>ex</span> <span class='ocrx_word' id='word_1_23' title='bbox 1246 475 1455 540; x_wconf 82' lang='lat' dir='ltr'>spondeo</span> <span class='ocrx_word' id='word_1_24' title='bbox 1491 483 1537 521; x_wconf 84' lang='lat' dir='ltr'>et</span> <span class='ocrx_word' id='word_1_25' title='bbox 1571 475 1746 533; x_wconf 85' lang='lat' dir='ltr'>iambo,</span> <span class='ocrx_word' id='word_1_26' title='bbox 1781 475 1830 521; x_wconf 90' lang='lat' dir='ltr'>id</span> 
     </span>
     <span class='ocr_line' id='line_1_5' title="bbox 375 551 1831 616; baseline -0.001 -18"><span class='ocrx_word' id='word_1_27' title='bbox 375 560 446 597; x_wconf 85' lang='lat' dir='ltr'>est</span> <span class='ocrx_word' id='word_1_28' title='bbox 481 569 540 598; x_wconf 86' lang='lat' dir='ltr'>ex</span> <span class='ocrx_word' id='word_1_29' title='bbox 575 552 758 598; x_wconf 85' lang='lat' dir='ltr'>duabus</span> <span class='ocrx_word' id='word_1_30' title='bbox 795 553 961 615; x_wconf 81' lang='lat' dir='ltr'>longis,</span> <span class='ocrx_word' id='word_1_31' title='bbox 988 553 1131 609; x_wconf 81' lang='lat' dir='ltr'>brevi,</span> <span class='ocrx_word' id='word_1_32' title='bbox 1157 561 1204 599; x_wconf 81' lang='lat' dir='ltr'>et</span> <span class='ocrx_word' id='word_1_33' title='bbox 1237 552 1379 615; x_wconf 82' lang='lat' dir='ltr'>longa</span> <span class='ocrx_word' id='word_1_34' title='bbox 1413 551 1621 616; x_wconf 84' lang='lat' dir='ltr'>syllabiS,</span> <span class='ocrx_word' id='word_1_35' title='bbox 1645 560 1831 615; x_wconf 82' lang='lat' dir='ltr'>tempo-</span> 
     </span>
     <span class='ocr_line' id='line_1_6' title="bbox 374 628 993 692; baseline 0.002 -18"><span class='ocrx_word' id='word_1_36' title='bbox 374 645 479 674; x_wconf 88' lang='lat' dir='ltr'>rum</span> <span class='ocrx_word' id='word_1_37' title='bbox 505 637 703 692; x_wconf 82' lang='lat' dir='ltr'>septem,</span> <span class='ocrx_word' id='word_1_38' title='bbox 729 637 781 673; x_wconf 84' lang='lat' dir='ltr'>ut</span> <span class='ocrx_word' id='word_1_39' title='bbox 806 628 993 675; x_wconf 77' lang='lat' dir='ltr'>heroici.</span> 
     </span>
    </p>

    <p class='ocr_par' dir='ltr' id='par_1_4' title="bbox 374 703 1831 911">
     <span class='ocr_line' id='line_1_7' title="bbox 440 703 1830 769; baseline 0 -20"><span class='ocrx_word' id='word_1_40' title='bbox 440 703 687 766; x_wconf 77' lang='lat' dir='ltr'>Epitritus</span> <span class='ocrx_word' id='word_1_41' title='bbox 712 710 930 767; x_wconf 76' lang='lat' dir='ltr'>quartus,</span> <span class='ocrx_word' id='word_1_42' title='bbox 955 705 1035 767; x_wconf 91' lang='lat' dir='ltr'>qui</span> <span class='ocrx_word' id='word_1_43' title='bbox 1061 705 1115 750; x_wconf 83' lang='lat' dir='ltr'>fit</span> <span class='ocrx_word' id='word_1_44' title='bbox 1140 722 1197 750; x_wconf 81' lang='lat' dir='ltr'>ex</span> <span class='ocrx_word' id='word_1_45' title='bbox 1228 704 1436 769; x_wconf 85' lang='lat' dir='ltr'>spondeo</span> <span class='ocrx_word' id='word_1_46' title='bbox 1462 713 1508 750; x_wconf 85' lang='lat' dir='ltr'>et</span> <span class='ocrx_word' id='word_1_47' title='bbox 1532 704 1754 758; x_wconf 84' lang='lat' dir='ltr'>trochaeo,</span> <span class='ocrx_word' id='word_1_48' title='bbox 1783 704 1830 750; x_wconf 88' lang='lat' dir='ltr'>id</span> 
     </span>
     <span class='ocr_line' id='line_1_8' title="bbox 374 780 1831 845; baseline 0.001 -19"><span class='ocrx_word' id='word_1_49' title='bbox 374 790 445 826; x_wconf 86' lang='lat' dir='ltr'>est</span> <span class='ocrx_word' id='word_1_50' title='bbox 481 798 539 826; x_wconf 84' lang='lat' dir='ltr'>ex</span> <span class='ocrx_word' id='word_1_51' title='bbox 571 780 720 826; x_wconf 83' lang='lat' dir='ltr'>tribus</span> <span class='ocrx_word' id='word_1_52' title='bbox 761 780 912 843; x_wconf 81' lang='lat' dir='ltr'>longis</span> <span class='ocrx_word' id='word_1_53' title='bbox 950 791 996 827; x_wconf 82' lang='lat' dir='ltr'>et</span> <span class='ocrx_word' id='word_1_54' title='bbox 1033 782 1159 827; x_wconf 82' lang='lat' dir='ltr'>brevi</span> <span class='ocrx_word' id='word_1_55' title='bbox 1198 782 1405 844; x_wconf 83' lang='lat' dir='ltr'>syllabis,</span> <span class='ocrx_word' id='word_1_56' title='bbox 1430 790 1701 845; x_wconf 83' lang='lat' dir='ltr'>temporum</span> <span class='ocrx_word' id='word_1_57' title='bbox 1729 799 1831 844; x_wconf 79' lang='lat' dir='ltr'>sep-</span> 
     </span>
     <span class='ocr_line' id='line_1_9' title="bbox 374 856 852 911; baseline 0 -10"><span class='ocrx_word' id='word_1_58' title='bbox 374 866 487 911; x_wconf 80' lang='lat' dir='ltr'><strong>tem,</strong></span> <span class='ocrx_word' id='word_1_59' title='bbox 513 865 565 901; x_wconf 89' lang='lat' dir='ltr'>ut</span> <span class='ocrx_word' id='word_1_60' title='bbox 590 856 852 902; x_wconf 75' lang='lat' dir='ltr'><em>nutritura.</em></span> 
     </span>
    </p>

    <p class='ocr_par' dir='ltr' id='par_1_5' title="bbox 317 932 1829 1146">
     <span class='ocr_line' id='line_1_10' title="bbox 317 932 1829 998; baseline 0.001 -21"><span class='ocrx_word' id='word_1_61' title='bbox 317 947 354 977; x_wconf 77' lang='lat'>23</span> <span class='ocrx_word' id='word_1_62' title='bbox 440 932 585 978; x_wconf 77' lang='lat' dir='ltr'>Pceon</span> <span class='ocrx_word' id='word_1_63' title='bbox 613 932 817 994; x_wconf 77' lang='lat' dir='ltr'>primas,</span> <span class='ocrx_word' id='word_1_64' title='bbox 843 933 923 994; x_wconf 90' lang='lat' dir='ltr'>qui</span> <span class='ocrx_word' id='word_1_65' title='bbox 960 934 1015 979; x_wconf 88' lang='lat' dir='ltr'>fit</span> <span class='ocrx_word' id='word_1_66' title='bbox 1050 951 1110 979; x_wconf 85' lang='lat' dir='ltr'>ex</span> <span class='ocrx_word' id='word_1_67' title='bbox 1147 934 1354 981; x_wconf 82' lang='lat' dir='ltr'>trochaeo</span> <span class='ocrx_word' id='word_1_68' title='bbox 1385 943 1432 981; x_wconf 83' lang='lat' dir='ltr'>et</span> <span class='ocrx_word' id='word_1_69' title='bbox 1466 933 1756 998; x_wconf 81' lang='lat' dir='ltr'>pyrrhichio,</span> <span class='ocrx_word' id='word_1_70' title='bbox 1781 933 1829 978; x_wconf 89' lang='lat' dir='ltr'>id</span> 
     </span>
     <span class='ocr_line' id='line_1_11' title="bbox 373 1009 1826 1074; baseline 0.001 -20"><span class='ocrx_word' id='word_1_71' title='bbox 373 1018 443 1054; x_wconf 87' lang='lat' dir='ltr'>est</span> <span class='ocrx_word' id='word_1_72' title='bbox 478 1026 537 1054; x_wconf 83' lang='lat' dir='ltr'>ex</span> <span class='ocrx_word' id='word_1_73' title='bbox 574 1009 714 1072; x_wconf 85' lang='lat' dir='ltr'>longa</span> <span class='ocrx_word' id='word_1_74' title='bbox 753 1018 799 1054; x_wconf 81' lang='lat' dir='ltr'>et</span> <span class='ocrx_word' id='word_1_75' title='bbox 844 1009 994 1056; x_wconf 86' lang='lat' dir='ltr'>tribus</span> <span class='ocrx_word' id='word_1_76' title='bbox 1037 1010 1257 1057; x_wconf 83' lang='lat' dir='ltr'>brevibus</span> <span class='ocrx_word' id='word_1_77' title='bbox 1306 1011 1515 1074; x_wconf 83' lang='lat' dir='ltr'><strong>syllabis,</strong></span> <span class='ocrx_word' id='word_1_78' title='bbox 1556 1018 1826 1073; x_wconf 85' lang='lat' dir='ltr'>temporum</span> 
     </span>
     <span class='ocr_line' id='line_1_12' title="bbox 373 1084 1022 1146; baseline 0.002 -17"><span class='ocrx_word' id='word_1_79' title='bbox 373 1084 600 1146; x_wconf 81' lang='lat' dir='ltr'>quinque,</span> <span class='ocrx_word' id='word_1_80' title='bbox 625 1094 677 1130; x_wconf 88' lang='lat' dir='ltr'>ut</span> <span class='ocrx_word' id='word_1_81' title='bbox 702 1085 1022 1132; x_wconf 77' lang='lat' dir='ltr'>Demodocus.</span> 
     </span>
    </p>

    <p class='ocr_par' dir='ltr' id='par_1_6' title="bbox 315 1159 1830 1375">
     <span class='ocr_line' id='line_1_13' title="bbox 315 1159 1828 1225; baseline 0.002 -22"><span class='ocrx_word' id='word_1_82' title='bbox 315 1175 352 1203; x_wconf 72' lang='lat'>24</span> <span class='ocrx_word' id='word_1_83' title='bbox 437 1159 588 1205; x_wconf 80' lang='lat' dir='ltr'>Poeon</span> <span class='ocrx_word' id='word_1_84' title='bbox 624 1161 875 1218; x_wconf 68' lang='lat' dir='ltr'>secundm,</span> <span class='ocrx_word' id='word_1_85' title='bbox 909 1161 990 1223; x_wconf 85' lang='lat' dir='ltr'>qui</span> <span class='ocrx_word' id='word_1_86' title='bbox 1022 1163 1077 1207; x_wconf 89' lang='lat' dir='ltr'>fit</span> <span class='ocrx_word' id='word_1_87' title='bbox 1113 1178 1171 1207; x_wconf 80' lang='lat' dir='ltr'>ex</span> <span class='ocrx_word' id='word_1_88' title='bbox 1204 1161 1366 1207; x_wconf 85' lang='lat' dir='ltr'>iambo</span> <span class='ocrx_word' id='word_1_89' title='bbox 1388 1171 1435 1207; x_wconf 85' lang='lat' dir='ltr'>et</span> <span class='ocrx_word' id='word_1_90' title='bbox 1467 1161 1757 1225; x_wconf 80' lang='lat' dir='ltr'>pyrrhichio,</span> <span class='ocrx_word' id='word_1_91' title='bbox 1782 1160 1828 1206; x_wconf 91' lang='lat' dir='ltr'>id</span> 
     </span>
     <span class='ocr_line' id='line_1_14' title="bbox 373 1236 1830 1302; baseline 0.003 -22"><span class='ocrx_word' id='word_1_92' title='bbox 373 1244 442 1281; x_wconf 85' lang='lat' dir='ltr'>est</span> <span class='ocrx_word' id='word_1_93' title='bbox 478 1253 535 1281; x_wconf 84' lang='lat' dir='ltr'>ex</span> <span class='ocrx_word' id='word_1_94' title='bbox 574 1236 716 1293; x_wconf 83' lang='lat' dir='ltr'>brevi,</span> <span class='ocrx_word' id='word_1_95' title='bbox 750 1237 906 1301; x_wconf 82' lang='lat' dir='ltr'>longa,</span> <span class='ocrx_word' id='word_1_96' title='bbox 931 1246 977 1283; x_wconf 87' lang='lat' dir='ltr'>et</span> <span class='ocrx_word' id='word_1_97' title='bbox 1008 1237 1192 1284; x_wconf 85' lang='lat' dir='ltr'>duabus</span> <span class='ocrx_word' id='word_1_98' title='bbox 1219 1238 1438 1284; x_wconf 87' lang='lat' dir='ltr'>brevibus</span> <span class='ocrx_word' id='word_1_99' title='bbox 1475 1238 1685 1302; x_wconf 84' lang='lat' dir='ltr'>syllabis,</span> <span class='ocrx_word' id='word_1_100' title='bbox 1710 1246 1830 1284; x_wconf 81' lang='lat' dir='ltr'><strong>tem-</strong></span> 
     </span>
     <span class='ocr_line' id='line_1_15' title="bbox 372 1312 1108 1375; baseline 0.004 -18"><span class='ocrx_word' id='word_1_101' title='bbox 372 1329 541 1375; x_wconf 86' lang='lat' dir='ltr'>porum</span> <span class='ocrx_word' id='word_1_102' title='bbox 569 1312 797 1375; x_wconf 84' lang='lat' dir='ltr'>quinque,</span> <span class='ocrx_word' id='word_1_103' title='bbox 822 1323 875 1360; x_wconf 85' lang='lat' dir='ltr'>ut</span> <span class='ocrx_word' id='word_1_104' title='bbox 900 1314 1108 1360; x_wconf 77' lang='lat' dir='ltr'>idoneus.</span> 
     </span>
    </p>

    <p class='ocr_par' dir='ltr' id='par_1_7' title="bbox 314 1388 1830 1604">
     <span class='ocr_line' id='line_1_16' title="bbox 314 1388 1827 1454; baseline 0.001 -21"><span class='ocrx_word' id='word_1_105' title='bbox 314 1402 352 1433; x_wconf 86' lang='lat'>25</span> <span class='ocrx_word' id='word_1_106' title='bbox 437 1388 589 1434; x_wconf 77' lang='lat' dir='ltr'>Poeon</span> <span class='ocrx_word' id='word_1_107' title='bbox 624 1390 807 1443; x_wconf 76' lang='lat' dir='ltr'>tertius,</span> <span class='ocrx_word' id='word_1_108' title='bbox 832 1389 911 1451; x_wconf 89' lang='lat' dir='ltr'>qui</span> <span class='ocrx_word' id='word_1_109' title='bbox 949 1391 1004 1436; x_wconf 87' lang='lat' dir='ltr'>fit</span> <span class='ocrx_word' id='word_1_110' title='bbox 1039 1407 1097 1436; x_wconf 84' lang='lat' dir='ltr'>ex</span> <span class='ocrx_word' id='word_1_111' title='bbox 1129 1390 1404 1454; x_wconf 84' lang='lat' dir='ltr'>pyrrhichio</span> <span class='ocrx_word' id='word_1_112' title='bbox 1437 1400 1484 1436; x_wconf 84' lang='lat' dir='ltr'>et</span> <span class='ocrx_word' id='word_1_113' title='bbox 1520 1389 1744 1443; x_wconf 83' lang='lat' dir='ltr'>trochaeo,</span> <span class='ocrx_word' id='word_1_114' title='bbox 1782 1389 1827 1435; x_wconf 89' lang='lat' dir='ltr'>id</span> 
     </span>
     <span class='ocr_line' id='line_1_17' title="bbox 373 1465 1830 1531; baseline 0 -20"><span class='ocrx_word' id='word_1_115' title='bbox 373 1474 442 1512; x_wconf 84' lang='lat' dir='ltr'>est</span> <span class='ocrx_word' id='word_1_116' title='bbox 467 1483 524 1511; x_wconf 87' lang='lat' dir='ltr'>ex</span> <span class='ocrx_word' id='word_1_117' title='bbox 545 1465 727 1511; x_wconf 83' lang='lat' dir='ltr'>duabus</span> <span class='ocrx_word' id='word_1_118' title='bbox 748 1467 984 1523; x_wconf 82' lang='lat' dir='ltr'>brevibus,</span> <span class='ocrx_word' id='word_1_119' title='bbox 1004 1468 1146 1530; x_wconf 82' lang='lat' dir='ltr'>longa</span> <span class='ocrx_word' id='word_1_120' title='bbox 1164 1476 1211 1513; x_wconf 83' lang='lat' dir='ltr'>et</span> <span class='ocrx_word' id='word_1_121' title='bbox 1231 1468 1374 1525; x_wconf 80' lang='lat' dir='ltr'>brevi,</span> <span class='ocrx_word' id='word_1_122' title='bbox 1390 1476 1663 1531; x_wconf 82' lang='lat' dir='ltr'>temporum</span> <span class='ocrx_word' id='word_1_123' title='bbox 1689 1466 1830 1529; x_wconf 89' lang='lat' dir='ltr'>quin-</span> 
     </span>
     <span class='ocr_line' id='line_1_18' title="bbox 372 1542 913 1604; baseline 0 -16"><span class='ocrx_word' id='word_1_124' title='bbox 372 1560 478 1604; x_wconf 82' lang='lat' dir='ltr'><strong>que,</strong></span> <span class='ocrx_word' id='word_1_125' title='bbox 504 1551 555 1588; x_wconf 86' lang='lat' dir='ltr'>ut</span> <span class='ocrx_word' id='word_1_126' title='bbox 581 1542 913 1589; x_wconf 66' lang='lat' dir='ltr'>flIenedemus.</span> 
     </span>
    </p>

    <p class='ocr_par' dir='ltr' id='par_1_8' title="bbox 314 1617 1827 1832">
     <span class='ocr_line' id='line_1_19' title="bbox 314 1617 1827 1683; baseline 0.001 -20"><span class='ocrx_word' id='word_1_127' title='bbox 314 1628 353 1659; x_wconf 72' lang='lat'>26</span> <span class='ocrx_word' id='word_1_128' title='bbox 440 1618 586 1664; x_wconf 63' lang='lat' dir='ltr'>Paeon</span> <span class='ocrx_word' id='word_1_129' title='bbox 622 1625 840 1681; x_wconf 75' lang='lat' dir='ltr'>quartus,</span> <span class='ocrx_word' id='word_1_130' title='bbox 877 1619 957 1680; x_wconf 89' lang='lat' dir='ltr'>qui</span> <span class='ocrx_word' id='word_1_131' title='bbox 996 1621 1050 1665; x_wconf 85' lang='lat' dir='ltr'>fit</span> <span class='ocrx_word' id='word_1_132' title='bbox 1088 1637 1146 1665; x_wconf 83' lang='lat' dir='ltr'>ex</span> <span class='ocrx_word' id='word_1_133' title='bbox 1181 1620 1457 1683; x_wconf 86' lang='lat' dir='ltr'>pyrrhichio</span> <span class='ocrx_word' id='word_1_134' title='bbox 1490 1628 1537 1665; x_wconf 81' lang='lat' dir='ltr'>et</span> <span class='ocrx_word' id='word_1_135' title='bbox 1570 1619 1744 1675; x_wconf 77' lang='lat' dir='ltr'>iambo,</span> <span class='ocrx_word' id='word_1_136' title='bbox 1781 1617 1827 1665; x_wconf 90' lang='lat' dir='ltr'>id</span> 
     </span>
     <span class='ocr_line' id='line_1_20' title="bbox 372 1695 1826 1759; baseline 0.001 -20"><span class='ocrx_word' id='word_1_137' title='bbox 372 1703 442 1739; x_wconf 87' lang='lat' dir='ltr'>est</span> <span class='ocrx_word' id='word_1_138' title='bbox 477 1711 535 1739; x_wconf 86' lang='lat' dir='ltr'>ex</span> <span class='ocrx_word' id='word_1_139' title='bbox 578 1695 727 1740; x_wconf 85' lang='lat' dir='ltr'>tribus</span> <span class='ocrx_word' id='word_1_140' title='bbox 771 1695 990 1741; x_wconf 83' lang='lat' dir='ltr'>brevibus</span> <span class='ocrx_word' id='word_1_141' title='bbox 1032 1704 1079 1741; x_wconf 85' lang='lat' dir='ltr'>et</span> <span class='ocrx_word' id='word_1_142' title='bbox 1126 1696 1268 1758; x_wconf 81' lang='lat' dir='ltr'>longa</span> <span class='ocrx_word' id='word_1_143' title='bbox 1307 1695 1517 1758; x_wconf 82' lang='lat' dir='ltr'>syllabiS,</span> <span class='ocrx_word' id='word_1_144' title='bbox 1554 1704 1826 1759; x_wconf 85' lang='lat' dir='ltr'>temporum</span> 
     </span>
     <span class='ocr_line' id='line_1_21' title="bbox 371 1769 956 1832; baseline 0.003 -18"><span class='ocrx_word' id='word_1_145' title='bbox 371 1770 598 1832; x_wconf 82' lang='lat' dir='ltr'>quinque,</span> <span class='ocrx_word' id='word_1_146' title='bbox 624 1780 675 1816; x_wconf 88' lang='lat' dir='ltr'>ut</span> <span class='ocrx_word' id='word_1_147' title='bbox 705 1769 956 1817; x_wconf 76' lang='lat' dir='ltr'>Celeritas.</span> 
     </span>
    </p>

    <p class='ocr_par' dir='ltr' id='par_1_9' title="bbox 370 1846 1828 2139">
     <span class='ocr_line' id='line_1_22' title="bbox 439 1846 1826 1912; baseline 0.001 -20"><span class='ocrx_word' id='word_1_148' title='bbox 439 1846 531 1892; x_wconf 92' lang='lat' dir='ltr'>His</span> <span class='ocrx_word' id='word_1_149' title='bbox 568 1847 708 1892; x_wconf 87' lang='lat' dir='ltr'>multi</span> <span class='ocrx_word' id='word_1_150' title='bbox 758 1846 986 1908; x_wconf 82' lang='lat' dir='ltr'>adjiciunt</span> <span class='ocrx_word' id='word_1_151' title='bbox 1032 1865 1181 1894; x_wconf 88' lang='lat' dir='ltr'><strong>unum</strong></span> <span class='ocrx_word' id='word_1_152' title='bbox 1222 1848 1623 1912; x_wconf 81' lang='lat' dir='ltr'>pentasyllabum,</span> <span class='ocrx_word' id='word_1_153' title='bbox 1661 1847 1826 1894; x_wconf 80' lang='lat' dir='ltr'>Doch-</span> 
     </span>
     <span class='ocr_line' id='line_1_23' title="bbox 370 1923 1828 1988; baseline 0.001 -20"><span class='ocrx_word' id='word_1_154' title='bbox 370 1923 518 1969; x_wconf 71' lang='lat' dir='ltr'>mium</span> <span class='ocrx_word' id='word_1_155' title='bbox 559 1940 684 1977; x_wconf 85' lang='lat' dir='ltr'>verO,</span> <span class='ocrx_word' id='word_1_156' title='bbox 723 1923 804 1985; x_wconf 89' lang='lat' dir='ltr'>qui</span> <span class='ocrx_word' id='word_1_157' title='bbox 848 1933 1033 1970; x_wconf 84' lang='lat' dir='ltr'>constat</span> <span class='ocrx_word' id='word_1_158' title='bbox 1074 1942 1132 1970; x_wconf 82' lang='lat' dir='ltr'>ex</span> <span class='ocrx_word' id='word_1_159' title='bbox 1179 1925 1308 1971; x_wconf 85' lang='lat' dir='ltr'>brevi</span> <span class='ocrx_word' id='word_1_160' title='bbox 1355 1924 1537 1971; x_wconf 81' lang='lat' dir='ltr'>duabus</span> <span class='ocrx_word' id='word_1_161' title='bbox 1579 1924 1733 1988; x_wconf 83' lang='lat' dir='ltr'>longis</span> <span class='ocrx_word' id='word_1_162' title='bbox 1780 1932 1828 1970; x_wconf 86' lang='lat' dir='ltr'>et</span> 
     </span>
     <span class='ocr_line' id='line_1_24' title="bbox 372 1999 1825 2064; baseline 0.001 -20"><span class='ocrx_word' id='word_1_163' title='bbox 372 1999 500 2044; x_wconf 83' lang='lat' dir='ltr'>brevi</span> <span class='ocrx_word' id='word_1_164' title='bbox 529 2009 576 2046; x_wconf 82' lang='lat' dir='ltr'>et</span> <span class='ocrx_word' id='word_1_165' title='bbox 611 2000 767 2063; x_wconf 81' lang='lat' dir='ltr'>longa,</span> <span class='ocrx_word' id='word_1_166' title='bbox 802 2010 853 2046; x_wconf 89' lang='lat' dir='ltr'>ut</span> <span class='ocrx_word' id='word_1_167' title='bbox 893 2001 1160 2056; x_wconf 77' lang='lat' dir='ltr'>senatoriae,</span> <span class='ocrx_word' id='word_1_168' title='bbox 1185 2010 1233 2048; x_wconf 84' lang='lat' dir='ltr'>et</span> <span class='ocrx_word' id='word_1_169' title='bbox 1267 2010 1320 2048; x_wconf 89' lang='lat' dir='ltr'>ut</span> <span class='ocrx_word' id='word_1_170' title='bbox 1355 2000 1480 2048; x_wconf 88' lang='lat' dir='ltr'>idem</span> <span class='ocrx_word' id='word_1_171' title='bbox 1519 2000 1685 2048; x_wconf 87' lang='lat' dir='ltr'>Cicero</span> <span class='ocrx_word' id='word_1_172' title='bbox 1723 2001 1825 2064; x_wconf 87' lang='lat' dir='ltr'>(Or.</span> 
     </span>
     <span class='ocr_line' id='line_1_25' title="bbox 371 2074 1107 2139; baseline 0.004 -19"><span class='ocrx_word' id='word_1_173' title='bbox 371 2092 411 2121; x_wconf 92' lang='lat' dir='ltr'>c.</span> <span class='ocrx_word' id='word_1_174' title='bbox 433 2074 533 2136; x_wconf 88' lang='grc'>64.)</span> <span class='ocrx_word' id='word_1_175' title='bbox 560 2076 735 2139; x_wconf 86' lang='lat' dir='ltr'>posuit,</span> <span class='ocrx_word' id='word_1_176' title='bbox 764 2076 938 2122; x_wconf 77' lang='lat' dir='ltr'>amicos</span> <span class='ocrx_word' id='word_1_177' title='bbox 964 2083 1107 2123; x_wconf 75' lang='lat' dir='ltr'>tenes.</span> 
     </span>
    </p>
   </div>
   <div class='ocr_carea' id='block_1_3' title="bbox 333 2206 1825 2888">
    <p class='ocr_par' dir='ltr' id='par_1_10' title="bbox 541 2206 1660 2280">
     <span class='ocr_line' id='line_1_26' title="bbox 541 2206 1660 2280; baseline 0.003 -23"><span class='ocrx_word' id='word_1_178' title='bbox 541 2206 673 2258; x_wconf 81' lang='lat' dir='ltr'><strong>CAP.</strong></span> <span class='ocrx_word' id='word_1_179' title='bbox 704 2207 811 2258; x_wconf 89' lang='lat' dir='ltr'><strong>III.</strong></span> <span class='ocrx_word' id='word_1_180' title='bbox 858 2209 943 2260; x_wconf 80' lang='lat' dir='ltr'>De</span> <span class='ocrx_word' id='word_1_181' title='bbox 959 2210 1159 2279; x_wconf 72' lang='lat' dir='ltr'>pedum</span> <span class='ocrx_word' id='word_1_182' title='bbox 1187 2211 1660 2280; x_wconf 69' lang='lat' dir='ltr'>compositionibus.</span> 
     </span>
    </p>

    <p class='ocr_par' dir='ltr' id='par_1_11' title="bbox 369 2288 1825 2429">
     <span class='ocr_line' id='line_1_27' title="bbox 436 2288 1825 2355; baseline 0.003 -21"><span class='ocrx_word' id='word_1_183' title='bbox 436 2288 513 2334; x_wconf 82' lang='lat' dir='ltr'>Ex</span> <span class='ocrx_word' id='word_1_184' title='bbox 536 2290 745 2336; x_wconf 83' lang='lat' dir='ltr'>trochaeo</span> <span class='ocrx_word' id='word_1_185' title='bbox 769 2299 816 2336; x_wconf 84' lang='lat' dir='ltr'>et</span> <span class='ocrx_word' id='word_1_186' title='bbox 850 2292 1073 2348; x_wconf 78' lang='lat' dir='ltr'>molosso,</span> <span class='ocrx_word' id='word_1_187' title='bbox 1099 2292 1143 2337; x_wconf 91' lang='lat' dir='ltr'>id</span> <span class='ocrx_word' id='word_1_188' title='bbox 1171 2302 1242 2338; x_wconf 85' lang='lat' dir='ltr'>est</span> <span class='ocrx_word' id='word_1_189' title='bbox 1276 2310 1335 2339; x_wconf 79' lang='lat' dir='ltr'>ex</span> <span class='ocrx_word' id='word_1_190' title='bbox 1369 2293 1510 2355; x_wconf 83' lang='lat' dir='ltr'>longa</span> <span class='ocrx_word' id='word_1_191' title='bbox 1534 2301 1580 2338; x_wconf 87' lang='lat' dir='ltr'>et</span> <span class='ocrx_word' id='word_1_192' title='bbox 1611 2292 1754 2349; x_wconf 86' lang='lat' dir='ltr'>brevi,</span> <span class='ocrx_word' id='word_1_193' title='bbox 1779 2301 1825 2338; x_wconf 87' lang='lat' dir='ltr'>et</span> 
     </span>
     <span class='ocr_line' id='line_1_28' title="bbox 369 2364 1267 2429; baseline 0.006 -20"><span class='ocrx_word' id='word_1_194' title='bbox 369 2364 520 2410; x_wconf 83' lang='lat' dir='ltr'>tribus</span> <span class='ocrx_word' id='word_1_195' title='bbox 545 2366 711 2428; x_wconf 80' lang='lat' dir='ltr'>longis,</span> <span class='ocrx_word' id='word_1_196' title='bbox 736 2375 788 2411; x_wconf 87' lang='lat' dir='ltr'>ut</span> <span class='ocrx_word' id='word_1_197' title='bbox 813 2366 1003 2413; x_wconf 79' lang='lat' dir='ltr'>Dolore</span> <span class='ocrx_word' id='word_1_198' title='bbox 1025 2368 1267 2429; x_wconf 74' lang='lat' dir='ltr'>compulsi.</span> 
     </span>
    </p>

    <p class='ocr_par' dir='ltr' id='par_1_12' title="bbox 370 2439 1825 2585">
     <span class='ocr_line' id='line_1_29' title="bbox 436 2439 1825 2508; baseline 0.004 -23"><span class='ocrx_word' id='word_1_199' title='bbox 436 2439 513 2485; x_wconf 86' lang='lat' dir='ltr'>Ex</span> <span class='ocrx_word' id='word_1_200' title='bbox 552 2441 759 2487; x_wconf 83' lang='lat' dir='ltr'>trochaeo</span> <span class='ocrx_word' id='word_1_201' title='bbox 806 2450 852 2487; x_wconf 87' lang='lat' dir='ltr'>et</span> <span class='ocrx_word' id='word_1_202' title='bbox 892 2442 1048 2488; x_wconf 88' lang='lat' dir='ltr'>ionico</span> <span class='ocrx_word' id='word_1_203' title='bbox 1085 2444 1280 2501; x_wconf 81' lang='lat' dir='ltr'>minore,</span> <span class='ocrx_word' id='word_1_204' title='bbox 1320 2444 1367 2490; x_wconf 92' lang='lat' dir='ltr'>id</span> <span class='ocrx_word' id='word_1_205' title='bbox 1403 2454 1472 2490; x_wconf 85' lang='lat' dir='ltr'>est</span> <span class='ocrx_word' id='word_1_206' title='bbox 1504 2461 1561 2490; x_wconf 85' lang='lat' dir='ltr'>ex</span> <span class='ocrx_word' id='word_1_207' title='bbox 1601 2445 1742 2508; x_wconf 82' lang='lat' dir='ltr'>longa</span> <span class='ocrx_word' id='word_1_208' title='bbox 1777 2454 1825 2491; x_wconf 85' lang='lat' dir='ltr'>et</span> 
     </span>
     <span class='ocr_line' id='line_1_30' title="bbox 370 2516 1792 2585; baseline 0.004 -24"><span class='ocrx_word' id='word_1_209' title='bbox 370 2516 588 2562; x_wconf 87' lang='lat' dir='ltr'>brevibus</span> <span class='ocrx_word' id='word_1_210' title='bbox 614 2517 764 2563; x_wconf 83' lang='lat' dir='ltr'>tribus</span> <span class='ocrx_word' id='word_1_211' title='bbox 790 2526 837 2563; x_wconf 85' lang='lat' dir='ltr'>et</span> <span class='ocrx_word' id='word_1_212' title='bbox 861 2518 1014 2581; x_wconf 80' lang='lat' dir='ltr'>longis</span> <span class='ocrx_word' id='word_1_213' title='bbox 1039 2518 1247 2566; x_wconf 85' lang='lat' dir='ltr'>duabus:</span> <span class='ocrx_word' id='word_1_214' title='bbox 1286 2521 1477 2585; x_wconf 75' lang='lat' dir='ltr'>Regina</span> <span class='ocrx_word' id='word_1_215' title='bbox 1500 2539 1792 2584; x_wconf 77' lang='lat' dir='ltr'>superorum.</span> 
     </span>
    </p>

    <p class='ocr_par' dir='ltr' id='par_1_13' title="bbox 371 2591 1822 2807">
     <span class='ocr_line' id='line_1_31' title="bbox 435 2591 1822 2662; baseline 0.006 -25"><span class='ocrx_word' id='word_1_216' title='bbox 435 2591 512 2638; x_wconf 86' lang='lat' dir='ltr'>Ex</span> <span class='ocrx_word' id='word_1_217' title='bbox 547 2593 754 2639; x_wconf 84' lang='lat' dir='ltr'>trochaeo</span> <span class='ocrx_word' id='word_1_218' title='bbox 790 2602 837 2639; x_wconf 83' lang='lat' dir='ltr'>et</span> <span class='ocrx_word' id='word_1_219' title='bbox 872 2594 1162 2653; x_wconf 81' lang='lat' dir='ltr'>choriambo,</span> <span class='ocrx_word' id='word_1_220' title='bbox 1194 2596 1239 2642; x_wconf 89' lang='lat' dir='ltr'>id</span> <span class='ocrx_word' id='word_1_221' title='bbox 1277 2606 1346 2643; x_wconf 85' lang='lat' dir='ltr'>est</span> <span class='ocrx_word' id='word_1_222' title='bbox 1376 2615 1433 2644; x_wconf 83' lang='lat' dir='ltr'>ex</span> <span class='ocrx_word' id='word_1_223' title='bbox 1470 2598 1613 2662; x_wconf 83' lang='lat' dir='ltr'>longa</span> <span class='ocrx_word' id='word_1_224' title='bbox 1647 2616 1741 2645; x_wconf 84' lang='lat' dir='ltr'>una</span> <span class='ocrx_word' id='word_1_225' title='bbox 1776 2606 1822 2644; x_wconf 86' lang='lat' dir='ltr'>et</span> 
     </span>
     <span class='ocr_line' id='line_1_32' title="bbox 371 2668 1821 2738; baseline 0.003 -24"><span class='ocrx_word' id='word_1_226' title='bbox 371 2668 515 2725; x_wconf 86' lang='lat' dir='ltr'>brevi,</span> <span class='ocrx_word' id='word_1_227' title='bbox 540 2677 586 2714; x_wconf 88' lang='lat' dir='ltr'>et</span> <span class='ocrx_word' id='word_1_228' title='bbox 621 2669 762 2732; x_wconf 81' lang='lat' dir='ltr'>longa</span> <span class='ocrx_word' id='word_1_229' title='bbox 786 2686 879 2716; x_wconf 84' lang='lat' dir='ltr'>una</span> <span class='ocrx_word' id='word_1_230' title='bbox 904 2679 950 2716; x_wconf 82' lang='lat' dir='ltr'>et</span> <span class='ocrx_word' id='word_1_231' title='bbox 974 2671 1193 2719; x_wconf 86' lang='lat' dir='ltr'>brevibus</span> <span class='ocrx_word' id='word_1_232' title='bbox 1219 2673 1418 2731; x_wconf 83' lang='lat' dir='ltr'>duabus,</span> <span class='ocrx_word' id='word_1_233' title='bbox 1443 2682 1490 2720; x_wconf 85' lang='lat' dir='ltr'>et</span> <span class='ocrx_word' id='word_1_234' title='bbox 1524 2675 1666 2738; x_wconf 83' lang='lat' dir='ltr'>longa</span> <span class='ocrx_word' id='word_1_235' title='bbox 1702 2691 1821 2720; x_wconf 87' lang='lat' dir='ltr'>una:</span> 
     </span>
     <span class='ocr_line' id='line_1_33' title="bbox 371 2744 780 2807; baseline 0.002 -17"><span class='ocrx_word' id='word_1_236' title='bbox 371 2744 502 2791; x_wconf 72' lang='lat' dir='ltr'>Mihi</span> <span class='ocrx_word' id='word_1_237' title='bbox 522 2746 780 2807; x_wconf 78' lang='lat' dir='ltr'>perpetior.</span> 
     </span>
    </p>

    <p class='ocr_par' dir='ltr' id='par_1_14' title="bbox 333 2819 1820 2888">
     <span class='ocr_line' id='line_1_34' title="bbox 333 2819 1820 2888; baseline 0.003 -22"><span class='ocrx_word' id='word_1_238' title='bbox 333 2839 351 2867; x_wconf 81' lang='lat'>3</span> <span class='ocrx_word' id='word_1_239' title='bbox 436 2819 512 2866; x_wconf 77' lang='lat' dir='ltr'>Ex</span> <span class='ocrx_word' id='word_1_240' title='bbox 549 2820 756 2867; x_wconf 84' lang='lat' dir='ltr'>trochaeo</span> <span class='ocrx_word' id='word_1_241' title='bbox 792 2830 838 2867; x_wconf 83' lang='lat' dir='ltr'>et</span> <span class='ocrx_word' id='word_1_242' title='bbox 874 2822 1028 2869; x_wconf 87' lang='lat' dir='ltr'>ionico</span> <span class='ocrx_word' id='word_1_243' title='bbox 1053 2823 1246 2885; x_wconf 80' lang='lat' dir='ltr'>majore,</span> <span class='ocrx_word' id='word_1_244' title='bbox 1271 2825 1318 2871; x_wconf 93' lang='lat' dir='ltr'>id</span> <span class='ocrx_word' id='word_1_245' title='bbox 1351 2834 1422 2872; x_wconf 88' lang='lat' dir='ltr'>est</span> <span class='ocrx_word' id='word_1_246' title='bbox 1456 2843 1515 2872; x_wconf 83' lang='lat' dir='ltr'>ex</span> <span class='ocrx_word' id='word_1_247' title='bbox 1551 2826 1692 2888; x_wconf 84' lang='lat' dir='ltr'>longa</span> <span class='ocrx_word' id='word_1_248' title='bbox 1727 2842 1820 2871; x_wconf 86' lang='lat' dir='ltr'>una</span> 
     </span>
    </p>
   </div>
   <div class='ocr_carea' id='block_1_4' title="bbox 370 2896 1818 3019">
    <p class='ocr_par' dir='ltr' id='par_1_15' title="bbox 370 2896 1818 3019">
     <span class='ocr_line' id='line_1_35' title="bbox 371 2896 1818 2963; baseline 0.003 -22"><span class='ocrx_word' id='word_1_249' title='bbox 371 2904 418 2941; x_wconf 86' lang='lat' dir='ltr'>et</span> <span class='ocrx_word' id='word_1_250' title='bbox 454 2896 581 2942; x_wconf 86' lang='lat' dir='ltr'>brevi</span> <span class='ocrx_word' id='word_1_251' title='bbox 610 2914 705 2942; x_wconf 82' lang='lat' dir='ltr'>una</span> <span class='ocrx_word' id='word_1_252' title='bbox 740 2906 786 2943; x_wconf 85' lang='lat' dir='ltr'>et</span> <span class='ocrx_word' id='word_1_253' title='bbox 821 2898 973 2962; x_wconf 83' lang='lat' dir='ltr'>longis</span> <span class='ocrx_word' id='word_1_254' title='bbox 1006 2899 1189 2947; x_wconf 81' lang='lat' dir='ltr'>duabus</span> <span class='ocrx_word' id='word_1_255' title='bbox 1233 2904 1300 2963; x_wconf 84' lang='lat' dir='ltr'>(et</span> <span class='ocrx_word' id='word_1_256' title='bbox 1329 2902 1549 2949; x_wconf 84' lang='lat' dir='ltr'>brevibus</span> <span class='ocrx_word' id='word_1_257' title='bbox 1581 2902 1818 2963; x_wconf 81' lang='lat' dir='ltr'>duabus):</span> 
     </span>
     <span class='ocr_line' id='line_1_36' title="bbox 370 2972 764 3019; baseline 0.003 -1"><span class='ocrx_word' id='word_1_258' title='bbox 370 2973 524 3019; x_wconf 79' lang='lat' dir='ltr'>Astra</span> <span class='ocrx_word' id='word_1_259' title='bbox 549 2972 764 3019; x_wconf 73' lang='lat' dir='ltr'>caelestia.</span> 
     </span>
    </p>
   </div>
  </div>
 </body>
</html>
