1962 3355
142 204 247 235 CAP.
275 199 346 235 11.
708 189 791 234 De
814 188 1043 234 Pedibus.
1531 190 1591 238 63

141 320 187 356 et
219 311 379 357 iambo
421 310 716 357 iconnexum
756 310 1061 373 accipiemUS‚
1098 319 1148 355 ut
1174 310 1435 373 Diogenes.
1506 311 1595 358 Su-
1615 330 1656 362 50

139 397 335 452 persunt
357 388 552 451 Epitriti
576 388 655 450 qui
677 396 723 433 et
743 387 931 450 Hippii,
958 385 979 414 k
994 386 1188 448 adaeque
1214 404 1412 432 numero
1436 386 1597 448 lquat-

141 474 262 519 tuor,
289 464 511 526 quodque
547 474 618 510 est
654 464 799 510 veluti
839 480 988 526 genus
1028 462 1366 525 paeonicorum,
1402 480 1597 526 praeser-

139 540 226 585 tim
253 557 361 585 curn
389 548 422 568 ¹¹¹
439 540 534 585 sint
553 539 705 602 spatio
727 548 999 602 temporum
1021 538 1245 600 dispares,
1264 538 1416 584 forma
1446 547 1467 567 ¹¹
1485 557 1597 585 con-

140 615 331 661 similes.
403 616 528 661 Sunt
553 616 678 661 enim
707 615 985 679 heptasemi‚
1010 614 1056 659 id
1083 623 1168 669 est,
1191 623 1463 677 temporum
1491 633 1595 678 sep-

139 701 263 737 tem:
301 709 503 754 quorum
529 691 710 755 primus
736 691 889 754 priore
916 692 1097 754 syllaba
1123 691 1266 745 brevi,
1287 692 1595 753 sequentibus

140 768 290 830 longis
316 768 479 821 tribus,
506 785 561 813 ex
596 769 755 814 iambo
789 777 835 813 et
866 767 1075 831 spondeo
1100 768 1351 824 constabit,
1378 777 1432 813 ut
1456 768 1596 814 ⁰Arz'-

136 844 318 891 stoc-les.
389 844 635 891 Secundus
661 863 685 890 e
711 845 851 908 longa
876 853 923 891 et
951 845 1096 899 brevi,
1123 844 1387 906 subjunctis
1413 846 1453 890 ei
1480 845 1595 891 dua·
1614 867 1651 898 51

139 921 224 966 bus
263 921 428 983 longis,
466 922 553 966 erit
589 938 646 966 ex
685 923 891 968 trochaeo
923 930 970 967 et
1008 921 1219 984 spondeo
1257 922 1519 985 copulatuS‚
1544 932 1596 969 ut

138 997 463 1043 Archimedes.
533 997 735 1055 Tertius,
762 999 807 1044 in
834 1015 931 1060 quo
966 998 1133 1061 primae
1167 997 1273 1044 duae
1309 998 1480 1062 longae,
1504 1008 1595 1045 ter-
1614 1019 1653 1050 52

138 1074 201 1118 tia
227 1074 394 1130 brevis,
415 1073 555 1134 longa
575 1073 757 1131 ultima,
777 1092 833 1120 ex
858 1074 1067 1139 spondeo
1092 1084 1137 1121 et
1163 1075 1323 1121 iambo
1348 1085 1594 1122 concretus

137 1149 388 1203 videbitur,
416 1159 467 1194 ut
491 1149 849 1196 Demosthenes.
913 1151 1080 1196 Restat
1105 1150 1392 1214 complendo
1417 1160 1437 1189 P
1453 1160 1594 1198 tetra·
1612 1166 1652 1199 53

137 1226 427 1287 syllaborum
449 1225 625 1288 pedum
645 1244 841 1272 numero
859 1227 1094 1290 Epitritus
1112 1237 1321 1289 quartus,
1338 1245 1482 1290 quem
1502 1229 1596 1291 pri-

137 1320 227 1348 mae
264 1311 354 1347 tres
381 1301 548 1364 longae,
574 1311 739 1364 quarta
777 1303 822 1349 in
850 1304 1021 1350 ultimo
1054 1304 1204 1350 brevis
1230 1321 1288 1350 ex
1315 1304 1524 1368 spondeo
1549 1315 1596 1351 et

135 1378 342 1424 trochaeo
367 1396 633 1425 connexum
662 1398 762 1426 esse
787 1380 1128 1439 demonstrant,
1154 1391 1205 1428 ut
1233 1382 1454 1428 Iremeus.

217 1455 327 1501 Hac
379 1455 673 1518 inspectione
725 1457 992 1519 ‘lconjicere
1044 1458 1234 1522 poteriS,
1282 1457 1592 1520 quemadmo-
1613 1477 1654 1508 54

135 1530 251 1576 (lum
294 1548 351 1576 ex
395 1531 639 1594 disyllabis
676 1542 722 1579 et
757 1534 1013 1597 trisyllabis
1058 1534 1391 1598 pentasyllabi,
1434 1534 1513 1580 sed
1548 1543 1595 1581 et

135 1607 386 1670 geminatis
427 1608 682 1671 trisyllabis
718 1610 1039 1673 rhexasyllabi
1072 1611 1214 1675 pedes
1247 1611 1435 1657 formati
1465 1610 1595 1657 vide-

135 1693 288 1740 antur,
313 1702 515 1747 quorum
554 1685 822 1748 syllabatim
866 1705 949 1750 per
986 1697 1203 1751 tempora
1246 1688 1424 1750 species
1464 1705 1594 1734 com-

134 1761 362 1825 prehendi
388 1770 625 1825 poterunt.
679 1763 806 1808 Nam
846 1765 987 1810 etiam
1016 1764 1050 1809 si
1077 1764 1277 1828 propriis
1302 1764 1592 1822 nominibus,

135 1848 187 1883 ut
211 1837 286 1883 alii
314 1837 470 1900 pedeS‚
496 1837 695 1883 minime
722 1839 1069 1902 exprimuntur,
1095 1849 1256 1885 tamen
1294 1849 1307 1869 ³
1324 1840 1416 1885 situ
1453 1840 1594 1903 sylla-

135 1916 299 1959 barum
340 1922 386 1959 et
433 1914 696 1959 substantia
734 1924 1004 1978 temporum
1047 1916 1285 1962 manifesti
1324 1925 1460 1962 sunt:
1510 1917 1591 1979 qui

135 2008 291 2036 rursus
326 1990 482 2046 soluti,
506 1990 724 2052 exigente
750 2008 853 2048 usu,
879 1991 935 2037 ad
973 1993 1247 2056 tproprium
1280 2002 1453 2039 statum
1481 2011 1593 2039 con-

134 2067 460 2128 ditionemque
496 2068 853 2114 revocabuntur.
925 2069 1077 2131 Igitur
1113 2070 1350 2132 cognatm,
1380 2078 1427 2116 et
1462 2088 1591 2133 quae-
1611 2088 1649 2120 55

133 2143 241 2189 dam
270 2143 326 2188 ad
357 2143 703 2189 incrementum
743 2146 1036 2207 propagatio,
1055 2162 1147 2207 qua
1174 2145 1315 2208 pedes
1341 2164 1366 2191 a
1390 2146 1591 2210 primor-

133 2220 211 2266 dio
252 2219 553 2282 multiplicati
595 2230 872 2278 noscuntur,
910 2221 1016 2267 talis
1050 2230 1146 2267 est:
1185 2239 1292 2268 nam
1329 2240 1388 2268 ex
1429 2222 1592 2285 primi-

133 2297 283 2360 geniis
316 2296 501 2342 duobus
538 2296 818 2359 pyrrhichio
848 2306 894 2342 et
929 2297 1138 2360 spondeo
1172 2297 1433 2360 adquisitiS‚
1468 2298 1591 2345 facta

132 2382 400 2436 temporum
450 2372 781 2435 permixtione,
821 2373 979 2419 iambo
1026 2383 1074 2419 et
1119 2374 1328 2420 trochaeo
1369 2382 1592 2436 quattuor

132 2449 373 2512 dissyllabi
413 2447 556 2511 pedes
592 2449 744 2495 effecti
783 2459 905 2496 sunt.
989 2451 1206 2502 Quorum
1248 2458 1396 2496 status
1436 2449 1589 2512 adjec-
1609 2449 1650 2490 5⁶

185 2654 195 2681 i
215 2655 444 2702 connexum]
469 2668 649 2691 conexum
673 2657 713 2692 P.
826 2654 845 2681 k
866 2655 1034 2704 adaeque]
1060 2663 1201 2704 ataeqne
1223 2656 1261 2691 P.
1381 2653 1390 2680 l
1411 2655 1586 2703 quatuor]

132 2727 307 2768 quattuor
329 2719 373 2754 P.
484 2726 515 2744 m
536 2718 614 2755 sine
635 2718 778 2767 spacio]
801 2710 879 2755 sine
900 2719 1019 2769 spatio
1040 2720 1079 2755 P.
1110 2721 1179 2754 sint
1197 2721 1349 2755 Santen.
1366 2719 1450 2754 Ter.
1464 2719 1586 2753 Maur.

132 2786 166 2821 p.
186 2774 272 2809 128.
409 2778 429 2797 Π
450 2771 661 2808 consimiles
690 2781 797 2808 sunt:
829 2773 986 2820 etenim]
1020 2772 1244 2809 consimiles.
1304 2773 1399 2807 Sunt
1420 2771 1516 2807 enini
1547 2771 1585 2806 P.

131 2832 149 2852 ⁰
169 2825 387 2871 Aristocles]
410 2825 630 2861 Aristoteles
652 2827 690 2861 P.
815 2833 834 2860 P
856 2826 1176 2876 tetrasyllaborum
1201 2825 1355 2873 pedum]
1384 2823 1586 2872 tetrasylla-

131 2879 262 2914 borum
283 2879 323 2914 P.
421 2885 440 2911 q
461 2877 661 2925 conjicere]
685 2878 855 2916 conicere
879 2880 917 2914 P.
950 2910 958 2929 ι
1026 2887 1040 2905 r
1061 2877 1302 2928 hexasyllabi]
1327 2877 1523 2926 exasyllabi
1546 2877 1584 2912 P.

132 2938 145 2958 s
166 2931 258 2979 situ]
284 2931 312 2968 si
333 2932 422 2968 situs
443 2931 482 2967 P.
592 2932 606 2958 t
627 2932 837 2982 proprium]
861 2931 981 2982 propfi
1001 2933 1039 2968 P.
