1962 3355
307 230 404 267 380
929 222 1007 268 Ru
1040 220 1134 268 'nus

376 350 402 369 ‘⁶
427 344 569 407 Apud
595 344 888 399 Terentium,

481 425 506 442 “
528 420 776 459 Discrucior
796 421 973 459 animi.''

275 507 290 537 7
376 491 512 538 Idem
537 493 684 538 Varro
708 492 753 537 in
781 492 944 538 eodem
984 492 1065 537 lib.
1092 491 1202 536 Vll.
1229 491 1287 535 de
1323 490 1483 553 lingua
1506 489 1679 535 Latina
1703 488 1760 534 ad

311 568 593 614 Marcellum
635 569 700 614 sic
736 568 876 613 dicit:
926 574 952 593 “
988 568 1089 612 Aut
1127 567 1173 612 in
1213 576 1478 611 extremum
1524 565 1757 611 senarium

311 652 339 672 “
364 644 560 691 totidem
583 644 902 708 semipedibus
932 643 1123 704 adjectis
1149 644 1231 689 fiat
1256 643 1466 688 comicus
1491 642 1761 703 quadratus³

312 728 340 747 ‘⁶
368 731 419 767 ut
446 722 538 777 hic,

426 803 453 821 “
475 798 587 837 Heri
609 797 765 852 aliquot
783 796 1071 837 adolescentuli
1093 798 1248 837 coimus
1267 797 1313 836 in
1333 794 1540 835 P·iroeeo.''

274 887 292 915 s
377 871 636 917 Trimetros
669 887 829 915 versus
868 870 1096 916 iambicos
1120 869 1330 916 Terentii
1356 881 1402 915 et
1428 866 1580 913 Plauti
1606 875 1654 912 et
1689 883 1765 913 ce-

313 957 516 992 terorum
553 946 844 992 comicorum
883 955 958 992 ‘let
993 947 1279 1009 tragicorum
1317 945 1389 991 M.
1413 944 1598 990 Tullius
1633 961 1764 989 sena-

312 1024 403 1069 rios
442 1023 556 1069 dicit
594 1032 638 1068 et
677 1022 923 1069 nominat:
978 1023 1304 1075 Quintilianus
1342 1022 1484 1068 etiam
1527 1020 1764 1066 trimetros

313 1099 516 1145 senarios
554 1099 844 1144 nominavit:
893 1109 939 1145 et
970 1099 1160 1145 Flavius
1185 1099 1340 1162 Caper
1370 1099 1417 1144 in
1456 1099 1634 1145 artibus
1670 1096 1764 1143 suis

312 1178 548 1223 trimetros
578 1194 736 1222 versus
770 1177 998 1223 iambicos
1023 1176 1232 1223 Terentii
1268 1176 1472 1221 senarios
1497 1174 1764 1238 appellavit.

275 1279 294 1310 9
360 1253 461 1299 rDe
480 1253 639 1299 metris
655 1253 863 1299 Terentii
884 1264 931 1300 et
950 1254 1103 1299 Plauti
1124 1263 1169 1299 et
1188 1261 1448 1299 ceterorum
1472 1251 1763 1298 comicorum

314 1339 360 1375 et
383 1330 666 1392 tragicorum
695 1330 969 1376 Victorinus
996 1330 1061 1376 sic
1091 1330 1228 1376 dicit:
1278 1337 1305 1357 “
1333 1331 1580 1382 Quantum
1606 1336 1762 1374 autem

315 1412 343 1432 ‘⁶
369 1406 428 1452 ad
452 1423 635 1452 versum
663 1407 901 1452 comicum
930 1415 1125 1470 spectat,
1146 1417 1199 1452 ut
1223 1406 1471 1469 paululum
1499 1421 1768 1467 evagemur,

316 1482 464 1528 “scio
511 1483 739 1545 plurimos
788 1482 1035 1539 affirmare,
1081 1483 1388 1529 Terentianas
1434 1482 1507 1528 vel
1557 1481 1769 1527 maxime

315 1567 343 1585 ‘⁶
369 1559 552 1605 fabulas
592 1569 796 1605 metrum
830 1568 906 1605 Sac
944 1558 1244 1622 disciplinam
1274 1559 1550 1604 Graecarum
1588 1574 1768 1603 comoe-

315 1641 343 1661 ‘⁶
370 1635 552 1681 diarum
593 1653 685 1680 non
724 1635 998 1692 custodisse,
1023 1636 1068 1681 id
1095 1645 1166 1682 est
1200 1653 1316 1698 quas
1353 1633 1633 1690 Menander,
1657 1633 1770 1679 Phi-

316 1717 342 1736 “
366 1712 541 1767 lemon,
568 1711 814 1774 Diphilus,
850 1722 897 1757 et
932 1712 1071 1757 ceteri
1109 1711 1370 1758 ediderunt.
1437 1710 1603 1756 Nostri
1640 1710 1766 1755 enim

318 1795 342 1814 “
370 1788 417 1832 in
454 1787 754 1833 modulandis
791 1787 1034 1850 rhythmis
1069 1806 1148 1834 seu
1187 1788 1347 1834 metris
1385 1787 1553 1833 veteris
1589 1803 1769 1833 comoe-

317 1864 464 1910 “diae
516 1864 765 1927 scriptores
815 1864 943 1927 sequi
997 1865 1277 1922 maluerunt,
1317 1864 1361 1910 id
1415 1873 1485 1910 est
1525 1863 1770 1926 Eupolim,

318 1948 344 1966 “
372 1941 637 1995 Cratinum,
674 1941 1060 2004 Aristophanem.
1130 1942 1354 2003 Prologos
1395 1941 1553 2003 itaque
1591 1948 1638 1985 et
1678 1939 1771 2002 pri-

318 2023 345 2044 “
372 2035 554 2064 marum
592 2036 835 2064 scenarum
865 2027 995 2064 actus
1024 2018 1247 2064 trimetris
1283 2015 1772 2081 comprehenderunt:

319 2102 346 2120 ‘⁶
372 2094 540 2140 deinde
579 2095 894 2158 longissimos,
931 2094 977 2140 id
1015 2104 1087 2140 est
1124 2103 1436 2151 tetrametros,
1463 2092 1774 2140 subdiderunt

321 2179 348 2197 ‘⁶
373 2171 452 2233 qui
491 2172 787 2234 appellantur
812 2170 1055 2234 quadrati:
1092 2181 1254 2234 postea
1287 2171 1332 2216 in
1367 2170 1671 2232 sequentibus
1696 2185 1774 2213 va-

322 2256 349 2274 “
373 2248 637 2294 riaverunt:
677 2248 820 2294 modo
852 2248 979 2293 enim
1017 2247 1270 2301 trimetros,
1297 2245 1438 2292 modo
1473 2245 1632 2291 addito
1657 2261 1774 2306 qua-

323 2333 349 2351 “
375 2324 540 2370 drante
576 2325 646 2371 vel
686 2325 878 2371 semisse
914 2334 1200 2388 posuerunt;
1240 2323 1283 2369 id
1323 2333 1394 2369 est
1429 2321 1668 2385 semipede
1695 2320 1774 2366 ad-

324 2402 513 2464 “ject0,
549 2402 619 2447 vel
663 2402 845 2464 integro
885 2400 1006 2464 pede
1045 2401 1203 2447 iambo
1237 2400 1311 2446 vel
1349 2397 1628 2462 sesquipede
1672 2397 1774 2442 haec

323 2485 349 2505 ‘⁶
376 2496 459 2541 per
496 2477 676 2523 medios
713 2487 860 2533 actus,
894 2476 1019 2522 varie
1056 2494 1212 2523 rursus
1251 2477 1298 2522 in
1336 2476 1465 2522 exitu
1507 2473 1771 2520 fabularum

325 2563 352 2581 ‘⁶
378 2554 645 2617 quadratos,
670 2554 831 2616 quales
857 2553 1062 2599 diximus
1097 2553 1143 2599 in
1181 2552 1385 2599 secunda
1421 2569 1560 2597 scena
1594 2550 1776 2596 locave-

325 2639 351 2657 “
377 2639 501 2676 runt.
572 2630 662 2675 Sed
697 2630 819 2675 idem
847 2629 1060 2692 quadrati
1094 2629 1294 2692 legitimi
1331 2645 1437 2675 cum
1465 2643 1554 2673 XVI
1582 2626 1775 2690 syllabis

326 2707 512 2769 “juxta
537 2707 616 2767 jus
650 2707 891 2770 proprium
925 2716 1136 2753 constare
1159 2706 1378 2761 debeant,
1404 2706 1683 2769 plerumque
1709 2703 1778 2749 in-

384 2911 403 2938 ‘1
424 2910 460 2937 et
481 2900 700 2949 tragicorum
723 2913 798 2936 om.
823 2900 917 2936 Ven.
939 2899 1025 2936 Alci.
1047 2908 1083 2936 et
1105 2914 1189 2937 mox
1211 2913 1286 2937 orn.
1306 2898 1480 2937 senarios.
1582 2904 1597 2924 ¹‘
1618 2897 1678 2934 De
1699 2910 1775 2934 me-

330 2954 506 2990 tris—sic
527 2953 616 2991 (licit
634 2967 708 2990 om.
728 2954 820 2989 Ven.
858 2952 938 2988 Vid.
961 2966 1068 3003 snpra
1089 2968 1123 3003 p.
1143 2964 1226 3001 105.
1366 2959 1380 2979 s
1401 2953 1464 3000 ad]
1488 2964 1530 2988 ac
1549 2952 1643 2988 Ven.
