1962 3355
118 190 226 224 CAP.
250 187 269 224 l
283 187 322 224 l.
558 178 641 225 De
663 178 829 225 metris
851 178 1133 239 compositis.
1473 182 1565 232 297

467 343 555 390 De
577 343 779 389 dimetro
795 359 922 405 puro
947 342 1226 390 acatalecto,
1587 366 1604 394 3

182 451 326 498 Aliud
355 453 619 515 paeonicum
654 459 859 499 metrum
884 451 1204 499 acatalectum
1239 451 1294 496 fit
1321 465 1491 513 paeone
1526 456 1573 494 et

118 527 462 592 amphimacro,

515 602 543 653 ὦ
564 604 657 652 πόλι
681 605 786 666 φίλη
809 605 934 666 φίλη.

510 691 553 710 nn
563 682 767 722 Flumina
781 682 884 738 gelu
899 681 1061 737 gelant.

417 818 503 865 De
526 820 743 867 trimetro
767 819 1034 867 acatalecto
1064 817 1279 865 Cratino.
1596 838 1614 863 4

191 906 485 953 Trimetrum
509 907 830 956 acatalectum
849 909 904 954 fit
929 908 1084 972 primo
1104 904 1446 969 amphimacro,
1462 901 1581 948 duo-

122 983 210 1028 bus
232 982 494 1047 paeonibuS‚

355 1059 593 1100 Candidum
614 1061 748 1101 Musa
768 1061 950 1115 miltifir
969 1068 988 1088 o
1000 1060 1207 1100 honorem.

304 1196 390 1243 De
414 1197 629 1244 trimetro
654 1198 919 1244 acatalecto
937 1196 995 1244 ‘in
1019 1198 1175 1243 medio
1201 1195 1402 1242 habente
1602 1214 1618 1244 5

661 1274 1053 1336 amphimacrum.

199 1360 251 1407 T
242 1361 494 1408 rimetrum
520 1360 838 1408 acatalectum
864 1363 919 1408 fit
946 1362 1088 1408 etiam
1128 1361 1176 1407 in
1211 1359 1369 1407 medio
1406 1358 1586 1404 habens

126 1438 527 1502 amphimacrum,

415 1516 634 1556 Candida-5²
655 1530 750 1557 eras
767 1530 876 1572 puer
895 1530 1006 1556 nunc
1027 1516 1185 1570 refluis.

130 1588 351 1635 Graecum
377 1589 651 1652 exemplum
679 1607 772 1634 non
800 1588 972 1635 inveni.
1042 1588 1172 1651 Ergo
1197 1585 1466 1651 paeonicum
1492 1600 1591 1628 me-

129 1675 255 1711 trum
284 1666 337 1711 fit
361 1665 513 1711 modis
534 1675 783 1728 quattuor:
821 1675 902 1712 aut
921 1666 1029 1712 solis
1050 1664 1310 1729 paeonibus,
1336 1670 1418 1708 aut
1435 1660 1590 1724 primo

131 1759 311 1805 paeone,
345 1742 604 1788 novissimo
639 1742 984 1806 amphimacrO,
1016 1751 1098 1788 aut
1133 1741 1289 1805 primo
1325 1737 1591 1801 amphima-

133 1835 227 1876 cro,
251 1818 519 1865 novissimis
556 1820 817 1883 paeonibus,
841 1828 922 1865 aut
946 1836 1004 1864 ex
1037 1827 1236 1879 utraque
1260 1823 1393 1878 parte
1416 1812 1593 1877 paeoni-

134 1895 237 1952 bus,
273 1894 322 1939 in
362 1894 518 1941 medio
547 1894 888 1958 amphimacro.
960 1895 1198 1947 Quattuor
1231 1890 1411 1955 species
1449 1890 1594 1936 habet

135 1971 228 2017 hoc
254 1980 475 2018 metrum.

376 2103 511 2155 CAP.
542 2103 640 2154 ΧΙ.
706 2104 790 2155 De
818 2104 1004 2156 metris
1030 2102 1347 2173 compositis

206 2203 320 2250 Huc
356 2220 506 2265 usque
546 2202 604 2248 de
643 2202 940 2266 simplicibus
979 2202 1170 2248 Pmetris
1212 2211 1259 2247 et
1300 2198 1597 2264 generalibus

139 2289 185 2326 et
208 2297 369 2326 eorum
397 2280 645 2344 speciebus
669 2279 869 2344 propriis
900 2278 1167 2336 docuimus,
1192 2295 1249 2324 ex
1274 2278 1450 2341 quibus
1472 2292 1603 2323 com-

139 2356 294 2420 posita
318 2356 579 2402 necessario
603 2364 928 2402 retractemus.
975 2356 1105 2402 Nam
1132 2354 1293 2401 omnia
1320 2372 1378 2401 ne
1403 2369 1603 2400 numero

142 2432 363 2495 qquidem
400 2442 623 2497 poterunt
658 2431 1012 2496 comprehendi.
1084 2432 1227 2478 Unde
1261 2431 1297 2477 si
1333 2430 1438 2494 quis
1474 2430 1605 2475 inve-

143 2509 265 2555 nerit
289 2509 479 2571 aliquod
501 2520 705 2556 metrum
728 2509 776 2555 in
804 2508 894 2555 hoc
919 2509 1066 2555 rlibro
1093 2527 1187 2554 non
1215 2508 1440 2572 positum,
1460 2521 1602 2568 quem

144 2584 202 2632 de
241 2585 420 2631 Graecis
461 2586 698 2632 nobilibus
737 2585 943 2631 metricis
982 2585 1115 2631 lectis
1158 2603 1184 2631 a
1227 2602 1302 2631 me
1347 2592 1393 2629 et
1431 2599 1487 2628 ex
1532 2581 1605 2627 his

145 2660 373 2725 quicquid
410 2661 607 2724 singulis
642 2662 783 2708 fuerit
805 2660 1043 2724 optimum
1082 2661 1306 2723 decerpto
1343 2655 1606 2721 composui,

201 2812 245 2832 nn
264 2803 456 2850 Flumina]
481 2804 542 2839 Sic
563 2804 605 2839 L.
621 2804 776 2853 flamma
798 2803 1004 2840 Putschius.
1195 2809 1212 2828 0
1236 2803 1412 2842 honorem,
1437 2801 1470 2834 in
1492 2799 1606 2833 medio

150 2860 331 2895 habentem
354 2859 540 2893 dimetrum
563 2858 797 2892 acataleetum
818 2858 1095 2904 amphimacrum
1105 2857 1156 2903 fit
1177 2858 1280 2892 etiam
1298 2857 1332 2890 in
1349 2854 1462 2888 medio
1475 2858 1546 2887 etc.
1563 2851 1605 2886 L.

149 2919 169 2947 Ρ
191 2913 338 2958 metris]
359 2911 509 2959 pedibus
530 2910 570 2945 L.
735 2917 753 2944 q
774 2912 914 2956 quidem
936 2923 1009 2945 om.
1033 2910 1074 2946 L.
1188 2916 1202 2935 Υ
1223 2908 1333 2953 libro]
1356 2910 1468 2941 metro
1488 2904 1530 2939 L.

812 2987 904 3033 aq
