1962 3355
85 235 192 266 CAP.
214 232 257 268 2.
282 220 363 267 De
388 221 606 267 connexis
629 220 757 266 inter
779 236 830 265 se
853 227 999 282 atque
1022 218 1297 265 inconneoeis
1323 218 1403 280 850.
1440 226 1534 274 219

82 341 324 387 traditum.
394 341 616 403 Cumque
640 340 689 386 in
715 340 817 403 ipso
843 340 1014 402 pariter
1039 339 1233 384 homine
1263 346 1570 402 procreatum

82 416 143 472 id,
178 427 339 476 postea
364 416 700 462 observationis
737 424 944 461 struente
980 415 1308 478 ¹¹¹magisteri0,
1333 413 1533 475 majores

80 502 278 548 nostros,
316 492 442 555 quod
480 492 651 538 mentis
684 491 785 554 jam
827 491 964 554 pulsu
1004 499 1052 536 et
1089 490 1289 537 naturali
1329 506 1530 551 concep-

80 568 210 613 tione
235 569 537 630 collegerant,
563 568 648 614 arti
675 585 728 613 ac
752 567 1016 630 disciplinae
1040 566 1301 620 tradidisse,
1328 565 1533 626 denique

81 642 136 688 ad
162 643 449 688 modulanda
468 643 633 689 eadem
655 661 793 689 sensu
813 643 1018 706 quodam
1048 642 1289 703 animique
1309 650 1443 686 motu
1463 641 1534 686 in-

80 727 289 763 struente
309 736 392 764 nos
414 719 542 765 velut
563 720 786 782 magistro
805 719 1040 774 ducimur,
1059 726 1370 780 ngestumque
1388 717 1531 762 etiam

80 793 286 856 corporis
312 794 508 857 imagini
536 795 870 842 modulationis
896 812 1128 858 congruos
1153 794 1332 840 incitati
1360 793 1535 840 affecti-

81 871 168 916 bus
214 871 602 918 commodamus:
641 873 815 918 etenim
866 871 913 917 in
960 879 1158 917 accentu
1203 870 1329 916 vocis
1377 869 1535 931 dispar

81 955 279 991 ¹¹¹³sonus
322 964 415 992 non
457 948 706 1012 disciplina
744 947 823 994 sed
871 957 1036 993 natura
1076 947 1243 1000 editur,
1286 946 1349 991 ita
1390 946 1533 991 etiam

80 1022 295 1085 rhythmi
344 1031 391 1068 et
438 1025 559 1069 mele
605 1025 838 1070 variandis
887 1032 1080 1070 ⁰cantus
1131 1021 1535 1068 modulationibus

81 1100 209 1161 prius
246 1107 412 1162 suapte
449 1109 614 1146 natura
645 1118 787 1162 quam
831 1100 940 1145 artis
973 1100 1230 1145 structione
1261 1099 1534 1160 gignuntur.

83 1176 175 1222 His
213 1176 515 1221 accedentem
542 1184 589 1220 et
613 1185 980 1221 consentaneam
1018 1175 1188 1219 petiam
1216 1171 1536 1239 Theophrasti
1556 1183 1575 1214 8

81 1252 355 1315 opinionem
394 1249 726 1296 eruditioribus
768 1250 933 1296 litteris
972 1249 1097 1295 haud
1139 1248 1536 1312 praetermiserim,

81 1327 357 1383 adserentis,
383 1327 675 1373 incentivum
703 1336 750 1373 et
774 1345 866 1373 non
892 1345 1059 1391 parvos
1088 1327 1296 1390 impetus
1322 1326 1412 1381 his,
1436 1325 1539 1388 qui-

82 1405 169 1449 bus
206 1403 334 1449 cordi
371 1412 442 1448 est
474 1420 680 1459 carmen,
717 1421 800 1467 per
831 1404 953 1449 mele
991 1413 1249 1449 metrorum
1288 1412 1538 1448 ‘lnumeros

81 1479 218 1525 edere
260 1480 318 1525 ab
368 1479 710 1535 affectionibus,
746 1497 864 1542 quos
907 1480 1060 1526 Graeci
1110 1483 1237 1535 ι’πάθη
1285 1478 1539 1542 appellant,

82 1556 285 1617 suggeri,
311 1564 357 1601 et
377 1556 660 1617 quibusdam
689 1556 1016 1603 incalescentis
1043 1556 1217 1619 ingenii
1245 1555 1449 1601 stimulis
1470 1554 1540 1600 in-

82 1632 230 1686 citari,
254 1632 428 1694 quibus
466 1633 684 1688 sublime,
711 1632 1090 1690 scothurnatum,
1115 1650 1356 1689 canorum,
1381 1642 1428 1677 et
1449 1640 1541 1677 tra-

82 1708 173 1771 gici
199 1709 419 1771 ponderis
445 1726 634 1754 carmen
661 1708 841 1766 edatur,
859 1726 1060 1771 quorum
1088 1708 1371 1771 tripartitam
1399 1708 1543 1752 virtu-

84 1795 197 1842 tem,
223 1785 268 1830 in
297 1785 386 1831 isto
409 1784 661 1831 dumtaxat
691 1803 715 1831 a
739 1785 924 1831 dicendi
953 1802 1092 1847 opere
1118 1784 1181 1829 ita
1205 1783 1442 1840 discernit,
1468 1783 1542 1828 in-

85 1861 217 1907 ducit
242 1861 368 1906 enim
395 1861 705 1924 voluptatem,
730 1863 864 1915 iram,
890 1861 1268 1916 enthusiasmon,
1294 1859 1439 1905 veluti
1472 1877 1542 1904 sa-

85 1936 150 1983 cri
187 1936 355 1982 furoris
391 1937 688 1993 instinctum,
731 1946 781 1983 ut
820 1937 971 1983 Graeci
1008 1945 1194 1991 vocant,
1230 1953 1324 1997 quo
1362 1934 1541 1981 fatidici

85 2023 215 2059 vates
240 2013 459 2075 tspirant.
515 2013 687 2075 Neque
712 2014 869 2058 abnuo
895 2013 974 2058 sed
1001 2012 1151 2075 magis
1177 2012 1401 2074 adprobo,
1426 2028 1541 2056 non-
1561 2031 1581 2063 9

87 2089 204 2134 nihil
239 2089 384 2134 etiam
419 2089 489 2134 his
517 2088 759 2134 affectibus
796 2106 939 2134 omne
974 2088 1236 2150 ingenium,
1261 2087 1334 2133 cui
1375 2086 1543 2133 musici

88 2164 308 2210 carminis
333 2164 544 2210 studium
571 2174 654 2219 est,
674 2173 839 2209 natura
865 2163 1116 2209 dumtaxat
1141 2163 1297 2226 vprius
1324 2162 1379 2208 ad
1399 2162 1445 2208 id
1473 2162 1544 2207 in-

87 2241 336 2295 formante,
356 2251 537 2298 natura,
557 2251 610 2287 ut
628 2258 767 2304 supra
781 2239 995 2286 Wdictum
1017 2248 1101 2296 est,
1125 2248 1321 2303 parente
1340 2257 1393 2285 ac
1414 2239 1544 2303 prin-

88 2317 207 2380 cipe,
233 2317 279 2362 in
305 2317 455 2378 majus
481 2318 657 2372 extolli,
683 2316 887 2378 satisque
910 2333 1132 2379 prospere
1158 2316 1245 2361 sub
1272 2315 1545 2376 hujusmodi

90 2394 261 2439 mentis
298 2394 573 2440 incitatione
609 2392 868 2457 provenire.
937 2391 1162 2453 Namque
1187 2391 1379 2437 insitam
1406 2402 1452 2436 et
1477 2392 1546 2436 in-
1567 2413 1606 2434 10

90 2469 298 2531 genitam
326 2470 496 2516 nostris
523 2470 736 2516 sensibus
762 2469 993 2515 musicam
1013 2468 1155 2514 iidem
1182 2468 1437 2522 instruunt,
1463 2467 1545 2514 ad-

81 2549 268 2606 juvant,
292 2555 339 2592 et
364 2546 410 2591 in
438 2546 589 2607 majus
615 2563 755 2608 quam
795 2545 972 2608 ingenii
1009 2545 1270 2607 Xcujusque
1295 2546 1441 2591 virtus
1477 2555 1547 2591 est

147 2680 177 2699 m
199 2672 392 2723 magistro]
418 2674 629 2723 magisterio
652 2675 691 2711 Ρ.
814 2682 831 2700 Π
853 2676 998 2724 gestus]
1023 2683 1170 2724 gestum
1192 2675 1231 2710 P.
1347 2682 1391 2701 ¹¹¹1
1412 2675 1545 2721 sonus]

93 2727 194 2762 sonis
228 2727 266 2761 P.
466 2734 484 2753 0
514 2735 644 2763 cantus
675 2728 1008 2774 modulationibus]
1041 2727 1475 2764 cantumodulationibus
1505 2730 1547 2764 P.

94 2787 113 2814 P
127 2779 396 2828 Theophrasti]
415 2780 524 2816 etiam
546 2780 795 2829 Theophrasti
816 2782 854 2816 P.
876 2781 933 2817 ed.
957 2783 1062 2817 Cam.
1161 2790 1181 2815 q
1202 2781 1392 2826 numeros]
1416 2793 1547 2816 nume-

96 2845 155 2868 ros
175 2833 282 2868 edere
299 2833 338 2868 P.
449 2840 464 2858 r
482 2835 588 2880 πάθη]
614 2839 739 2869 ΠΔΦΝ
769 2834 810 2869 Ρ.
936 2841 950 2859 s
970 2835 1230 2881 coturnorum]
1253 2842 1487 2869 coturnatum
1509 2833 1547 2867 P.

96 2895 133 2921 et
155 2899 238 2922 mox
260 2885 495 2934 tripertitam.
649 2887 664 2912 t
684 2886 842 2934 spirant]
865 2888 1055 2936 spirantur
1076 2888 1115 2922 P.
1268 2894 1286 2911 v
1307 2885 1406 2935 prius
1427 2886 1471 2920 ad
1493 2885 1545 2930 id]

98 2937 252 2987 p'usadit
274 2940 312 2974 P.
412 2944 439 2963 W
460 2937 616 2985 dictum]
640 2938 780 2975 dictum
803 2944 822 2975 e
843 2940 882 2975 P.
992 2946 1011 2965 X
1033 2940 1226 2990 cujusque]
1250 2951 1353 2987 cuiq.⁴
1376 2939 1414 2973 P.

758 3000 879 3045 Ff2
