1962 3355
339 193 401 239 86
846 195 1007 242 Marii
1034 195 1273 242 Victorini
1629 211 1725 242 LIB.
1752 212 1785 242 1.

301 331 317 353 2
336 313 500 360 vandae
524 322 647 361 sunt.
718 315 890 362 Omnis
916 316 1042 362 enim
1068 334 1227 363 versus
1264 317 1310 362 in
1336 316 1430 363 duo
1454 317 1557 363 cola
1581 317 1787 363 forman-

335 390 422 437 dus
447 399 531 448 est,
557 389 637 452 qui
663 390 833 437 herous
866 392 1141 439 hexameter
1167 393 1334 438 merito
1358 393 1722 455 nuncupabitur,
1749 392 1783 437 si

334 467 648 529 ccompetenti
681 467 966 513 divisionum
997 468 1176 513 ratione
1200 468 1460 513 dirimatur.
1530 468 1621 514 Sex
1658 467 1783 513 enim

334 542 509 606 pedum
554 543 793 606 percussio
835 560 1018 588 versum
1063 543 1254 604 quidem
1302 543 1649 598 hexametrum,
1691 559 1783 588 non

333 625 493 663 tamen
534 618 744 672 heroum,
770 635 909 680 quem
939 617 1146 680 epicum,
1172 618 1207 662 si
1243 617 1394 680 legem
1427 617 1665 662 incisionis
1691 635 1785 663 non

295 718 314 747 3
333 693 550 747 tenuerit,
574 694 728 739 faciet.
788 693 999 745 Quarum
1029 693 1182 756 prima
1206 693 1632 756 epenthemimeres
1656 702 1785 740 tome

333 769 520 824 dicitur,
547 787 654 815 cum
691 778 796 832 post
829 768 946 814 duos
979 768 1122 830 pedes
1152 786 1350 831 sequens
1382 769 1563 832 syllaba
1593 769 1784 832 plenam

333 845 552 890 orationis
579 855 757 908 partem
787 844 1050 906 distinguit,
1075 844 1208 906 cujus
1234 845 1508 909 exemplum
1534 845 1636 902 erit,

535 920 693 970 Quam
718 920 848 966 «Iuno
855 918 1047 983 fertur.

294 996 541 1050 4Verburn
570 996 696 1041 enim
723 1009 831 1059 post
855 995 972 1041 duos
1009 995 1151 1058 pedes
1175 996 1418 1043 concludit
1453 1014 1506 1043 ac
1542 996 1785 1042 sdetermi-

331 1081 411 1117 nat
452 1071 647 1135 syllaba,
684 1089 788 1133 quae
825 1072 873 1117 in
911 1082 1061 1118 metro
1101 1073 1337 1136 &semipes
1375 1073 1589 1130 habetur,
1628 1082 1679 1119 ut
1716 1090 1786 1119 se-

330 1165 480 1209 quens
518 1166 671 1194 sermo
697 1149 754 1194 ab
781 1148 961 1211 integra
986 1158 1116 1211 parte
1151 1149 1373 1195 orationis
1410 1149 1617 1213 incipiat.
1689 1149 1785 1194 Ge-

332 1223 508 1269 minata
546 1233 702 1269 autem
740 1224 1141 1287 penthemimeres
1173 1232 1303 1270 tome
1327 1242 1511 1271 versum
1540 1233 1784 1287 pentame-

330 1308 455 1345 trum
482 1300 705 1362 complet,
733 1309 799 1356 ut,

533 1376 691 1424 Quam
717 1376 848 1422 Juno
853 1374 1047 1440 fertur,
1072 1394 1214 1440 quam
1237 1376 1370 1423 Juno
1379 1375 1567 1439 fertur.

292 1451 599 1506 5Secundam
637 1452 917 1498 divisionem
956 1451 1416 1515 hhepthemirnerem
1459 1451 1613 1498 Graeci
1653 1451 1784 1498 dixe-

330 1539 455 1584 runt,
496 1545 600 1589 quae
650 1529 798 1574 tribus
842 1528 1041 1591 pedibus
1078 1528 1280 1574 emensis
1317 1528 1498 1590 iadjicit
1534 1528 1781 1591 syllabam,

291 1627 311 1658 6
329 1604 633 1666 completque
675 1621 863 1649 sensum
909 1603 1238 1666 kquacumque
1273 1604 1496 1650 orationis
1538 1604 1781 1666 particula.

330 1680 478 1735 Huic,
495 1680 616 1726 sicut
631 1690 676 1725 et
697 1680 938 1742 superiori,
957 1696 1128 1725 nomen
1150 1679 1353 1726 inditum
1381 1697 1439 1725 ex
1460 1697 1515 1725 eo
1535 1689 1620 1736 est,
1635 1679 1780 1741 1quod

327 1755 476 1802 tribus
501 1755 700 1819 pedibus
727 1767 773 1802 et
804 1774 896 1802 una
921 1756 1114 1819 syllaba,
1142 1755 1187 1801 id
1214 1764 1297 1811 est,
1322 1754 1577 1818 semipede,
1603 1772 1707 1817 quae
1732 1755 1779 1800 in

329 1832 417 1877 arsi
456 1843 503 1878 et
537 1832 658 1878 thesi
698 1843 878 1896 septem
920 1841 1078 1878 motus
1118 1830 1343 1887 efficiunt,
1367 1848 1553 1876 versum
1588 1830 1780 1877 dividat.

328 1908 476 1970 Cujus
502 1909 779 1971 exemplum
804 1909 907 1963 erit,

531 1984 689 2033 Quam
715 1983 847 2030 Jztno
854 1983 1031 2049 fertur
1055 1983 1213 2029 terris.

293 2085 308 2116 7
327 2060 454 2106 Nam
480 2069 588 2123 post
613 2070 704 2105 tres
729 2060 872 2123 pedes
899 2077 1120 2123 suprema
1143 2059 1212 2104 ris
1236 2058 1415 2121 syllaba
1441 2075 1631 2104 sensum
1653 2076 1782 2105 com-

381 2153 397 2173 0
433 2147 683 2195 competenti]
706 2146 919 2195 conpetenti
940 2148 979 2183 P.

329 2212 385 2235 res
406 2200 444 2235 P.

328 2254 564 2288 concluditur.

327 2307 534 2355 ἑφθημίμεριν
553 2305 611 2341 ed.
634 2305 738 2340 Cam.

328 2370 400 2407 que
420 2358 459 2393 P.
557 2356 565 2383 ἶ
587 2358 703 2406 quod]
729 2356 789 2406 qui
811 2358 849 2393 P.

385 2439 417 2462 2.
448 2439 555 2474 quern
585 2425 748 2475 epicum]
783 2428 904 2462 dicunt
924 2425 1028 2462 addit

330 2479 528 2516 Santenius
547 2479 632 2515 Ter.
655 2480 775 2514 Maur.
798 2492 833 2528 p.
853 2490 941 2526 227.

383 2543 420 2578 3.
447 2531 774 2576 Pentliemimeris]
808 2532 911 2581 Lege
933 2532 1025 2567 Pen-

330 2586 562 2620 themimeres.
611 2586 707 2619 Sunt
732 2583 831 2620 enim
861 2584 940 2620 haec
961 2584 1026 2620 ad-

323 2637 462 2687 jectiva
482 2637 527 2672 ad
551 2638 630 2683 τομὴ
656 2636 692 2672 id
713 2645 769 2673 est
786 2639 1025 2685 πενθημιμερῆς,

329 2691 556 2739 ἑφθημιμερὴς,
578 2690 712 2738 quibus
725 2690 826 2726 fuere
838 2690 897 2738 qui
913 2698 949 2725 et
963 2706 1027 2737 τρι-

330 2746 483 2790 θημιμερῆ
497 2743 689 2786 adderent,
704 2756 788 2779 cum
810 2751 894 2792 post
913 2755 1025 2778 unum

329 2796 462 2846 pedem
509 2795 646 2845 syllaba
679 2803 818 2844 partem
852 2794 1027 2831 orationis

330 2850 464 2891 finiret,
479 2857 520 2884 ut
542 2851 655 2884 Arma
675 2850 790 2884 virum
810 2857 847 2883 et
865 2849 1024 2884 Italiam.

329 2902 381 2938 Et
419 2902 487 2938 hac
527 2901 668 2937 ratione
704 2901 912 2938 scribentur
950 2901 1027 2937 haec

1100 2154 1116 2173 θ
1136 2146 1472 2192 Penthemiineres]
1497 2147 1779 2184 Penthememe-

538 2197 554 2224 f
571 2199 809 2246 determinat]
832 2199 1103 2235 determinatur
1123 2200 1162 2235 P.
1204 2200 1290 2235 Hoc
1311 2200 1341 2234 si
1363 2198 1491 2241 mavis,
1514 2212 1650 2248 repone
1671 2213 1782 2249 supra

639 2258 661 2286 g
680 2252 842 2301 semper]
865 2251 1023 2301 semipes
1045 2252 1084 2287 P.

831 2303 838 2325 ³
860 2304 1002 2354 adijcit]
1026 2303 1139 2340 adicit
1158 2305 1197 2340 P.

1159 2250 1179 2277 ¹¹
1199 2253 1417 2302 ἑφθημιμερῆ]
1443 2251 1716 2301 eptimimerem
1738 2254 1779 2288 P.

1293 2302 1313 2329 k
1334 2307 1572 2354 quacunque]
1599 2318 1779 2355 quacum-

1084 2426 1238 2462 nomina
1251 2439 1317 2476 per
1337 2439 1382 2469 es,
1400 2435 1439 2462 ut
1455 2427 1683 2474 philaletkeS,
1697 2429 1779 2476 phi-

1084 2481 1277 2528 lopseucles,
1307 2479 1425 2515 visum
1454 2487 1580 2516 tamen
1610 2490 1667 2517 est
1698 2481 1779 2530 qui-

1082 2532 1237 2568 busdam
1253 2546 1361 2582 posse
1376 2532 1544 2581 usurpari
1559 2541 1596 2569 et
1609 2534 1781 2570 substan-

1082 2585 1164 2628 tive,
1187 2585 1362 2634 quoniam
1393 2594 1490 2622 esset
1507 2587 1605 2634 μερὶς,
1626 2594 1665 2622 ut
1678 2588 1781 2623 fieret

1082 2641 1302 2686 πενθημίμερις
1338 2640 1560 2687 ἑφθημῖμερις,
1601 2639 1701 2687 quod
1740 2648 1781 2676 ut

1084 2703 1158 2726 non
1191 2704 1338 2740 prorsus
1365 2691 1503 2741 rejicio,
1538 2690 1589 2727 ita
1619 2691 1778 2740 priorem

1082 2756 1190 2779 usum
1230 2743 1326 2780 verbi
1359 2743 1533 2780 tutiorem
1568 2756 1647 2780 esse
1677 2743 1778 2790 judi-

1083 2808 1139 2831 co.
1170 2797 1365 2832 CAMER.
1400 2809 1429 2832 V.
1452 2798 1606 2832 Santen.
1627 2797 1671 2832 ad
1691 2798 1777 2833 Ter.

1082 2848 1205 2884 Maur.
1225 2863 1258 2898 p.
1280 2851 1366 2886 260.
1397 2848 1704 2886 Penthemimeris
1720 2850 1777 2886 ed.

1083 2902 1189 2937 Cam.
