1962 3355
144 208 250 239 CAP.
272 204 315 240 2.
624 193 708 239 De
732 192 992 255 Daetylico
1016 200 1179 239 metro.
1534 202 1597 249 99

141 314 208 361 Et
232 313 357 377 apud
382 322 613 372 nostrum,

146 388 506 454 Conciliumque
529 397 665 437 vocat
689 399 710 429 g
724 390 882 437 divum
900 398 1047 453 pater
1071 396 1214 454 atque
1232 388 1471 434 hominum
1495 404 1596 434 rex.

140 465 222 522 Et,

142 541 308 604 Incipe
327 541 583 588 Maenalios
606 559 788 590 mecum
813 560 919 590 mea
943 542 1061 588 tibia
1084 559 1260 588 versus.

142 617 207 663 Et
243 617 508 680 appellatur
543 618 810 683 quadrupes
848 620 1139 679 δυοδεκάσημος
1171 616 1358 679 περίοδος,
1383 633 1438 661 eo
1472 614 1597 677 quod
1618 627 1658 662 38

141 701 365 756 quattuor
387 693 529 756 pedes
554 703 827 757 temporum
849 694 1119 750 duodecim,
1144 693 1306 756 hquasi
1332 710 1415 755 per
1433 692 1600 738 circui-

142 779 243 816 tum
274 769 509 832 quendam
537 780 845 828 recurrentes,
864 771 1118 817 contineat.
1158 770 1250 816 Sed
1270 769 1328 815 de
1350 769 1421 815 his
1445 770 1602 815 hacte-

143 864 244 892 nus.
328 846 554 910 Namque
592 865 652 893 ex
697 847 840 893 heroo
882 858 1034 895 metro
1075 865 1157 911 per
1198 845 1512 908 adjectionem
1554 854 1599 891 et
1621 862 1660 894 39

141 921 498 980 detractionem,
547 924 662 969 item
712 942 795 987 per
833 924 1218 971 immutationem
1262 932 1308 969 et
1348 921 1602 968 concinna-

142 998 321 1044 tionem
356 1016 527 1061 genera
558 1009 813 1046 metrorum
841 1009 1116 1064 propagata,
1141 998 1371 1061 quibusve
1397 997 1601 1042 vocabu-

144 1074 200 1120 lis
237 1084 511 1139 nuncupata
547 1084 672 1133 sunt,
708 1076 915 1122 decursis
953 1075 1200 1138 speciebus
1236 1072 1518 1137 prototypis‚
1543 1072 1602 1118 de

143 1151 316 1213 quibus
353 1168 479 1197 nunc
516 1169 670 1198 sermo
699 1162 782 1209 est,
807 1170 1162 1216 persequemur,
1188 1168 1283 1213 quo
1308 1150 1491 1196 facilius
1528 1167 1602 1196 ce-

143 1236 258 1282 tera,
281 1227 493 1274 enodatis
519 1237 660 1290 atque
690 1228 970 1274 illuminatis
1007 1227 1364 1291 principalibus,
1393 1225 1603 1272 iintelle-

144 1311 343 1366 gantur:
380 1321 467 1350 nec
492 1312 652 1350 tamen
678 1305 854 1362 omnia,
879 1321 1081 1367 quorum
1109 1303 1321 1348 infinitus
1347 1311 1490 1364 atque
1517 1301 1604 1346 im-

145 1396 336 1425 mensus
361 1388 432 1425 est
455 1397 698 1436 numerus,
719 1381 868 1426 ausim
895 1380 1186 1444 promittere,
1211 1378 1288 1424 sed
1316 1395 1423 1439 quae
1450 1377 1605 1441 potior

145 1455 437 1503 kauctoritas
487 1457 734 1521 adprobat,
771 1458 843 1504 vel
891 1457 1112 1519 frequens
1168 1473 1276 1502 usus
1324 1453 1604 1501 celebrando

144 1533 465 1580 commendat.

211 1609 406 1655 Heroici
454 1627 615 1657 versus
657 1611 918 1657 hexametri
961 1610 1063 1657 cola
1104 1628 1185 1656 seu
1224 1617 1478 1662 commata,
1515 1607 1604 1654 alia
1624 1625 1665 1652 40

144 1694 255 1732 sunt
291 1688 364 1745 (ut
399 1687 554 1732 Graeci
591 1687 776 1747 dicunt)
815 1688 998 1751 ἇρκτικὰ,
1037 1688 1126 1733 alia
1166 1687 1325 1742 τελικὰ,
1362 1685 1450 1731 alia
1484 1683 1602 1731 κοινά.

144 1762 188 1808 Ε
223 1762 356 1825 lquis
397 1762 487 1808 alia
528 1762 689 1819 initiis,
732 1763 822 1809 alia
862 1762 1085 1809 clausulis
1126 1779 1346 1808 versuum
1389 1777 1604 1806 connexa

143 1838 445 1902 respondent,
470 1856 585 1900 quas
620 1847 651 1866 ¹¹¹
663 1839 998 1902 partiunculas,
1025 1839 1061 1884 si
1089 1855 1280 1884 necesse
1312 1836 1387 1892 sit,
1414 1844 1434 1864 ¹¹
1452 1835 1600 1882 ausim

143 1913 298 1960 dicere
323 1914 539 1968 initiales,
560 1923 607 1960 et
632 1916 796 1961 finales
823 1933 903 1961 seu
930 1915 1282 1969 novissimales3
1321 1929 1603 1959 communes

145 1999 301 2036 autem
330 1991 441 2052 quia
466 2000 512 2036 et
549 1990 685 2037 initio
709 2001 755 2038 et
781 1992 862 2037 fini
901 1993 1122 2038 societate
1155 1999 1438 2054 congruunt.
1509 1989 1604 2051 Igi-
1623 2006 1659 2033 41

147 2075 223 2114 tur
246 2075 546 2113 tetrametrus
570 2085 729 2114 versus
757 2069 926 2115 herous
952 2069 1144 2115 initialis
1168 2070 1256 2114 erit
1279 2067 1398 2122 talis,

415 2144 677 2208 Odrysium
705 2144 924 2191 Martem
950 2162 1064 2191 cane
1089 2145 1286 2191 barhite.

145 2232 324 2279 Finalis
350 2250 432 2280 seu
457 2232 787 2289 novissimafis,
1620 2242 1661 2271 4²

415 2309 626 2373 Odrysio
652 2309 762 2373 lyra
787 2310 998 2356 carmine
1023 2315 1201 2355 cantat.

146 2385 430 2432 Communis
456 2395 632 2441 autem,

407 2470 427 2491 ⁰
442 2462 720 2510 Men-sorem
745 2463 960 2510 cohibent
982 2463 1219 2526 Archyta.

141 2539 405 2586 Trimetrus
431 2540 642 2598 initialis,
1619 2546 1658 2576 43

408 2615 489 2662 Sic
512 2622 558 2662 te
582 2616 691 2663 diva
712 2623 880 2678 potens
909 2616 1074 2680 Cypri.

197 2779 218 2808 g
237 2772 379 2822 divum]
404 2773 466 2811 difi
487 2775 526 2810 P.
635 2772 655 2800 h
675 2775 796 2823 quasi]
820 2773 954 2823 quibus
975 2774 1016 2810 P.
1126 2771 1137 2798 i
1156 2771 1431 2822 intelligantur]
1457 2769 1600 2806 intelle-

145 2834 279 2875 gantur
298 2828 338 2863 Ρ.
449 2826 470 2853 k
490 2827 694 2864 authoritas
713 2829 913 2877 approbat]
939 2825 1140 2863 auctoritas
1161 2826 1340 2875 adprobat
1363 2825 1400 2860 P.
1491 2821 1500 2848 l
1521 2823 1600 2870 qui-

147 2880 231 2926 bus]
255 2880 337 2928 quis
358 2881 400 2916 P.
511 2888 541 2907 Π]
562 2880 779 2931 particulas]
806 2880 1055 2930 partiunculas
1076 2880 1115 2915 P.
1241 2885 1260 2904 Π
1281 2877 1415 2923 ausim]
1440 2874 1535 2911 usim
1558 2875 1598 2910 P.

147 2939 165 2958 ⁰
184 2933 628 2982 Mensorem—Archita]
654 2934 1082 2982 Messorem—Archyta
1103 2933 1143 2968 P.

823 3012 854 3041 Ο
882 3007 908 3042 2
