1962 3355
127 197 232 228 CAP.
259 192 303 228 4.
609 182 691 228 De
720 181 1099 245 Ortlzographia.
1519 192 1577 242 27

124 320 231 367 quae
261 320 388 349 nunc
414 321 439 349 a
463 302 598 348 nobis
634 302 852 349 scribitur
883 302 1151 365 adspirandi
1188 319 1352 348 vocem
1391 304 1582 349 obtinu-

122 380 228 436 isse,
253 389 299 425 et
334 398 360 426 a
384 380 554 426 nostris
589 388 817 425 retentam
854 388 1047 442 propter
1084 379 1332 442 peregrina
1372 382 1581 438 nomina,

123 473 250 502 nunc
291 456 403 519 poni
445 465 491 501 et
533 464 641 501 ante
676 455 859 500 vocales
895 463 942 500 et
984 455 1126 516 juxta
1162 472 1199 511 c,
1241 465 1288 501 et
1325 462 1359 511 t,
1398 464 1444 500 et
1470 473 1521 517 p,
1558 473 1583 502 c

124 541 282 577 autem
337 542 384 578 et
431 550 604 578 nomen
655 531 876 577 habuisse
924 549 962 594 g
1000 539 1047 575 et
1097 548 1232 576 usum
1295 531 1581 594 praestitisse,

123 607 300 669 mquod
326 625 450 654 nunc
480 607 629 654 Caius
660 624 744 670 per
768 623 805 663 c,
829 614 876 652 et
907 615 928 634 ¹¹
951 607 1130 652 Cneius
1161 624 1243 669 per
1268 624 1339 664 cn,
1364 607 1580 669 quamvis

122 683 367 745 utriusque
393 684 585 746 syllabae
611 700 752 729 sonus
773 700 810 746 g
834 683 1084 746 exprimat,
1119 684 1401 729 scribuntur.

188 759 350 822 ‘'Ergo
372 768 419 805 et
442 760 531 806 alia
555 768 779 823 praeterea
799 761 857 804 ad
877 759 960 804 has
986 759 1162 806 litteras
1182 759 1482 822 pertinentia.
1522 760 1577 806 In
1604 786 1659 807 101

123 835 324 897 deffi'udo
341 835 524 898 apicem
546 835 763 881 secundae
784 835 976 898 syllabae
995 835 1239 900 imponere
1259 836 1576 892 debetis,nam

122 929 149 957 a
168 911 452 958 defervendo
471 922 519 958 et.
537 911 844 974 decoquendo
873 913 924 958 fit
953 913 1047 957 tale
1071 913 1196 975 quod
1223 912 1511 966 defrudetur,
1532 911 1577 957 id

121 998 206 1042 est,
232 989 473 1035 fraudetur
497 998 686 1035 coctura
712 998 758 1035 et
783 988 1036 1035 minuatur.
1107 989 1334 1036 Vocalem
1371 989 1576 1035 litteram
1602 1012 1659 1032 102

122 1065 138 1110 z'
171 1082 256 1127 pro
283 1065 561 1111 consonanti
601 1065 836 1122 accedere,
861 1065 1167 1111 manifestum
1196 1074 1268 1111 est
1300 1065 1350 1111 in
1385 1065 1458 1110 his
1497 1082 1580 1110 no-

121 1141 346 1198 minibus,
385 1141 531 1197 Jane,
557 1141 739 1205 jecore,
780 1141 909 1197 Jovz‘,
950 1142 1231 1205 pjuczmdo:
1303 1158 1388 1205 pro
1428 1141 1576 1187 vocali

121 1226 277 1264 autem
306 1218 429 1263 valet
465 1217 676 1278 subjecta
708 1218 1094 1273 consonantibus,
1119 1227 1165 1263 et
1190 1218 1302 1263 facit
1324 1234 1451 1263 nune
1477 1218 1580 1262 bre-

120 1311 225 1340 vem
265 1293 494 1356 syllabam
533 1311 659 1339 nunc
697 1294 904 1356 longam,
939 1302 990 1339 ut
1030 1293 1159 1348 bibit,
1192 1294 1337 1357 biga.-
1374 1302 1419 1338 et
1447 1293 1578 1347 citat,

120 1371 268 1417 civis.-
306 1370 421 1426 dies,
448 1369 577 1416 dicit.
648 1369 749 1415 Sibi
777 1378 933 1415 autem
962 1369 1062 1433 ipsa
1089 1369 1392 1432 subjungitur
1417 1369 1462 1414 in
1491 1368 1579 1425 his,

119 1456 172 1493 ut
197 1446 344 1510 qag'jo,
374 1446 552 1510 Troija,
579 1446 766 1509 Gaffus,
785 1445 953 1509 Ag'jaoe.
1012 1445 1250 1491 Adverbia
1276 1463 1384 1491 cum
1411 1462 1442 1491 n
1466 1445 1579 1491 scri·
1602 1466 1659 1495 103

119 1522 288 1579 benda,
313 1524 543 1586 quotienS,
569 1523 769 1577 deciens,
795 1523 982 1577 totiens,
1008 1531 1054 1567 et
1085 1522 1257 1568 similia
1295 1539 1376 1585 per
1411 1539 1580 1567 nume.-

119 1616 254 1653 rum;
305 1599 638 1655 Athenienses,
687 1598 1091 1654 Mediolanenses,
1133 1597 1578 1662 Carthaginienses,

119 1683 166 1720 et
191 1675 392 1729 similia3
430 1684 508 1721 rat
533 1693 778 1739 aquosum,
798 1675 1096 1730 harenosum,
1122 1685 1168 1721 et
1201 1675 1372 1721 similia
1407 1674 1506 1720 sine
1530 1691 1575 1720 n.

118 1751 272 1798 Coma
314 1753 461 1799 incisa
502 1771 595 1799 non
640 1753 857 1800 coesaries
896 1752 976 1798 sed
1020 1752 1227 1798 cesaries
1267 1762 1336 1797 est
1378 1769 1403 1796 a
1445 1768 1577 1797 coma
1601 1773 1660 1801 104

119 1837 282 1875 scoesa.
354 1829 419 1875 Et
451 1829 499 1875 in
529 1847 585 1875 eo
611 1829 736 1891 quod
764 1838 835 1875 est
860 1846 1024 1874 amans
1051 1827 1342 1888 tadjicienda
1367 1836 1436 1872 est
1461 1827 1478 1872 ri
1502 1827 1577 1872 lit-

117 1915 216 1952 tera
240 1906 287 1951 in
325 1906 535 1969 genitivo
564 1906 751 1969 plurali,
777 1905 811 1950 si
839 1904 1028 1967 quando
1061 1914 1170 1950 sunt
1206 1904 1469 1967 participia,
1497 1913 1577 1949 aut

118 1999 175 2028 ex
200 1982 458 2045 participiis
485 1983 712 2044 figurata:
749 1999 806 2027 ex
838 1981 1112 2027 nominibus
1139 1991 1295 2027 autem
1324 1998 1576 2043 nusquam,

117 2068 171 2104 ut
206 2064 333 2115 oetas,
369 2068 416 2104 et
456 2058 641 2104 similia.
729 2058 1138 2104 ulntermmdium
1176 2057 1478 2103 scribendum
1525 2067 1576 2103 ut
1599 2086 1655 2117 105

117 2134 432 2181 interlunium
451 2143 498 2180 et
523 2134 797 2180 trinoctium
816 2153 831 2179 .·
869 2134 933 2180 ita
958 2133 1386 2189 inte7·7mndiniunz,
1407 2133 1574 2197 unod

118 2229 289 2258 novem
315 2211 414 2258 dies
440 2211 562 2257 inter
585 2229 633 2257 se
657 2211 907 2257 continuos
943 2211 1129 2265 habeat,
1154 2227 1247 2255 non
1283 2209 1410 2272 quod
1452 2227 1575 2256 nono

117 2288 192 2335 die
229 2288 303 2335 sit.
371 2288 487 2335 Non
523 2298 593 2335 est
618 2288 795 2346 cloaca,
822 2297 875 2335 ut
905 2286 1098 2352 putatis,
1124 2286 1203 2332 sed
1231 2286 1414 2342 clnaca,
1440 2286 1572 2349 quasi

119 2366 364 2413 conluaca.
441 2365 677 2430 Contagio
703 2365 827 2429 apud
854 2381 1018 2411 omnes
1056 2363 1150 2409 fere
1185 2372 1364 2409 veteres
1400 2363 1573 2426 scripta
1597 2382 1656 2414 106

170 2527 201 2547 m
221 2521 321 2570 quod
342 2534 443 2557 nunc
464 2521 594 2567 Caius]
619 2532 691 2569 qua
710 2532 809 2556 nunc
831 2518 946 2555 Gaius
968 2517 1009 2554 P.
1152 2524 1171 2543 n
1191 2525 1229 2553 et
1249 2516 1389 2554 Cneius
1409 2529 1474 2566 per
1493 2529 1511 2551 c:
1531 2517 1569 2562 n]

116 2581 154 2610 et
174 2587 228 2611 cn
250 2574 389 2610 cneius
410 2574 454 2610 P.
611 2580 629 2599 o
650 2573 726 2619 Ital
751 2574 853 2622 Ergo
874 2573 913 2608 P.
1104 2577 1122 2605 P
1137 2570 1325 2620 jucundo]
1342 2569 1510 2617 jocundo
1531 2570 1570 2605 P.

115 2634 135 2661 q
156 2626 240 2676 aijo,
256 2626 396 2677 Troija,
415 2626 557 2677 Gaijus,
578 2625 701 2674 Aijax]
726 2627 797 2670 aio,
813 2625 939 2667 Troia,
961 2623 1093 2666 Gaius,
1111 2625 1203 2674 Ajax
1225 2624 1268 2660 P.
1478 2630 1494 2649 ¹·
1512 2623 1567 2670 at]

115 2687 157 2716 ut
178 2681 219 2716 P.
331 2687 346 2706 s
365 2681 467 2726 cesa]
490 2693 586 2716 caesa
605 2680 644 2716 P.
766 2680 782 2706 t
800 2678 1022 2729 adjicienda]
1048 2676 1239 2714 adicienda
1260 2677 1298 2713 P.
1411 2683 1430 2701 u
1450 2677 1569 2712 Inter-

116 2732 317 2781 nundium]
340 2732 663 2770 internundinium
684 2733 725 2769 P.
837 2739 865 2757 w
885 2731 1001 2781 quod]
1024 2729 1085 2780 qui
1108 2730 1154 2767 P.

174 2863 259 2898 104.
291 2852 410 2888 Coma
440 2850 554 2888 incisa
582 2865 656 2889 non
683 2853 858 2888 censaries
886 2850 950 2887 sed
976 2850 1136 2886 caesaries
1156 2861 1176 2884 a
1195 2860 1303 2884 coma
1321 2858 1426 2883 caesa.
1485 2847 1567 2881 CA-

116 2903 248 2940 MER.

803 2981 832 3012 E
858 2976 884 3011 2
