1962 3355
114 207 220 238 CAP.
251 201 323 236 11.
680 190 764 234 De
788 188 1015 234 Pedibus.
1504 196 1561 233 55

113 312 407 376 rhythmiam
428 329 436 356 :
475 319 527 355 ut
551 319 582 338 ¹¹¹
598 310 930 372 intellegamus
957 316 977 336 ¹¹
994 316 1040 352 et
1065 307 1110 352 in
1138 307 1237 369 ipsa
1256 306 1565 352 concursione

114 399 381 452 temporum
408 404 501 432 non
526 386 766 431 fortuitam
795 383 875 430 sed
900 391 1074 429 certam
1097 399 1196 428 esse
1215 381 1530 445 disciplinam.

500 517 639 568 CAP.
672 516 770 568 XI.
819 516 905 566 De
934 514 1181 565 Pedibus.

184 619 269 663 Pes
295 624 366 662 est
389 625 544 662 certus
579 615 747 661 modus
781 615 1085 678 syllabarum,
1111 629 1205 674 quo
1240 611 1569 674 cognoscimus

118 693 261 739 totius
287 692 424 737 metri
462 691 684 755 speciem,
710 690 1000 753 compositus
1027 689 1072 734 in
1107 688 1372 734 sublatione
1404 696 1450 733 et
1488 704 1572 750 po-

119 769 313 814 sitione:
340 770 459 813 fiunt
478 767 603 812 enim
626 783 682 812 ex
703 766 893 829 syllabis
913 765 1055 828 pedes
1076 764 1239 809 ordine
1259 764 1573 809 incremento-

118 862 241 900 rum,
267 860 407 905 quem
436 842 589 889 Graeci
615 841 873 904 syllabicen
904 840 1187 904 parauxesin
1222 848 1418 885 vocant:
1456 839 1569 885 item

120 930 408 984 temporum,
431 928 607 982 ⁰quem
638 918 790 964 Graeci
818 917 1074 963 chronicon
1110 916 1390 980 parauxesin
1420 915 1574 960 nomi-

120 1006 249 1042 nant.
320 996 616 1058 Syllabarum
660 1004 818 1040 autem
857 994 1151 1039 incrementa
1187 994 1309 1037 fiunt
1346 991 1609 1053 quinque,2

123 1071 396 1134 incipientia
444 1089 469 1116 a
516 1070 792 1133 Pdisyllabis
844 1088 993 1132 usque
1035 1069 1092 1115 ad
1140 1067 1571 1130 ‘lhexasyllabumz

122 1156 391 1208 temporum
433 1162 542 1190 vero
582 1145 871 1190 incrementa
914 1162 939 1189 a
985 1143 1171 1189 duobus
1218 1142 1274 1188 ad
1321 1141 1572 1188 duodecim

123 1221 399 1284 procedunt,
436 1220 480 1265 id
519 1228 603 1275 est,
638 1237 662 1264 a
698 1219 879 1264 disemo
911 1219 967 1265 ad
1004 1219 1420 1265 duodecasemum,
1489 1216 1576 1262 Et-
1593 1233 1612 1262 3

122 1297 248 1342 enim
283 1295 575 1359 cognationis
609 1304 656 1340 et
684 1294 929 1355 cujusdam
969 1295 1026 1340 ad
1062 1302 1373 1358 augmentum
1410 1310 1578 1356 propa-

124 1373 340 1436 gationis,
364 1390 455 1434 qua
493 1371 634 1434 pedes
675 1371 975 1434 multiplicati
1015 1379 1276 1416 noscuntur
1299 1368 1389 1415 orti
1415 1386 1440 1414 a
1465 1376 1482 1397 r
1506 1368 1578 1414 di-

124 1448 316 1513 syllabis
342 1456 578 1510 quattuor,
602 1448 721 1493 ratio
754 1448 860 1493 talis
896 1456 977 1493 est,
1049 1447 1257 1511 Syllaba,
1282 1463 1387 1508 quae
1413 1444 1468 1491 ad
1507 1444 1576 1490 in-
1596 1464 1615 1490 4

125 1533 419 1571 crementum
456 1523 634 1587 pedum
658 1523 920 1586 Sadjicitur,
947 1531 1027 1569 aut
1062 1524 1204 1586 longa
1241 1531 1328 1579 est,
1354 1531 1435 1568 aut
1474 1521 1578 1567 bre-

124 1601 219 1646 vis:
258 1599 398 1661 hujus
431 1599 694 1661 adjectione
727 1599 789 1645 ita
821 1616 1045 1645 numerus
1077 1598 1428 1662 propagabitur.
1499 1596 1578 1643 Sic
1598 1616 1615 1647 5

125 1676 451 1739 tPyrrhichius
484 1693 509 1721 e
531 1675 714 1720 duabus
749 1674 984 1731 brevibus,
1016 1675 1144 1721 hunc
1181 1674 1356 1720 brevisu
1391 1673 1581 1719 Tribra-

126 1753 288 1809 chum,
325 1753 466 1815 longa
507 1752 771 1816 Dactylum
813 1761 893 1798 aut
929 1752 1242 1815 Anapaestum
1290 1750 1417 1796 facit.
1502 1749 1620 1795 Sic6

127 1828 376 1891 Spondeus
397 1846 421 1874 e
446 1828 628 1874 duabus
653 1828 821 1890 longis,
848 1828 975 1874 hunc
1001 1828 1151 1873 brevis
1173 1825 1579 1872 Palimbacchium

129 1923 208 1950 seu
234 1904 519 1961 Bacchium,
546 1904 594 1950 in
624 1904 778 1967 prima
811 1903 918 1950 sede
946 1903 1100 1966 posita
1138 1904 1276 1965 longa
1313 1901 1580 1948 Molossum

129 1980 294 2026 reddit.
366 1980 476 2032 Quo
509 1997 678 2042 genere
704 1980 934 2043 trisyllabi
961 1989 1006 2025 et
1032 1977 1323 2042 tetrasyllabi
1350 1994 1499 2039 usque
1525 1975 1583 2022 ad
1606 1990 1622 2023 7

133 2056 460 2119 hexasyllabos
499 2055 821 2101 additamento
857 2065 1127 2118 temporum
1165 2062 1508 2118 processerunt,
1533 2061 1586 2098 ut

129 2132 310 2178 dictum
337 2140 408 2177 est
433 2149 458 2176 a
482 2131 664 2177 disemo
701 2132 758 2177 ad
797 2131 1215 2187 duodecasemum,
1241 2148 1322 2176 seu
1348 2148 1373 2176 a
1397 2129 1587 2175 dichro-

130 2226 193 2254 no
212 2208 268 2254 ad
295 2207 759 2253 duodecachronum.
818 2213 1026 2268 ΨΣημεῒον
1046 2217 1203 2253 autem
1230 2215 1409 2252 veteres
1439 2205 1586 2268 χρόνον,
1606 2221 1625 2251 8

130 2284 176 2330 id
203 2292 272 2329 est
298 2290 494 2345 tempus,
522 2301 614 2329 non
642 2283 842 2330 absurde
860 2283 1097 2340 dixerunt,
1122 2300 1180 2328 ex
1205 2300 1276 2338 eo,
1301 2281 1428 2344 quod
1454 2281 1587 2344 signa

132 2360 347 2422 quaedam
383 2370 682 2418 accentuum,
708 2378 814 2422 quae
842 2361 995 2407 Graeci
1032 2359 1251 2423 προσωὸίας
1274 2367 1459 2416 vocant,
1494 2359 1589 2422 syl—

133 2437 248 2483 labis
281 2438 338 2483 ad
374 2437 652 2484 declaranda
689 2447 961 2501 temporum
999 2436 1149 2500 spatia
1188 2444 1589 2499 superponuntur,

134 2513 256 2560 unde
295 2523 509 2576 tempora
545 2515 689 2578 signa
725 2514 880 2561 Graeci
917 2513 1192 2559 Xdixerunt.
1264 2511 1357 2557 Sed
1396 2520 1442 2557 et
1484 2511 1627 2567 hoc,9

186 2653 217 2672 m
238 2644 506 2694 intelligamus]
530 2644 793 2695 intellegamus
814 2647 854 2682 P.
1011 2651 1031 2670 n
1051 2652 1088 2680 et
1109 2643 1165 2690 in]
1189 2643 1224 2679 in
1247 2657 1362 2693 marg.
1383 2656 1403 2678 a
1423 2656 1458 2692 p.
1477 2656 1526 2678 m.
1547 2642 1588 2677 P.

132 2706 151 2725 ⁰
170 2698 300 2748 quarn]
323 2710 432 2746 quem
454 2699 493 2734 P.
650 2706 669 2734 P
689 2697 916 2745 dissyllabis]
942 2697 1142 2747 disyllabos
1166 2698 1203 2732 P.
1341 2703 1361 2730 q
1381 2695 1589 2744 hexasylla-

134 2753 242 2800 bum]
267 2751 514 2800 exasyllabum
537 2752 577 2787 P.
687 2759 702 2777 ¹·
722 2751 928 2801 dissyllabis
950 2751 1125 2799 quatuor]
1149 2749 1335 2799 disyllabis
1356 2757 1530 2799 quattuor
1550 2749 1589 2782 P.

135 2812 149 2830 s
170 2803 358 2854 adjicitur]
381 2803 536 2840 adicitur
555 2805 594 2840 P.
719 2804 733 2830 ἵ
752 2804 977 2853 Pyrrichius]
1001 2803 1217 2852 Pyrricheus
1237 2804 1276 2838 P.
1400 2808 1421 2827 u
1440 2800 1590 2836 'l'ribra-

135 2858 265 2904 chum]
289 2856 519 2907 Tribrachyn
542 2857 586 2894 P.
715 2865 742 2883 w
762 2858 908 2905 σημεῖον]
933 2873 1045 2903 σημιον
1066 2858 1105 2892 Ρ.
1233 2863 1253 2881 x
1273 2854 1457 2901 dixerant]
1488 2852 1590 2888 (lixe-

137 2918 222 2946 runt
242 2911 283 2947 P.
