1962 3355
348 188 444 236 290
906 177 1067 224 Marii
1089 176 1247 224 Plotia·

349 298 580 362 exemplis
619 298 911 345 docebimus,
979 298 1170 345 Cadunt
1204 306 1366 344 tamen
1404 296 1484 342 bin
1525 296 1614 342 hoc
1650 305 1800 343 metro

350 385 395 422 et
431 375 599 439 hippii,
630 375 678 422 id
714 386 784 422 est
818 375 1010 439 epitriti,
1041 384 1088 421 et
1123 374 1281 430 ionici,
1317 382 1365 419 et
1395 372 1721 430 choriambici,
1755 382 1803 419 et

350 451 551 499 bacchii.

316 629 332 650 2
473 600 557 646 De
579 600 780 646 dimetro
805 596 1114 659 antispastico
1139 595 1406 642 acatalecto
1439 595 1683 660 Glyconio.

417 697 800 758 AutispastI'cam
825 694 1142 741 acatal-ectum
1161 695 1415 742 dimetrum
1446 695 1730 759 Glyconium
1750 696 1805 741 fit

353 773 579 837 spondeo,
604 773 790 819 duobus
815 771 1084 835 trisyllabiS,
1109 770 1314 835 dactylo,
1339 781 1386 818 et
1410 772 1751 836 amphimacro,

749 847 896 910 κάπρος
920 847 1020 909 ἡνίχ’
1047 850 1063 893 ὁ
1087 846 1295 908 μαινόλης.

752 925 827 965 Sic
846 930 882 964 te
902 924 1001 964 diva
1015 929 1164 978 potens
1187 924 1223 964 C
1218 925 1333 979 gypri.

355 997 468 1044 Hoc
493 997 672 1043 cdiffert
697 1015 722 1043 a
747 997 984 1060 Glyconio
1009 994 1214 1058 dactylo,
1239 995 1365 1058 quod
1398 995 1530 1051 illud,
1554 996 1676 1041 sicut
1700 1004 1809 1041 ante

355 1073 566 1131 tractavi,
591 1072 803 1136 spondeo
828 1081 1013 1118 constat
1037 1080 1084 1117 et
1107 1071 1294 1118 duobus
1319 1071 1547 1135 dactylis,
1585 1072 1676 1118 hoc
1699 1088 1809 1116 vero

356 1149 567 1213 spondeo
590 1148 844 1212 trisyllabis
869 1148 1176 1210 quibuslibet.
1226 1149 1387 1195 Potest
1411 1159 1572 1194 tamen
1597 1157 1644 1194 et
1669 1165 1811 1211 spon-

355 1225 444 1272 deo
469 1235 515 1272 et
539 1225 815 1272 choriambo
839 1242 1116 1287 percussum
1146 1226 1298 1273 facere
1336 1234 1540 1272 metrum
1567 1224 1811 1288 Asclepia-

355 1303 514 1360 deum,
539 1303 662 1348 sicut
686 1312 793 1348 ante
818 1301 973 1347 docui.

641 1368 715 1408 Sic
736 1373 773 1407 te
792 1368 892 1407 dica
909 1374 1053 1422 potens
1077 1368 1226 1422 Cypri.

318 1536 337 1566 3
523 1522 607 1568 De
624 1522 1041 1585 penthemimerico
1066 1521 1336 1568 doclzmz'aco
1360 1520 1646 1583 AEsclzyleo.

422 1610 813 1672 Antispastz'cam
841 1609 1319 1671 penthemimericum
1355 1607 1680 1654 clochmiaeum
1708 1606 1814 1652 AE-

356 1686 597 1750 schyleum
622 1688 676 1731 fit
699 1686 974 1748 antispastO,
1004 1685 1167 1748 hippio
1193 1683 1413 1741 secundo,
1437 1693 1484 1730 et
1508 1683 1756 1747 disyllabo.

645 1762 727 1809 Qui
744 1767 916 1801 sonante
939 1767 974 1801 te
994 1760 1012 1787 d
1027 1762 1161 1816 coegit
1181 1761 1296 1800 dare.

482 1917 565 1963 De
589 1916 857 1963 dochmiaco
881 1917 1100 1962 trimetro
1125 1915 1404 1962 catalectico
1431 1914 1694 1978 Ezcripz'dio

943 1993 1226 2055 antispasto.

319 1944 340 1973 ᾧ

424 2099 809 2161 Anti.s])asticum
845 2098 1169 2145 dochmiacnm
1195 2098 1505 2160 Earipidiam
1541 2099 1816 2144 trimetrum

359 2174 693 2221 catalecticum
719 2175 772 2219 fit
795 2174 1072 2236 antispasto,
1095 2174 1371 2231 ditrochaeo,
1395 2174 1735 2237 amphimacro

646 2250 825 2289 Decreta
845 2250 990 2290 Musis
1010 2264 1160 2290 corona
1172 2249 1356 2304 pulchra
1377 2263 1462 2288 nos.

324 2422 340 2451 5
463 2389 544 2434 De
567 2387 1013 2450 heplzthemimerico
1038 2388 1349 2450 antispastico
1374 2386 1705 2433 Pherecratio.

427 2487 811 2550 Autispasticam
845 2486 1342 2548 hephtlzemimericam
1367 2486 1738 2532 Pherecrat‘ium
1764 2487 1819 2533 fit

364 2565 531 2628 hippio
556 2572 736 2626 quarto,
772 2563 937 2627 hippio
974 2563 1143 2626 primo,
1167 2561 1385 2626 ddhippio
1419 2563 1571 2617 tertio,
1608 2563 1818 2626 spondeo

363 2643 435 2689 vel
461 2641 683 2694 trochaeo,

477 2723 606 2763 Nunc
626 2728 663 2762 te
684 2721 844 2762 Bacche
862 2734 1024 2769 canam,
1046 2734 1118 2760 ozee
1138 2734 1220 2760 non
1241 2719 1455 2759 silvestria
1476 2725 1617 2760 tecum.

418 2844 439 2872 b
470 2851 504 2882 et
532 2847 569 2881 in
604 2844 669 2880 hoc
699 2849 812 2879 metro
848 2843 959 2890 hippiz
991 2842 1035 2878 L.
1172 2847 1188 2867 0
1219 2842 1340 2890 clzff'ert
1376 2843 1549 2889 Glyconio
1578 2841 1743 2887 dactylus
1772 2840 1817 2876 L.

366 2898 385 2926 d
407 2900 548 2949 coegit]
572 2899 666 2944 cogit
685 2897 729 2933 L.
857 2893 896 2921 dd
918 2894 1044 2932 Potius
1064 2897 1178 2930 ionico
1198 2908 1218 2930 a
1240 2894 1382 2941 majore.
