1962 3355
140 263 245 294 cAP.
264 256 310 294 3.
611 246 694 292 De
717 246 952 309 dactylico
975 252 1137 292 metro.
1495 253 1586 292 253

309 367 323 396 f
335 368 450 409 Cara
469 368 606 407 Deum
625 366 790 415 soboles,
811 380 1014 422 magnum
1034 367 1156 406 Jovis
1175 366 1484 405 incrementum.

138 441 347 493 Quartus
372 451 419 487 et
442 441 634 504 quintus
651 439 871 504 spondei,
894 439 1035 485 ceteri
1061 438 1253 502 dactyli,
1277 447 1344 493 ut,

309 522 529 562 Schemata
549 521 804 562 carminibus
824 520 952 560 cecini
973 528 991 557 g
1003 520 1144 560 isthaec
1166 519 1279 560 vobis
1296 518 1434 574 plane.

206 594 366 656 Hujus
403 595 555 649 metri,
581 594 627 640 id
660 603 731 640 est
769 593 961 649 heroici,
985 593 1182 639 virtutes
1215 602 1326 639 sunt
1361 602 1469 639 tres.
1538 592 1589 638 Si
1612 604 1649 634 18

136 671 270 722 ἄδετος
289 688 448 717 versus
472 671 626 728 fuerit,
645 671 690 717 id
715 681 785 717 est
804 670 903 716 sine
928 669 1277 731 conjunctione,
1302 678 1354 715 ut
1377 678 1447 715 est
1470 668 1590 716 illud

138 746 376 803 Graecum,

336 829 463 881 Μῆνιν
486 826 589 871 ἄειδε
615 826 681 872 θεὰ
703 824 944 882 Πηληῖαὸἔω
966 824 1174 886 Ἀχιλῆος.

138 897 250 945 Hoc
274 899 444 945 Latine
469 901 548 958 sic,

308 977 396 1016 Hic
416 978 578 1018 alienus
598 978 687 1018 ovis
705 983 840 1018 custos
860 978 922 1018 bis
941 977 1100 1032 mulget
1118 977 1165 1016 in
1185 977 1303 1017 hora.

136 1047 185 1093 Si
210 1047 349 1095 fuerit
375 1050 639 1104 tetracolos,
666 1049 711 1095 id
747 1059 819 1095 est
858 1050 893 1095 si
932 1057 1157 1111 quattuor
1187 1049 1340 1095 verbis
1375 1049 1449 1095 vel
1485 1048 1586 1111 qui-
1613 1068 1649 1098 ι9

136 1125 344 1170 buslibet
392 1127 604 1188 partibus
647 1126 870 1172 orationis
908 1125 1049 1171 fuerit
1090 1125 1283 1181 divisus,
1320 1124 1454 1186 cujus
1502 1125 1591 1170 vir-

135 1200 251 1246 tutis
301 1202 578 1263 exemplum
622 1201 851 1247 Latinum
904 1201 1071 1246 melius
1114 1201 1293 1246 lectum
1334 1209 1406 1246 est
1443 1218 1588 1263 quam

136 1277 379 1330 Graecum‚

305 1352 515 1392 Saltantz’s
534 1358 699 1408 satyros
719 1351 741 1380 h
757 1352 994 1392 imitabitur
1015 1351 1312 1406 Alphesiboeus.

135 1423 354 1471 Graecum
383 1425 464 1481 sic,
1612 1436 1650 1457 ²0

335 1500 504 1546 ἰΑἷδοῒον
525 1505 714 1557 βασιλῆα
738 1500 1002 1563 πολυχρύσοιο
1028 1501 1232 1557 Μυκήνης.

134 1575 226 1622 Sed
267 1588 368 1624 πολυ
405 1576 515 1623 fecit
556 1576 690 1622 illum
735 1576 866 1638 quasi
906 1576 1205 1640 pentacolon,
1241 1592 1352 1620 nam
1387 1576 1590 1637 πολυχρύ-

135 1675 216 1700 σοιο
252 1653 571 1716 compositum
608 1670 781 1699 nomen
819 1662 903 1699 est.
974 1653 1023 1699 Si
1050 1653 1192 1698 fuerit
1220 1651 1467 1714 rhopalius
1491 1669 1589 1698 ver·
1608 1674 1643 1694 αι

134 1746 227 1785 sus,
247 1729 327 1791 qui
349 1747 374 1775 a
395 1729 724 1792 monosyllabo
743 1730 885 1775 verbo
905 1729 1135 1792 incipiens
1154 1727 1387 1791 gradatim
1407 1728 1589 1785 crescit,

134 1816 180 1851 et
202 1805 382 1868 ῥόπαλον,
401 1805 447 1851 id
473 1814 544 1850 θεῖ
563 1804 785 1851 Herculis
809 1805 1007 1862 clavam,
1033 1805 1247 1851 imitatur
1271 1806 1330 1851 ab
1354 1804 1589 1866 kangusto

133 1891 181 1928 et
204 1882 334 1928 tenui
360 1881 409 1927 in
432 1881 731 1928 latitudinem
759 1880 992 1934 desinens,
1016 1890 1085 1937 ut,

332 1953 358 2003 :⁶2³⁴
381 1960 516 2019 μάκαρ
539 1957 726 2019 Ἀτρείδη
750 1957 975 2018 μοιρηγενὲς
1000 1955 1292 2015 Ῑὸλβιοῧαῒμον.

133 2033 361 2079 Latinum
400 2051 497 2080 non
532 2033 732 2096 repperi,
757 2032 835 2078 sed
874 2032 1030 2095 potuit
1065 2032 1199 2078 illum
1226 2032 1453 2094 Virgilius
1488 2050 1588 2077 ver-
1606 2054 1645 2075 22

133 2127 238 2156 sum
265 2110 406 2156 verba
431 2119 732 2156 commutans
758 2108 857 2154 sine
883 2126 1044 2154 sensus
1070 2107 1263 2154 laesione
1287 2108 1504 2163 formare,

306 2187 496 2233 Quarum
517 2186 765 2241 qzcaejbrma
776 2184 1066 2240 pulcherrima
1081 2184 1300 2239 Deiopeia‚

133 2269 182 2306 ut
207 2259 266 2306 sit
291 2259 373 2315 sic,

305 2336 407 2382 Quae
425 2349 606 2390 quarum
606 2335 732 2390 fitcie
744 2335 1032 2390 pulcherrima
1052 2335 1271 2391 Deiopeia.

198 2407 275 2453 De
302 2407 579 2454 hexametro
603 2408 793 2455 heroico
817 2416 864 2454 et
888 2408 988 2470 ejus
1023 2408 1348 2455 schematibus
1382 2407 1492 2454 satis
1518 2407 1584 2453 di·
1606 2425 1644 2456 23

131 2492 289 2528 ctum:
326 2501 452 2530 nunc
481 2483 540 2529 de
578 2483 853 2530 hexametro
891 2484 1107 2530 bucolico
1144 2484 1384 2547 paulisper
1419 2493 1587 2530 tracte-

131 2576 253 2604 mus.
326 2559 466 2611 Quod
506 2568 709 2605 metrum
754 2560 812 2605 ab
856 2559 1045 2606 heroico
1081 2560 1217 2606 mhoc
1253 2559 1420 2617 differt,
1458 2560 1583 2622 quod

131 2633 245 2680 illud
284 2634 428 2680 habet
466 2635 710 2682 schemata
749 2635 940 2699 triginta
977 2635 1086 2694 duo,
1126 2636 1215 2683 hoc
1256 2654 1365 2683 vero
1403 2636 1583 2682 decem.

182 2797 198 2824 f
214 2799 313 2845 cara]
337 2812 422 2835 rara
443 2799 488 2834 L.
609 2807 630 2834 g
649 2799 795 2848 isthaec]
820 2801 893 2836 lioec
912 2800 958 2836 L.
1080 2799 1099 2827 h
1120 2801 1342 2849 imitabitur]
1369 2802 1429 2838 Sic
1452 2802 1495 2837 L.
1519 2803 1582 2837 mi-

129 2852 273 2887 rabitur
296 2852 503 2888 Putschius.
726 2851 736 2879 i
755 2855 885 2901 αἰδοῖον]
909 2856 1057 2900 αιδεομαι
1080 2855 1123 2890 L.
1145 2855 1208 2903 qui
1229 2868 1312 2891 mox
1334 2857 1468 2902 ιοεὸροχῦ
1474 2854 1581 2902 fecit.

127 2902 147 2930 k
169 2906 346 2955 angusto]
372 2912 529 2954 augusto
552 2904 595 2941 L.
723 2904 733 2931 l
752 2907 969 2953 ὀλβιοδαῒμον]
992 2909 1175 2953 ολβιοδημον
1194 2907 1241 2944 L.
1369 2915 1399 2933 m
1419 2908 1490 2943 hoc
1511 2906 1582 2942 dif-

128 2957 215 3005 fert]
239 2957 300 2995 Sic
320 2958 365 2995 L.
389 2959 454 2994 hoc
473 2971 548 2995 om.
569 2958 780 2996 Putschius.
