1962 3355
355 220 446 258 218
847 214 1006 261 Marii
1034 215 1269 262 Victorini
1607 230 1703 260 LIB.
1730 231 1799 261 1v‚

355 333 516 379 tiando
540 333 686 380 denso
711 352 792 381 seu
816 337 933 382 zleni
961 337 1214 400 spiramine
1239 334 1473 391 extulerit,
1496 335 1577 396 qui
1604 335 1800 398 longum

356 419 543 473 tempus
580 420 660 456 aut
684 411 822 457 breve
858 413 903 457 in
938 412 1202 458 elocutione
1227 411 1354 457 vocis
1390 419 1560 456 nostrae
1586 419 1803 474 captave-

319 485 446 531 3rit?
484 487 632 539 aQuae
669 487 748 548 qui
789 487 925 532 anxie
968 487 1084 533 scire
1129 486 1408 541 desiderant,
1445 485 1606 531 dicant
1643 486 1802 542 velim,

356 561 460 624 quis
502 562 636 607 nobis
679 562 723 607 in
766 563 919 608 lucem
961 563 1096 608 editis
1139 561 1354 624 bgestire,
1395 570 1592 623 reptare,
1639 562 1803 618 ridere,

355 637 482 699 quod
515 638 783 700 cproprium
822 638 1002 683 bomini
1033 648 1219 683 tantum
1247 646 1331 693 est,
1354 637 1459 699 quis
1495 637 1800 684 dalimoniam

356 713 488 759 lactis
515 713 631 759 rictu
656 713 746 758 oris
772 723 1005 776 appetere,
1029 713 1133 775 quis
1166 730 1332 759 sonum
1361 713 1568 759 confusae
1592 714 1717 760 vocis
1754 715 1799 759 in

355 791 495 836 verba
535 789 780 844 deducere,
817 808 897 835 seu
936 808 1018 853 pro
1055 798 1178 834 statu
1217 806 1325 852 erga
1362 806 1410 834 se
1445 791 1618 835 mentis
1660 800 1803 853 atque

356 867 499 913 animi
526 884 651 912 nunc
677 867 838 912 fletum
868 885 920 912 ac
951 883 1218 921 moerorem,
1242 883 1369 911 nunc
1405 866 1691 912 alacritatem
1727 867 1804 913 lae-

318 943 617 1004 4titiamque,
664 943 910 1005 concipere
957 951 1118 987 auctor
1163 941 1451 988 ostenderit?
1504 942 1631 988 Nam
1676 943 1805 989 ehaec

353 1037 543 1082 quoque
583 1019 979 1065 sciscitationibus
1017 1017 1274 1063 eorundem
1313 1017 1444 1080 parili
1484 1018 1803 1081 propositione

353 1104 666 1141 consentanea
690 1103 955 1140 occurrunt.
1015 1093 1200 1146 Quibus
1225 1103 1385 1139 tamen
1407 1093 1494 1139 fsic
1517 1094 1805 1157 responden-

353 1173 466 1219 dum
504 1182 588 1228 est,
626 1171 883 1217 naturalem
926 1170 1060 1215 nobis
1104 1170 1225 1215 hanc
1259 1171 1487 1216 musicam
1525 1170 1650 1217 haud
1691 1171 1802 1217 alias

353 1265 495 1311 quam
518 1248 709 1294 affectus
735 1247 895 1293 animo
920 1246 1198 1310 corporique
1225 1256 1382 1292 motus
1408 1248 1621 1301 existere,
1646 1255 1804 1292 geam-

353 1342 444 1386 que
479 1333 672 1387 parente
709 1332 874 1369 natura
910 1323 1051 1369 simul
1087 1341 1196 1369 cum
1236 1323 1340 1369 luce
1377 1324 1484 1370 vitae
1522 1323 1802 1385 hsensuique

351 1400 589 1456 traditam,
630 1417 837 1462 cumque
879 1400 981 1462 ipso
1031 1400 1223 1445 homine
1269 1399 1445 1445 editam
1493 1409 1802 1460 exortamque

352 1478 608 1521 coalescere
644 1492 701 1520 ex
733 1475 804 1521 his
840 1493 943 1537 quae
980 1476 1027 1521 in
1063 1484 1287 1539 promptu
1324 1476 1475 1538 posita
1508 1484 1632 1530 sunt,
1667 1474 1803 1520 facile

316 1570 332 1600 5
352 1551 576 1614 intellegi.
647 1550 871 1613 Namque
906 1561 960 1597 ut
988 1550 1199 1614 opinioni
1237 1561 1406 1596 nostrae
1431 1551 1573 1596 etiam
1611 1551 1698 1596 sub
1724 1567 1804 1595 ex-

353 1628 520 1690 emplis
557 1627 836 1690 respondeat
861 1627 991 1683 fides,
1016 1644 1174 1672 nonne
1200 1625 1351 1671 imuta
1376 1626 1588 1672 videmus
1625 1626 1804 1672 anima-

351 1704 414 1749 lia
450 1721 561 1749 mox
598 1713 648 1749 ut
687 1702 801 1748 lucis
836 1720 1023 1749 usuram
1064 1702 1320 1757 hauserint,
1352 1711 1492 1765 prout
1527 1712 1691 1748 natura
1731 1702 1801 1747 sui

351 1782 523 1843 cuique
547 1789 631 1834 est,
657 1781 745 1826 alia
768 1797 1029 1843 pennarum
1058 1779 1317 1824 vibratione
1342 1778 1545 1824 sublime
1577 1779 1691 1824 a'eris
1722 1797 1804 1842 pe-

349 1868 462 1913 tere,
499 1857 586 1902 alia
624 1857 710 1902 sub
748 1855 925 1918 kaquas
963 1855 1153 1902 natandi
1190 1864 1349 1901 meatu
1384 1855 1508 1901 varie
1549 1855 1804 1918 pervagari,

352 1933 452 1979 haec
487 1950 571 1996 per
603 1942 773 1978 terram
808 1932 940 1978 tardo
973 1933 1171 1985 incessu,
1197 1932 1275 1978 illa
1308 1932 1354 1977 in
1384 1933 1553 1978 saltum
1589 1950 1803 1978 cursum-

350 2027 443 2071 que
485 2008 762 2072 procedere:
814 2026 899 2054 nec
936 2010 1094 2054 minus
1136 2009 1191 2055 ad
1237 2009 1511 2055 alimoniam
1555 2009 1678 2066 vitae,
1714 2009 1803 2055 alia

351 2085 514 2131 matris
542 2086 697 2138 ubera,
722 2101 836 2130 mox
863 2092 913 2129 ut
937 2084 1206 2130 elambente
1235 2084 1398 2130 matris
1434 2084 1595 2147 lingua
1620 2084 1803 2130 detersa

352 2162 460 2216 sint,
484 2161 602 2205 rictu
628 2160 719 2205 oris
745 2159 1002 2214 adtrahere,
1025 2160 1124 2206 haec
1143 2161 1414 2216 visceribus,
1435 2161 1514 2207 illa
1540 2161 1697 2207 herbis
1724 2161 1802 2218 ali,

314 2251 333 2281 6
351 2236 567 2299 quaedam
593 2235 807 2297 frugibus
833 2243 913 2280 aut
937 2235 1091 2297 pomis
1117 2237 1336 2282 arborum
1362 2236 1594 2283 lenutriri.
1658 2237 1802 2283 Unde

349 2312 513 2376 procul
538 2311 684 2357 dubio
709 2309 917 2372 intellegi
948 2310 1085 2357 datur
1113 2311 1308 2374 adaeque
1332 2313 1467 2358 nobis
1503 2323 1696 2376 parente
1727 2332 1803 2360 ea-

351 2388 457 2434 dem
484 2396 580 2433 tam
608 2386 663 2432 ad
691 2385 1023 2448 rhythmorum
1050 2388 1426 2450 conceptionem,
1451 2406 1592 2451 quam
1621 2390 1676 2436 ad
1705 2407 1802 2436 me-

352 2474 529 2511 trorum
555 2480 776 2510 numeros
798 2480 850 2509 ac
871 2472 1005 2508 tonos
1026 2465 1233 2520 musicae,
1253 2464 1332 2510 sed
1352 2474 1398 2511 et
1418 2475 1661 2512 momenta
1681 2475 1802 2512 tem-

350 2559 517 2606 porum
546 2541 592 2586 in
618 2539 942 2586 enuntiatione
966 2558 1153 2598 vocum,
1178 2540 1371 2586 insitum
1402 2541 1591 2604 ingenio
1617 2559 1671 2588 ac
1695 2559 1801 2588 sen-

351 2618 480 2664 sibus
516 2616 744 2670 studium,
781 2633 873 2661 non
916 2616 1129 2662 doctrina
1167 2616 1246 2662 sed
1283 2626 1447 2662 natura
1487 2617 1710 2664 haustum
1747 2636 1801 2664 ac

404 2773 421 2792 z
443 2763 533 2810 leni]
557 2763 627 2800 levi
647 2764 686 2799 P.
798 2769 817 2789 ὃ
836 2763 947 2810 Quae]
968 2765 990 2811 ἦ
1014 2765 1053 2800 Ρ.
1164 2762 1183 2790 b
1201 2765 1361 2814 gestare]
1385 2766 1518 2814 gestire
1538 2766 1578 2801 P.
1679 2772 1695 2791 c
1715 2778 1800 2815 pro-

350 2818 489 2869 prium]
513 2818 674 2865 primum
695 2817 735 2853 P.
857 2815 876 2843 d
897 2816 1131 2863 alimoniam]
1154 2817 1330 2853 alimonia
1350 2818 1389 2853 P.
1513 2827 1529 2845 e
1550 2819 1645 2865 haee]
1668 2818 1739 2854 hoc
1759 2819 1799 2855 P.

349 2871 364 2898 f
381 2872 451 2919 sic]
475 2872 504 2908 si
527 2871 565 2907 P.
716 2877 737 2904 g
755 2870 927 2918 eamque]
950 2883 1066 2918 eaque
1086 2871 1125 2905 P.
1276 2869 1296 2896 h
1317 2870 1531 2919 sensuique]
1554 2883 1736 2919 sensuque
1756 2872 1797 2908 P.

349 2924 358 2950 ἦ
380 2925 513 2972 multa]
537 2931 638 2959 muta
658 2923 699 2959 P.
809 2920 829 2947 k
850 2923 979 2971 aquas]
1002 2924 1105 2972 aquis
1124 2923 1164 2959 P.
1274 2922 1285 2949 1
1304 2923 1475 2971 enutriri]
1501 2924 1629 2960 nutriri
1650 2925 1692 2960 P.
