1962 3355
119 233 229 266 CAP.
249 229 293 267 8.
473 220 558 266 De
579 225 728 265 metro
754 219 913 265 lonico
937 216 1013 264 ἀπὸ
1036 218 1222 279 μείζονος.
1486 228 1572 264 123

118 341 173 386 In
200 358 295 403 quo
321 358 440 387 unus
464 341 661 397 ionicus,
687 350 731 386 ct
757 339 950 386 trochaei
976 340 1187 402 quinque
1215 350 1339 385 sunt.
1413 339 1573 400 Hujus

118 417 450 475 acatalectum,

254 493 383 540 Uvas
407 493 574 540 nitidis
578 492 849 558 frondibus
874 492 1015 538 Evan
1041 491 1229 538 hederis
1255 490 1432 555 illigat.

115 569 237 615 Item
265 570 592 616 catalecticum
619 569 785 633 primae
811 569 1004 632 syllabae
1029 568 1314 614 solutionem
1348 576 1571 630 xpassum

116 645 407 707 hujusmodi,

249 720 369 767 Mea
394 721 545 767 Delia.
570 728 718 778 casta,
738 720 963 782 pulchra,
983 737 1117 782 paene
1138 720 1349 766 siderum
1374 720 1527 766 decus.

116 797 173 843 In
194 815 290 859 quo
309 815 430 843 unus
457 797 638 843 ionicus
664 807 709 843 et
729 798 940 860 quinque
964 797 1178 843 continui
1204 796 1418 842 trochaei.
1456 796 1575 842 Pen-

116 882 371 919 tametrum
399 889 588 935 quoque
616 872 1078 937 brachycatalectuin
1106 873 1191 919 erit
1217 873 1325 929 tale,

123 949 374 1013 Dictynna
394 950 532 995 deum
549 950 823 1013 progenies,
843 950 1002 1011 aspice
1026 949 1130 1011 quis
1156 956 1202 995 te
1227 949 1396 996 choras
1415 950 1575 996 astris.

118 1026 348 1072 Praeterea
372 1035 419 1071 et
444 1043 501 1072 ex
529 1044 577 1071 se
614 1026 713 1071 sine
750 1026 845 1071 ulla
865 1025 1043 1088 pedum
1063 1025 1357 1072 admixtione
1382 1043 1575 1090 compo-

118 1101 260 1159 nitur,
284 1110 330 1148 et
355 1120 438 1165 per
459 1120 506 1148 se
533 1111 623 1148 stat
648 1102 830 1165 integer
849 1119 932 1164 per
955 1104 1216 1160 Ῡσυνοίφειοιν,
1244 1112 1295 1147 ut
1321 1103 1473 1148 Graeci
1505 1102 1576 1148 di-

117 1186 247 1235 cunt,
271 1178 317 1223 id
343 1187 428 1234 est,
453 1196 564 1224 cum
589 1179 788 1241 repetita
814 1177 1071 1223 identidem
1091 1177 1193 1223 vice
1218 1179 1379 1223 breves
1406 1179 1575 1239 longis,

117 1262 197 1299 aut
235 1261 414 1309 contra,
453 1253 672 1299 brevibus
714 1254 866 1316 longae
908 1254 1237 1315 subjiciuntur.
1308 1255 1468 1315 Atque
1512 1255 1576 1299 ita

116 1329 238 1375 inter
274 1346 322 1375 se
358 1329 536 1374 alterna
575 1329 838 1375 mutatione
861 1329 1115 1386 variantur,
1141 1348 1259 1392 quos
1295 1329 1372 1376 ἀπὸ
1402 1330 1576 1390 μείζονος

116 1414 163 1452 et
186 1404 262 1451 ἀπὸ
289 1406 504 1458 ἐλάσσονος
529 1405 696 1452 musici
722 1415 910 1461 vocant,
935 1415 987 1451 ut
1012 1406 1137 1469 apud
1166 1406 1441 1463 Horatium,

155 1481 455 1529 Miserarum
482 1489 552 1529 est
577 1499 725 1545 neque
749 1483 904 1528 amori
928 1482 1045 1528 dare
1069 1482 1236 1529 ludum
1259 1501 1410 1546 neque
1433 1482 1575 1529 (lule-i.

118 1559 280 1620 Hujus
317 1559 577 1622 primordio
614 1559 650 1605 si
688 1558 879 1620 adjicias
911 1559 955 1605 O
991 1576 1149 1623 quam,
1174 1560 1261 1606 erit
1293 1560 1475 1606 ionicus
1500 1559 1576 1605 ἀπὸ

115 1634 287 1697 μείζονος
314 1635 578 1698 adjectione
605 1636 828 1700 spondei:
864 1645 929 1692 ut,

167 1714 203 1752 O
222 1727 344 1768 quam
366 1714 616 1753 miserarum
636 1719 695 1752 est
716 1727 844 1768 neque
864 1714 998 1753 amori
1019 1714 1121 1754 dare
1140 1714 1283 1753 ludum
1305 1727 1434 1768 neque
1453 1714 1575 1753 dulci.

116 1786 331 1849 Adaeque
363 1786 544 1832 ionicus
575 1785 651 1832 ἀπὸ
681 1787 895 1837 ἐλάσσονος
920 1803 977 1831 ex
1003 1785 1081 1832 ἀπὸ
1106 1794 1123 1814 z
1133 1786 1306 1847 μείζονος
1330 1786 1578 1842 creabitur,

117 1862 323 1926 demptis
349 1862 533 1908 duabus
561 1863 728 1924 longis,
755 1880 860 1924 quae
885 1862 930 1907 in
960 1862 1194 1926 principio
1219 1879 1377 1908 versus
1414 1862 1577 1907 locatae

118 1938 473 2002 repperiuntur:
511 1949 563 1984 ut
587 1948 673 1993 est,

258 2014 397 2061 Galli
421 2015 578 2061 timidi
600 2015 902 2061 semianimes
927 2022 1124 2079 tergora
1148 2023 1354 2062 vertunt.

121 2092 309 2137 Ionicus
347 2102 504 2137 autem
545 2091 776 2137 Sotadeus
816 2100 1001 2137 constat
1031 2110 1087 2137 cx
1123 2092 1334 2154 spondeo
1376 2102 1422 2138 et
1455 2092 1575 2156 pari-

119 2168 261 2213 ambo
298 2168 475 2213 alterna
512 2170 612 2214 vice
647 2168 747 2213 sine
786 2167 1132 2214 intermissione
1170 2169 1483 2226 currentibus,
1523 2187 1577 2214 ea

118 2256 277 2291 tamen
305 2245 422 2308 lege,
447 2255 499 2290 ut
524 2264 548 2290 a
574 2244 785 2308 spondeo
810 2244 1019 2307 incipiat,
1044 2254 1089 2290 et
1120 2245 1331 2308 spondeo
1356 2245 1578 2291 termine-

118 2331 207 2376 tur,
234 2322 355 2368 sicut
380 2323 587 2368 ionicum
615 2323 766 2379 decet,
792 2332 844 2367 ut
871 2322 918 2367 in
946 2322 1109 2384 longas
1134 2321 1319 2367 desinat
1344 2321 1576 2384 syllabas;

117 2398 244 2445 unde
280 2399 460 2445 ionicus
498 2402 661 2460 major,
694 2399 775 2461 qui
810 2399 994 2444 duabus
1035 2398 1253 2444 brevibus
1283 2398 1578 2454 terminatur,

119 2475 317 2522 assumit
352 2475 439 2521 sibi
476 2476 758 2539 plerumque
795 2475 842 2520 in
880 2475 1048 2520 ultimo
1080 2474 1196 2520 duas
1229 2475 1409 2538 longas,
1433 2484 1486 2520 ut
1519 2475 1578 2520 sit

118 2568 277 2598 versus
303 2570 327 2596 e
353 2551 503 2597 tribus
529 2552 739 2615 syzygiis
765 2561 810 2597 et
837 2551 1077 2615 semipede
1103 2550 1343 2614 spondeo:
1382 2560 1435 2597 ut
1458 2560 1545 2604 est,

256 2627 301 2673 O
325 2628 420 2674 mel
442 2629 571 2691 quod
593 2646 706 2690 apes
730 2628 948 2674 omnibus
975 2626 1222 2692 efloribus
1246 2627 1438 2674 abibant.

119 2704 313 2767 Insigne
345 2714 416 2750 est
452 2705 545 2751 tale
581 2715 739 2750 autem
780 2705 919 2751 ionici
956 2712 1285 2750 tetrametrum
1324 2704 1578 2767 brachyca-

118 2780 375 2826 talectnm:
414 2790 480 2837 ut,

174 2903 192 2921 Χ
212 2899 381 2945 passum]
407 2911 535 2947 passus
558 2899 596 2933 P.
744 2906 762 2933 y
783 2899 980 2946 σννάψειαν]
1004 2905 1167 2947 σονοιφιαν
1188 2900 1230 2935 P.
1381 2904 1397 2921 z
1417 2896 1572 2942 μείζονος]

119 2952 239 2995 μειζονε
261 2952 298 2986 Ρ.
410 2958 429 2977 a
448 2951 578 2987 libant.
608 2952 777 3001 Insigne]
798 2951 1019 3001 libanisigne
1040 2952 1080 2987 P.

807 3024 889 3059 R2

1598 587 1634 607 10

1599 1045 1629 1064 11

1598 1355 1633 1375 12

1603 1807 1636 1835 ¹3

1604 2722 1635 2753 ¹5
