1962 3355
334 228 398 265 34
845 219 1002 268 Marii
1029 221 1262 268 Victorini
1625 235 1722 266 Lm.
1750 235 1781 264 1.

336 349 478 401 atque
500 358 527 386 e
551 341 784 387 contrario
808 350 964 387 autem
994 343 1041 388 in
1067 343 1231 389 eodem
1260 342 1488 406 producta
1513 350 1597 395 est,
1623 341 1703 398 sic,

603 417 830 480 ansque
852 418 990 464 acies.

336 490 385 526 et
409 481 534 537 alibi,

487 556 618 603 Ante
643 558 730 603 tibi
753 557 866 604 ane
889 566 907 586 Θ
923 557 1202 604 Atlantides
1226 558 1590 605 abscondantur.

280 647 321 679 26
406 642 461 687 In
490 643 617 689 brevi
643 644 825 706 syllaba
849 653 1039 707 tempus
1065 653 1135 689 est
1169 663 1332 702 unum,
1357 645 1467 707 quia
1491 644 1610 690 nihil
1639 660 1788 689 mora-

341 735 443 763 rum
472 718 568 764 illic
593 736 682 764 vox
710 720 848 765 facit:
885 719 933 764 in
970 719 1110 782 longa
1145 730 1301 766 autem
1340 721 1435 766 duo
1467 731 1589 773 sunt,
1615 719 1787 781 quibus

340 802 527 839 tantum
544 803 773 855 quantum
796 795 845 840 in
862 795 988 840 brevi
1009 794 1199 841 feadem
1222 814 1311 841 vox
1327 797 1577 842 detinetur.
1614 796 1789 841 Breves

282 883 321 913 27
342 877 497 913 autem
527 878 740 931 correpta
766 870 938 915 vocalis
963 869 1123 926 efficit,
1148 871 1311 934 longas
1337 882 1358 911 g
1373 871 1616 934 producta.
1687 870 1793 933 Syl-

342 945 458 990 labae
484 953 564 990 aut
588 954 754 990 natura
779 946 931 1007 longae
966 955 1092 1002 sunt,
1118 956 1197 992 aut
1228 947 1461 1010 positione
1491 949 1625 993 fiunt.
1693 946 1793 992 Na-

341 1030 460 1076 tura,
485 1037 592 1066 cum
621 1021 794 1066 vocalis
820 1021 1121 1083 producitur:
1159 1023 1410 1085 positione,
1436 1040 1544 1068 cum
1581 1029 1793 1084 correpta

283 1112 322 1140 :s
342 1096 516 1142 vocalis
553 1106 801 1157 sequentes
839 1097 982 1142 habet
1019 1096 1134 1142 duas
1171 1107 1500 1144 consonantes.
1585 1097 1678 1142 Hae
1714 1105 1794 1142 aut

344 1172 389 1216 in
416 1171 581 1217 eadem
607 1172 787 1235 syllaba
813 1171 833 1200 ¹¹
853 1173 1005 1218 solent
1024 1191 1140 1230 esse,
1158 1182 1212 1219 ut
1237 1191 1317 1220 ars
1335 1194 1349 1220 .·
1389 1182 1468 1220 aut
1487 1173 1534 1219 in
1561 1172 1795 1236 proxima,

345 1257 397 1293 ut
422 1248 576 1294 amnis
593 1267 608 1293 .·
647 1257 727 1294 aut
751 1248 797 1293 in
823 1248 939 1294 duas
965 1249 1169 1311 syllabas
1196 1249 1398 1307 idivisae,
1421 1258 1474 1295 ut
1500 1266 1651 1295 arma.
1701 1247 1793 1293 Sed

344 1332 391 1368 et
419 1322 598 1386 duplex
634 1323 788 1369 littera
810 1341 843 1369 a:
865 1324 1062 1370 duarum
1102 1326 1464 1372 consonantium
1499 1327 1603 1371 loco
1636 1324 1790 1386 fungi-

286 1424 326 1455 29
345 1408 435 1445 tur.
506 1399 628 1445 Haec
653 1417 843 1461 quoque
870 1409 950 1446 aut
974 1400 1018 1445 in
1047 1400 1211 1446 eadem
1238 1402 1418 1464 syllaba
1454 1402 1573 1447 solet
1603 1417 1719 1457 esse,
1744 1408 1798 1446 ut

345 1474 504 1520 ι(ηοασε
555 1483 636 1520 aut
675 1475 720 1520 in
761 1476 992 1536 proxima,
1030 1484 1084 1522 ut
1120 1477 1236 1523 axis.
1321 1478 1550 1524 Praestant
1585 1476 1711 1522 idem
1751 1483 1799 1520 et

348 1552 528 1597 vocales
566 1551 732 1597 litterae
767 1552 871 1598 loco
907 1552 1268 1598 consonantium
1310 1553 1475 1616 positae
1506 1554 1523 1598 z·
1552 1561 1600 1599 et
1629 1570 1692 1598 u:
1731 1559 1799 1606 ut,

346 1644 525 1684 servus,
550 1626 756 1689 injustus
773 1647 787 1673 :
826 1627 906 1673 sed
939 1628 1039 1674 haec
1068 1628 1116 1674 in
1142 1629 1303 1674 metris
1330 1629 1512 1675 facilius
1537 1627 1799 1692 deprehen-

348 1703 539 1748 duntur.

289 1806 329 1835 30
416 1779 624 1842 Syllabae
652 1779 884 1842 positione
902 1780 1056 1843 longae
1076 1783 1198 1828 fiunt
1218 1782 1290 1827 his
1313 1781 1490 1827 modis:
1528 1780 1565 1826 si
1589 1787 1802 1841 correpta

349 1856 522 1901 vocalis
548 1856 732 1901 desinat
765 1856 812 1902 in
838 1874 979 1903 unam
1006 1866 1363 1914 consonantem,
1386 1864 1433 1902 et
1457 1855 1719 1919 excipiatur
1742 1855 1800 1900 ab

350 1932 494 1977 altera
516 1932 810 1988 consonanti,
835 1941 901 1989 ut,

616 2007 773 2053 Arma
796 2008 1046 2071 virumque
1070 2024 1199 2054 cano.

291 2107 328 2135 3¹
354 2094 474 2139 Item
501 2094 537 2139 si
563 2093 747 2139 desinat
772 2094 819 2139 in
845 2094 960 2140 duas
986 2106 1312 2150 consonanteS,
1335 2102 1402 2148 ut,

619 2169 715 2215 Est
739 2170 788 2215 in
811 2186 998 2215 secessu
1025 2169 1166 2230 longo
1191 2168 1358 2214 llocus.

297 2278 334 2307 32
356 2255 405 2300 Si
431 2255 694 2318 excipiatur
718 2272 744 2300 a
768 2254 951 2300 duabus
978 2254 1361 2311 consonantibus,
1385 2262 1453 2309 ut,

687 2329 986 2375 Acrisioneis
1010 2330 1203 2375 Danae.

299 2429 336 2459 33
359 2417 408 2462 Si
433 2416 616 2462 desinat
640 2416 687 2461 in
713 2415 953 2479 duplicem
979 2415 1182 2461 litteram
1207 2433 1252 2469 a),
1279 2425 1344 2472 ut,

688 2490 802 2536 Nooe
826 2498 945 2537 erat.

300 2601 340 2631 34
359 2579 407 2625 Si
435 2578 698 2640 excipiatur
722 2595 747 2623 a
771 2577 949 2641 duplici
974 2577 1144 2634 littera,
1168 2586 1233 2635 ut,

689 2653 799 2698 Aoee
820 2653 907 2699 Sub
930 2653 1140 2700 (ethereo.

415 2821 431 2839 e
453 2813 676 2860 Atlantides]
700 2812 934 2849 Antlantides
956 2813 995 2848 P.
1132 2811 1146 2838 f
1163 2813 1222 2859 ea]
1245 2813 1374 2849 eadem
1397 2814 1436 2849 Ρ.
1565 2820 1586 2848 g
1606 2814 1804 2863 producta]

362 2867 552 2915 productae
571 2866 609 2901 P.
693 2864 714 2891 '¹¹
735 2866 845 2912 solet]
869 2865 991 2901 solent
1009 2865 1049 2900 P.
1091 2866 1207 2914 Supra
1227 2865 1312 2902 dedi
1335 2867 1387 2902 hoe
1406 2879 1473 2914 pro
1493 2867 1576 2903 hoec.
1643 2865 1653 2892 i
1673 2866 1805 2914 divisa]

361 2919 484 2955 divisae
506 2920 544 2955 P.
628 2917 648 2944 k
672 2919 757 2964 vox]
784 2931 854 2954 nox
876 2919 916 2954 P.
1001 2916 1011 2943 1
1033 2918 1133 2953 locus
1153 2919 1242 2965 eto]
1266 2919 1368 2955 locus
1388 2919 1427 2955 P.
1448 2919 1509 2955 ubi
1530 2927 1601 2955 etc.
1619 2932 1715 2969 saepe
1735 2932 1808 2955 om.
