1962 3355
135 188 239 218 CAP.
260 183 304 220 4.
342 172 424 219 De
449 172 652 219 [ambico
676 177 825 218 metro
850 179 895 218 et
920 172 1020 236 ejus
1041 173 1278 234 speciebus
1303 173 1382 236 δίε.
1474 173 1566 232 269

135 303 274 340 stum.
344 295 422 342 Sic
459 294 683 342 Horatius
707 294 765 341 de
789 295 902 340 Arte
933 295 1121 341 Poetica
1144 305 1332 359 propter
1355 295 1564 342 iambum
1586 310 1604 341 6

134 370 320 433 pedem,

862 449 961 489 Non
982 455 1028 489 ut
1047 449 1095 488 de
1115 448 1206 489 sede
1225 448 1404 488 sccmeda

473 518 652 566 Cederet,
674 523 748 558 aut
767 522 929 572 quarta.

135 594 180 640 id
203 603 287 651 est,
312 613 404 641 non
437 596 737 660 epermittens
774 595 981 659 spondeo
1004 603 1183 658 partem
1211 593 1462 640 secundam
1490 602 1570 640 aut

134 680 362 734 quartam.
406 673 559 719 Sextae
583 673 724 737 partis
748 672 852 718 ideo
877 690 969 718 non
996 671 1107 718 fecit
1126 671 1433 728 mentionem,
1458 671 1569 733 quia

135 748 255 795 sicut
279 758 385 796 ante
409 750 506 796 dixi
531 750 587 796 de
612 750 730 814 pede
757 749 1008 796 novissimo
1032 749 1162 795 nulla
1185 748 1302 794 ratio
1326 756 1408 794 est.
1470 747 1570 793 No-
1590 769 1605 802 7

135 825 331 872 tandum
364 835 521 872 tamen
558 827 616 873 sit
647 827 771 890 quod
811 827 1076 890 frequenter
1115 826 1362 873 docuimus
1399 825 1570 872 fcetera

134 903 293 948 omnia
318 912 479 959 metra,
502 913 700 967 excepto
724 904 957 968 dactylico
981 913 1027 950 et
1053 904 1150 966 ejus
1176 903 1433 968 speciebus,
1458 912 1571 967 gper

134 978 371 1043 dipodiam
399 980 469 1026 vel
495 980 737 1044 syzygiam
765 981 940 1038 scandi,
964 981 1085 1027 sicut
1112 981 1336 1026 Horatius
1362 980 1513 1037 docet,

921 1057 1047 1097 ᾖΝοη
1069 1063 1114 1097 ut
1133 1057 1181 1097 de
1200 1057 1292 1097 sede
1310 1057 1489 1097 secunda

419 1125 599 1169 Cederct,
621 1130 696 1164 aut
715 1131 865 1179 quarta
884 1125 1102 1174 socialiter,

135 1202 179 1248 id
210 1211 279 1249 est
315 1202 515 1248 sociatus
540 1211 586 1248 et
611 1202 869 1265 copulatus,
893 1220 1000 1248 cum
1032 1203 1146 1248 alter
1177 1202 1234 1248 de
1269 1202 1358 1247 illis
1395 1202 1573 1249 scilicet

133 1287 353 1341 quattuor
386 1277 511 1340 quod
547 1295 685 1342 supra
718 1277 872 1335 docui,
904 1296 1014 1324 cum
1053 1279 1262 1343 spondeo
1302 1278 1369 1325 iin
1405 1279 1573 1325 iambi-

133 1373 242 1401 cum
279 1364 482 1401 metrum
520 1355 780 1401 convenire.
848 1355 1042 1402 Distant
1071 1365 1229 1402 tamen
1264 1355 1383 1402 inter
1413 1373 1461 1401 se
1497 1356 1608 1403 hae8

133 1433 309 1495 species
345 1432 533 1478 iambici
571 1432 708 1478 metri
749 1450 862 1495 quas
902 1451 1041 1496 supra
1076 1433 1211 1497 posui
1249 1451 1337 1479 usu
1378 1432 1570 1497 pedum.

131 1509 257 1555 Nam
297 1509 344 1555 in
379 1509 569 1573 tragico,
600 1518 650 1555 ut
688 1510 827 1556 altius
859 1510 932 1567 sit,
962 1509 1156 1575 spondei
1190 1510 1457 1572 frequenter
1488 1528 1571 1573 po-

132 1596 334 1640 nuntur;
371 1595 440 1632 est
464 1587 587 1632 enim
615 1605 685 1632 res
709 1587 891 1633 tumida
916 1587 1157 1651 tragoedia.
1206 1587 1284 1633 Sic
1309 1587 1554 1644 Horatius,

357 1664 618 1720 Indignatur
639 1665 734 1704 ‘item
750 1665 935 1720 privatis
955 1678 1003 1704 ac
1015 1678 1149 1720 prope
1167 1678 1277 1704 socco

357 1732 522 1788 Dignis
541 1733 793 1773 carminibus
813 1734 989 1773 narrari
1009 1747 1122 1772 coena
1150 1732 1341 1787 'I'lcgyestoe
1354 1748 1367 1772 .·

133 1810 178 1856 id
204 1820 273 1857 est
297 1811 464 1856 humili
489 1821 533 1857 et
558 1812 636 1857 vili
673 1829 901 1869 sermone,
927 1811 1016 1858 boc
1042 1821 1125 1865 est,
1151 1811 1347 1857 comico.
1410 1810 1566 1858 kNam
1588 1838 1608 1869 9

133 1888 363 1950 frequenti
389 1887 546 1934 iambo
570 1906 640 1934 res
665 1888 839 1951 tragica
864 1888 956 1934 dici
982 1906 1074 1933 non
1099 1887 1252 1933 debet.
1306 1888 1364 1933 In
1389 1888 1570 1934 comico

133 1982 240 2010 vero
279 1964 478 2011 iambico
517 1965 851 2028 frequentiores
890 1965 1070 2023 liambi‚
1107 1966 1346 2029 anapaesti,
1380 1967 1452 2013 vel
1492 1968 1572 2013 tri—

134 2042 293 2088 brachi
320 2041 491 2087 debent
519 2043 644 2104 poni,
669 2042 777 2104 quia
808 2061 876 2089 res
912 2043 1106 2099 comica,
1131 2042 1176 2088 id
1212 2053 1283 2089 est
1314 2044 1493 2090 urbana
1525 2053 1572 2091 et

132 2119 251 2173 laeta,
289 2117 515 2163 velociore
558 2120 937 2181 pronuntiatione
983 2139 1066 2184 per
1110 2121 1270 2167 breves
1316 2121 1460 2186 pedes
1502 2130 1572 2168 est

132 2194 472 2259 componenda.
542 2195 745 2241 Clodum
776 2215 898 2251 vero,
922 2197 969 2243 id
996 2206 1064 2244 est
1101 2198 1496 2262 Hipponactium‚
1523 2199 1568 2245 in
1592 2223 1630 2245 ιο

132 2272 294 2319 ceteris
332 2272 522 2334 quidem
561 2272 896 2338 msimplicibus
937 2274 1147 2336 quinque
1178 2274 1376 2338 pedibus
1417 2274 1570 2322 simile

132 2358 202 2396 est
235 2349 411 2412 tragico
442 2367 581 2412 quam
619 2350 801 2397 comico
835 2351 1054 2407 iambico,
1085 2351 1133 2397 in
1171 2351 1425 2398 novissimo
1461 2370 1569 2398 vero

133 2426 221 2472 nab
246 2426 473 2472 ambobus
499 2426 743 2491 discrepat.
812 2429 938 2475 Nam
966 2438 1073 2475 ante
1099 2429 1401 2476 novissimam
1432 2430 1570 2493 sylla-

133 2504 256 2557 bam,
281 2521 375 2549 non
400 2513 452 2550 ut
475 2504 581 2550 ⁰illa
605 2505 791 2551 brevem
822 2505 977 2561 habet,
1002 2506 1080 2552 sed
1106 2506 1312 2570 longam.

185 2654 201 2673 e
222 2647 455 2696 permittens]
474 2653 683 2694 permutans
702 2649 747 2685 L.
766 2648 828 2697 qui
849 2662 958 2698 supra
977 2662 1050 2686 om.
1070 2652 1160 2686 sede.
1258 2649 1274 2677 f
1289 2658 1411 2688 cetera
1430 2665 1503 2688 om.
1524 2652 1567 2688 L.

131 2709 152 2736 g
171 2706 287 2737 cetera
307 2702 424 2737 omnia
440 2706 551 2736 metra
568 2714 633 2748 per
652 2704 975 2749 clipodz'am—sz'cut
990 2705 1061 2751 ipse
1074 2706 1248 2740 Horatius
1263 2705 1310 2741 L.
1433 2703 1453 2731 h
1470 2706 1562 2753 non]

131 2768 215 2791 nam
236 2755 280 2791 L.
441 2753 451 2779 i
473 2756 506 2789 in
527 2767 602 2790 om.
626 2755 666 2790 L.
838 2755 858 2782 k
880 2757 978 2792 Nam
1001 2758 1198 2806 frequenti]
1222 2757 1282 2794 Sic
1303 2759 1347 2795 L.
1376 2760 1470 2794 Nam
1491 2772 1566 2795 om.

131 2809 337 2845 Putschius.
448 2806 459 2834 l
478 2807 609 2856 iambi]
634 2810 750 2844 iambo
770 2809 814 2846 L.
937 2818 966 2836 m
987 2810 1210 2860 simplicibus
1231 2812 1393 2861 quinque
1414 2811 1566 2862 pedibus

131 2861 270 2909 simile]
295 2862 354 2898 Sic
376 2861 419 2896 L.
450 2863 602 2909 quinque
620 2863 832 2909 simplicibus
848 2865 994 2910 pedihus
1012 2866 1159 2901 similior
1180 2864 1384 2902 Putschius.
1486 2872 1504 2892 Π
1522 2866 1566 2901 ab

133 2929 206 2952 om.
227 2917 273 2952 L.
383 2922 400 2940 0
422 2915 500 2961 illa]
525 2916 623 2951 illam
643 2914 688 2951 L.
708 2923 746 2952 et
766 2929 850 2952 mox
871 2917 1009 2953 habeat.
