1962 3355
872 179 1027 226 Marii
1051 178 1208 226 Plotia·

321 195 347 230 {0

354 194 378 241 xl

385 194 413 229 pb

518 306 535 350 ὃ
560 304 706 355 Πύθιος
729 302 1012 364 μεσομφάλιος
1035 301 1114 353 θεὸς
1136 300 1222 363 παρ’
1249 298 1457 361 ἐσχάραις.

523 381 624 420 Post
642 379 848 434 insepulta
869 379 1048 419 membra
1066 378 1263 432 differant
1284 375 1373 428 lupi
1394 373 1504 412 mali.

330 455 426 502 Hic
460 453 585 500 enim
624 470 744 498 unus
780 470 860 514 pes
898 450 1156 512 disyllabus
1191 447 1334 502 deest,
1368 455 1422 492 ut
1457 445 1516 490 sit
1550 453 1766 491 tetrame-

329 542 453 578 trum
480 531 673 594 plenum
699 528 1022 575 acatalectum.
1055 525 1242 585 Μείουρον
1256 523 1443 579 dicitur,
1459 523 1582 586 quod
1610 523 1766 570 minus

331 609 403 666 sit,
429 607 572 670 (quod
611 605 757 652 Graeci
793 610 899 663 μεῖον
932 602 1130 661 dicunt,)
1177 600 1307 656 coda,
1331 599 1375 646 id
1412 609 1482 646 est
1516 600 1767 646 novissima

332 694 500 749 rparte,
522 700 661 746 quam
691 680 841 727 Graeci
867 680 974 741 οὐρὰν
999 688 1180 725 vocant.
1230 677 1308 724 Sic
1332 687 1380 723 et
1403 677 1613 724 colurum
1641 677 1768 740 quod

334 763 392 808 sit
433 760 691 815 κολοβοειὸὲς,
735 768 921 804 curtum
963 758 999 803 ἐν
1038 761 1089 820 τῇ
1130 755 1233 818 αὔρᾳ,
1271 755 1318 802 id
1356 765 1427 802 est
1464 755 1512 802 in
1551 755 1680 811 coda,
1722 755 1767 801 in

336 841 443 885 fine.

608 966 691 1012 De
716 972 992 1012 tetrametro
1016 964 1292 1011 catalectico
1315 965 1501 1011 comico.

405 1066 643 1113 Coma-am
679 1071 1009 1111 tetrametram
1045 1064 1374 1111 catalecticum
1403 1066 1456 1111 fit
1492 1065 1581 1111 hoc
1616 1064 1771 1119 modo,

337 1161 444 1190 cum
483 1142 764 1189 novissimus
800 1159 879 1205 pes
918 1152 1007 1187 tres
1045 1141 1215 1188 habeat
1248 1142 1466 1206 syllabas,
1483 1142 1656 1188 debens
1694 1142 1773 1188 ha-

339 1223 444 1267 bere
468 1229 702 1283 quattuor,

468 1298 631 1348 Δίκαιος
656 1296 762 1342 ἕστιν
786 1298 802 1341 ὁ
827 1295 974 1353 φθόνος,
999 1294 1062 1340 τὸν
1084 1295 1160 1358 ’γὰρ
1184 1301 1390 1352 φθονοῦντα
1413 1295 1552 1341 δάκνει.

470 1375 679 1415 Indormis
699 1374 855 1413 cunctis
875 1373 1055 1412 omnium
1077 1372 1277 1412 cubilibus
1297 1372 1508 1428 malignis.

342 1450 439 1496 Hic
475 1449 598 1496 enim
636 1465 726 1494 una
755 1447 933 1510 syllaba
956 1446 1087 1492 deest
1118 1456 1169 1492 ut
1201 1446 1260 1493 sit
1290 1446 1523 1509 integrum
1557 1454 1773 1491 tetrame-

340 1538 462 1573 trum
490 1526 836 1580 Sacatalectum,
861 1523 918 1569 de
943 1541 1035 1585 quo
1061 1522 1259 1569 breviter
1281 1522 1547 1569 doceamus.

610 1669 691 1714 De
715 1672 994 1713 tetrametro
1018 1665 1280 1712 acatalecto
1303 1666 1510 1712 iambico.

416 1757 767 1803 Tetrametram
825 1753 1034 1799 chorium
1091 1752 1523 1816 lzypercatalectam
1583 1753 1635 1797 fit
1689 1751 1778 1796 hoc

342 1833 497 1889 modo,
522 1851 628 1879 cum
657 1833 703 1877 in
730 1831 842 1877 locis
867 1829 1057 1892 quidem
1094 1830 1281 1893 paribus
1310 1829 1451 1893 pedes
1488 1827 1674 1874 iambici
1701 1826 1781 1873 tri-

343 1909 510 1973 syllabi
547 1918 788 1973 ponuntur
827 1906 1104 1970 incipientes
1139 1924 1164 1952 a
1198 1907 1341 1962 brevi,
1376 1906 1465 1952 hoc
1505 1914 1574 1951 est
1614 1905 1777 1951 tribra-

342 1987 456 2049 chys
499 1995 546 2031 et
587 1993 864 2049 anapaestuS‚
906 1995 954 2030 et
993 1983 1040 2029 in
1090 1984 1343 2030 novissimo
1383 1982 1714 2030 tantibacchus
1756 1999 1781 2027 a

345 2063 468 2109 brevi
494 2062 604 2123 (vel)
626 2061 991 2125 amphibrachys
1011 2071 1202 2125 propter
1221 2061 1523 2107 novissnnam
1551 2060 1779 2125 syllabam

345 2139 702 2186 indifferentem.
767 2138 822 2183 In
861 2138 973 2183 locis
998 2155 1106 2183 vero
1137 2138 1396 2201 imparibus
1421 2136 1636 2201 disyllabi
1663 2136 1780 2182 iam-

347 2216 453 2272 bici‚
481 2224 560 2261 aut
580 2215 791 2260 viambus
817 2225 897 2259 aut
921 2214 1173 2277 spondeUS‚
1198 2224 1251 2259 ut
1275 2223 1360 2270 est,

402 2305 457 2343 M
457 2305 562 2343 ulto-§²
584 2302 746 2341 Helena
768 2302 879 2341 viros
895 2302 1064 2355 wlepida
1085 2316 1158 2341 sno
1179 2301 1339 2355 subigit
1358 2314 1495 2340 amore
1511 2300 1695 2355 pulchro.

402 2468 415 2486 r
435 2458 555 2508 parte]
578 2471 662 2505 pars
682 2458 722 2492 L.
875 2464 888 2483 s
909 2457 1166 2503 acatalectum]
1190 2457 1252 2493 Sic
1271 2457 1313 2491 L.
1345 2457 1557 2491 catalectum
1577 2455 1782 2492 Putschius.

346 2515 360 2539 t
380 2512 636 2558 antibacchus]
663 2510 720 2546 Sic
741 2511 784 2546 L.
816 2516 878 2546 aut
901 2512 1074 2546 Bacchius
1095 2510 1298 2546 Putschius.
1417 2517 1435 2535 V
1455 2509 1596 2545 iambus
1617 2517 1655 2546 et
1673 2522 1783 2559 spon-

347 2567 453 2612 deus]
479 2565 585 2601 iambi
605 2570 668 2600 aut
686 2565 859 2611 spondens
878 2565 920 2600 L.
1042 2571 1070 2588 w
1091 2565 1224 2611 lepida]
1249 2566 1368 2611 tepida
1388 2564 1431 2599 L.

404 2720 463 2755 23.
515 2707 756 2754 μεσομφάλιος]
813 2708 1039 2754 μεσόμφαλος.
1097 2718 1215 2749 corus,
1237 2706 1375 2742 caudex
1396 2705 1525 2742 codex.
1568 2704 1785 2741 TERHAE-

347 2763 446 2799 Nam
466 2769 596 2810 quarta
615 2760 700 2796 sede
728 2759 921 2808 requiritur
947 2761 1039 2795 iam·
1098 2759 1232 2795 RIUS.

349 2818 428 2859 bus,
445 2824 483 2851 ut
504 2814 598 2850 infra
616 2812 748 2849 dicitur
769 2812 806 2848 in
829 2821 1041 2849 tetrametro
1154 2824 1212 2860 25.
1235 2813 1387 2849 Desunt
1405 2814 1442 2849 h.
1463 2812 1487 2849 l.
1507 2825 1589 2861 quae
1607 2811 1652 2847 de
1677 2819 1786 2847 tetra·

347 2869 519 2906 iambico.
545 2867 882 2903 TERHAERIUS.
1099 2875 1215 2902 metro
1244 2866 1447 2903 acatalecto
1475 2866 1671 2914 scripserat
1701 2877 1785 2900 auc-

400 2924 449 2959 ib.
470 2922 579 2968 coda]
601 2920 693 2957 coda
708 2919 835 2962 cauda,
853 2928 891 2956 ut
911 2933 1043 2955 caurus
1100 2927 1168 2955 tor.
