1962 3355
349 209 442 248 308
881 207 1062 254 Caesius
1087 208 1274 253 Bassus

350 340 459 378 una,
484 323 625 387 longa
649 343 756 383 una,
782 328 1000 374 brevibus
1030 328 1228 384 duabus,
1252 336 1298 373 et
1326 328 1465 389 longa
1501 343 1623 371 una:
1664 324 1802 372 Com-

351 400 506 445 minus
524 400 722 463 gladiis.

296 488 331 519 17
416 476 492 521 Ex
511 477 837 540 amphimacro
853 487 900 524 θῖ
915 478 1120 540 dactyIO,
1139 477 1183 533 id
1204 486 1274 523 θεῖ
1292 495 1351 523 ex
1377 478 1519 540 longa
1539 494 1647 533 una,
1673 475 1801 522 brevi

350 569 459 609 una,
484 551 636 615 longis
661 553 859 608 duabus,
885 562 931 599 θῖ
955 554 1175 599 brevibus
1201 553 1408 600 duabus:
1445 553 1665 600 Victoria
1684 570 1804 614 1)νῶ-

353 628 454 673 diti.

297 714 333 744 ¹8
417 702 494 749 Ex
532 704 856 766 amphimacro
893 713 939 750 et
977 705 1190 762 bacchio,
1225 704 1272 750 id
1308 714 1379 751 θεῖ
1419 723 1476 751 ex
1513 706 1655 768 longa
1695 722 1804 761 una,

351 780 479 825 brevi
505 797 611 836 uua,
636 789 682 825 ct
706 780 847 843 longa
873 799 966 827 una
991 790 1038 827 θῖ
1062 782 1190 828 brevi
1217 800 1325 839 una,
1350 791 1396 829 θῖ
1423 782 1572 845 longis
1593 781 1802 827 duabus:

351 855 586 901 Hostibus
608 855 828 917 repulsis.
1761 918 1765 919 ⁷

297 949 335 980 19
417 931 493 976 Ex
515 931 863 993 palimbacchio
883 942 929 978 θῖ
949 933 1173 997 spondeo,
1193 933 1240 979 id
1260 942 1330 979 θεῖ
1355 951 1411 979 ex
1434 933 1586 996 longis
1606 933 1805 986 duabus,

352 1015 398 1053 θῖ
422 1007 549 1053 brevi
575 1025 684 1064 una,
709 1018 756 1054 ct
780 1009 932 1072 longis
958 1009 1166 1056 duabus:
1202 1010 1460 1056 Praeclara
1483 1011 1653 1056 virtus.

295 1109 335 1130 ρο
417 1082 494 1129 Ex
530 1084 882 1147 palimbacchio
907 1094 954 1132 et
979 1097 1230 1150 anapaestO,
1256 1086 1302 1133 id
1328 1096 1398 1132 est
1423 1103 1482 1132 ex
1510 1086 1661 1148 longis
1693 1085 1808 1132 dua-

354 1161 457 1217 bus,
482 1169 528 1205 et
554 1161 772 1207 brevibus
798 1162 962 1220 tribus,
981 1172 1028 1209 θῖ
1045 1166 1186 1227 longa
1206 1181 1322 1209 una:
1349 1162 1618 1209 Prudentis
1636 1163 1806 1208 animo.

295 1262 332 1283 21
419 1238 497 1283 Ex
532 1237 881 1300 palimbacchio
917 1248 963 1285 θῖ
992 1239 1197 1303 dactylo,
1226 1240 1272 1285 id
1309 1249 1380 1285 θεῖ
1415 1256 1473 1284 cx
1512 1238 1662 1301 longis
1696 1238 1809 1284 dua-

354 1315 456 1369 bus,
482 1315 609 1360 brevi
636 1333 746 1372 una,
766 1325 812 1362 θῖ
836 1316 976 1380 longa
1002 1335 1111 1373 una,
1130 1326 1176 1362 θῖ
1202 1316 1421 1362 brevibus
1441 1315 1651 1361 duabus:
1677 1314 1810 1361 Lau-

355 1391 733 1455 dandajugiter.

299 1489 336 1511 22
422 1468 497 1514 Ex
524 1485 688 1531 paeonc
713 1468 850 1514 tertio
874 1478 921 1514 θῖ
947 1467 1171 1532 sponch,
1197 1467 1241 1513 id
1263 1477 1332 1513 θεῖ
1356 1484 1414 1513 ex
1450 1467 1671 1513 brevibus
1697 1466 1810 1513 dua-

356 1545 460 1599 bus,
485 1545 626 1606 longa
652 1562 758 1601 una,
783 1554 830 1590 θῖ
863 1545 989 1591 brevi
1027 1562 1134 1599 una,
1160 1553 1206 1590 et
1229 1544 1380 1607 longis
1406 1544 1617 1590 duabus:
1655 1544 1810 1606 Repe-

359 1622 489 1668 tebat
512 1629 662 1669 actus.

299 1716 338 1746 23
423 1697 499 1743 Ex
525 1715 689 1761 paeone
708 1697 847 1743 tertio
868 1705 914 1742 θῖ
934 1704 1185 1760 anapaestO,
1210 1695 1254 1741 id
1274 1704 1344 1741 θεῖ
1368 1713 1426 1741 ex
1452 1695 1670 1741 brevibus
1699 1695 1812 1741 dua-

358 1774 461 1828 bus,
486 1774 627 1835 longa
655 1790 762 1829 una,
788 1781 835 1818 θῖ
869 1772 1088 1818 brevibus
1125 1772 1289 1829 tribus,
1315 1781 1361 1818 θῖ
1396 1773 1537 1835 longa
1563 1789 1681 1818 una:
1719 1771 1813 1818 Su-

355 1856 557 1912 peratus
581 1850 782 1895 animus.

303 1946 342 1974 24
425 1927 501 1973 Ex
539 1943 702 1990 paeone
727 1925 867 1971 tertio
892 1934 938 1970 θῖ
962 1924 1167 1988 dactylo,
1192 1924 1239 1970 id
1265 1933 1334 1970 θεῖ
1359 1942 1417 1970 ex
1453 1924 1673 1970 brevibus
1698 1924 1814 1970 dua-

360 2005 462 2059 bus,
487 2012 534 2049 et
571 2003 711 2065 longa
746 2019 855 2059 una,
888 2001 1016 2047 brevi
1053 2018 1146 2047 una
1181 2000 1322 2064 longa
1352 2001 1485 2063 (una)
1513 2010 1560 2047 θῖ
1595 2001 1813 2046 brevibus

360 2081 572 2126 duabus:
606 2079 791 2125 Aliena
815 2078 1089 2142 quccritans.

304 2174 341 2204 25
427 2155 504 2201 Ex
542 2155 890 2219 amphibrachy
926 2164 971 2200 θῖ
1005 2153 1228 2216 spondeO,
1260 2154 1308 2200 id
1347 2163 1416 2199 θεῖ
1450 2171 1509 2199 cx
1545 2153 1673 2199 brevi
1707 2170 1812 2207 una,

362 2233 503 2294 longa
539 2250 646 2289 una,
682 2241 728 2277 θῖ
765 2230 891 2277 brevi
923 2247 1030 2285 una,
1062 2238 1109 2274 θῖ
1141 2230 1293 2292 longis
1324 2229 1534 2275 duabus:
1576 2227 1816 2290 Repulsus

364 2309 521 2355 hostis

305 2392 344 2424 26
430 2385 507 2430 Ex
540 2382 885 2446 amphibrachy
911 2390 956 2427 θῖ
990 2390 1244 2444 anapaesto,
1270 2381 1315 2427 id
1343 2390 1413 2426 θεῖ
1448 2397 1505 2426 cx
1543 2381 1670 2426 brevi
1709 2398 1815 2438 una,

365 2471 412 2507 θῖ
447 2461 587 2523 longa
622 2476 733 2516 una,
761 2458 978 2504 brevibus
1015 2457 1179 2515 tribus,
1204 2467 1250 2504 θῖ
1282 2458 1422 2520 longa
1448 2475 1564 2503 una:
1602 2457 1818 2519 Repente

365 2538 571 2600 capitur.

308 2629 347 2661 27
432 2614 505 2660 Ex
545 2611 893 2675 amphibrachy
929 2619 976 2655 et
1012 2610 1218 2673 dactyl0,
1252 2610 1296 2656 id
1332 2620 1403 2656 θεῖ
1442 2627 1500 2656 ex
1537 2609 1666 2655 brevi
1708 2627 1816 2663 una,

365 2692 505 2754 longa
529 2707 637 2743 una,
663 2698 710 2734 θῖ
734 2688 861 2734 brevi
884 2705 993 2741 una,
1018 2697 1065 2734 θῖ
1088 2688 1229 2751 longa
1254 2705 1362 2742 una,
1388 2696 1434 2732 ct
1459 2685 1677 2731 brevibus
1702 2684 1819 2730 dua-

368 2768 482 2813 bus:
521 2765 779 2812 Parantzcr
804 2765 1012 2828 agmina.

310 2858 348 2888 τε
432 2844 510 2891 Ex
536 2842 745 2906 spondeo
770 2852 817 2888 θῖ
840 2842 1014 2898 iambo,
1040 2840 1085 2886 id
1109 2849 1180 2886 θεῖ
1205 2857 1263 2885 cx
1289 2837 1440 2901 longis
1469 2837 1666 2893 duabUS,
1691 2835 1817 2881 brevi

368 2939 488 2968 una:
530 2919 715 2967 Causas
738 2918 877 2966 videt.
