1962 3355
302 230 394 280 190
809 216 968 264 Marii
995 216 1240 264 Victorini
1551 227 1648 259 ΜΒ.
1672 228 1747 259 111.

294 352 439 408 treni,
464 351 551 398 erit
576 350 814 412 reliquum
838 350 917 396 det
952 350 999 395 in
1030 349 1163 395 domo
1200 348 1415 399 lacunar,
1440 362 1545 407 quae
1581 343 1749 389 clauda

294 446 401 493 pars
426 428 513 474 erit
536 426 723 473 dimetri
751 425 980 471 adsimilis
1006 425 1070 470 illi
1099 423 1340 486 superiori,

492 503 650 549 Adest
675 501 798 548 celer
821 501 1078 547 Phaselus.

240 596 277 628 16
298 580 459 641 Hujus
494 579 667 625 tenoris
709 596 762 624 ac
798 578 961 623 formae
998 574 1228 637 quosdam
1257 588 1416 618 versus
1450 578 1642 634 vpoetas
1679 571 1746 633 ly-

296 656 414 702 ricos
440 654 728 701 carminibus
755 653 850 698 suis
877 651 1100 697 indidisse
1125 648 1451 711 cognovinmS‚
1476 656 1529 693 ut
1552 655 1598 693 et
1624 645 1747 710 apud

295 732 581 778 WArbitrum
610 729 893 784 invenimus,
920 727 1053 788 cujus
1079 725 1371 789 exemplum,

495 805 840 867 Blemplzz‘tides
857 802 1047 865 puella,

497 881 665 928 Sacris
690 880 828 926 deum
847 886 1048 941 paratae.

297 957 438 1012 Item,

501 1021 700 1067 Tinctus
723 1019 879 1066 colore
903 1020 1065 1065 noctis.

494 1097 778 1160 AEgyptias
804 1096 1015 1142 choreas.

511 1244 645 1295 CAP.
677 1243 894 1294 XVIII.
960 1244 1046 1295 Dc
1075 1243 1330 1294 Satm’nz'o
1358 1260 1531 1294 versa.

362 1343 428 1389 Et
469 1344 697 1405 quoniam
740 1344 827 1388 sub
874 1342 1121 1388 occasione
1162 1358 1322 1387 versus
1366 1340 1506 1401 hujus
1546 1350 1593 1387 et
1632 1351 1752 1387 tem-

297 1419 478 1483 pestiva
502 1419 645 1465 etiam
672 1419 806 1464 nobis
827 1418 915 1464 alia
935 1418 1143 1480 suggerit
1164 1417 1358 1481 specics,
1378 1426 1748 1463 consentaneum

298 1513 401 1541 reor
426 1496 516 1541 lioc
542 1496 645 1541 loco
670 1494 823 1540 dicere
848 1494 906 1540 de
930 1502 1095 1539 natura
1121 1502 1166 1540 et
1192 1493 1374 1556 origine
1410 1493 1551 1554 hujus
1576 1510 1751 1549 versus,

298 1571 374 1617 cui
402 1571 552 1634 prisca
577 1571 701 1633 apud
727 1571 954 1616 XLatium
979 1580 1106 1628 aetas,
1132 1580 1375 1633 tamquam
1406 1571 1526 1617 Italo
1559 1579 1605 1617 et
1628 1569 1752 1616 indi-

298 1665 450 1711 genae,
475 1647 694 1693 Saturnio
721 1646 816 1692 sive
838 1646 1019 1692 Faunio
1041 1665 1211 1692 nomen
1233 1647 1376 1704 dedit,
1396 1647 1475 1693 sed
1496 1647 1749 1692 falluntur:

298 1742 325 1769 a
367 1723 544 1769 Graecis
588 1722 713 1768 enim
758 1723 883 1768 varic
925 1733 971 1768 et
1013 1723 1368 1769 multiformiter
1407 1723 1630 1769 inductus
1668 1730 1753 1778 est,

263 1827 278 1847 2
296 1807 413 1845 Ynec
438 1808 623 1845 tantum
651 1817 674 1844 a
702 1799 911 1855 comicis,
937 1798 1017 1844 sed
1054 1800 1197 1845 etiam
1235 1817 1260 1845 a
1293 1799 1494 1862 tragicis.
1563 1797 1752 1844 ZNostri

298 1885 455 1921 autem
496 1875 676 1936 antiqui
715 1875 785 1920 usi
824 1884 949 1932 suut,
987 1893 1040 1920 ea
1078 1893 1172 1921 non
1204 1877 1450 1921 observata
1490 1875 1609 1938 lege,
1637 1882 1754 1919 anec

298 1969 394 1997 uno
431 1968 600 2014 genere
637 1949 890 2005 custodito,
917 1949 996 1996 sed
1023 1949 1363 2013 bpraeterquam
1400 1950 1526 2012 quod
1564 1949 1756 1995 durissi-

300 2046 402 2074 mos
428 2028 653 2083 fecerunt,
677 2026 818 2072 ctiam
859 2026 973 2072 alios
1011 2027 1191 2089 longos,
1217 2026 1330 2072 alios
1367 2025 1601 2072 breviores
1634 2026 1756 2072 inse-

299 2112 508 2157 ruerunt,
533 2120 735 2165 quorum
763 2112 832 2148 est
858 2102 951 2159 hic,

438 2179 617 2226 Turdis
642 2179 863 2224 edacibus
888 2177 1017 2224 dolos
1042 2195 1292 2240 comparas
1317 2178 1480 2224 amice.

356 2337 371 2362 t
392 2335 545 2379 renidet,
568 2335 810 2384 relinquetur]
835 2335 911 2371 reni
932 2334 1002 2371 erit
1023 2335 1204 2384 reliquum
1228 2335 1290 2370 det
1311 2336 1351 2371 P.
1565 2342 1583 2361 V
1606 2337 1752 2384 poetas]

304 2390 483 2441 pb—aoetas
504 2390 543 2425 P.
667 2397 693 2415 W
714 2388 922 2435 Arbitrum]
947 2388 1147 2424 Arbitrium
1170 2388 1209 2423 P.
1253 2388 1345 2423 Mox
1367 2401 1432 2437 pro
1454 2389 1652 2436 AEgyptias
1671 2390 1756 2424 cho-

304 2456 384 2479 reas
401 2442 609 2479 'serliaerius
631 2440 819 2490 rescripsit
839 2443 1033 2489 AEgyptz'us
1053 2442 1245 2477 choreutcs.
1315 2448 1336 2466 X
1349 2441 1522 2489 Latinos]
1540 2442 1691 2478 Latium
1714 2443 1754 2478 P.

303 2529 323 2556 Y
345 2521 432 2566 nec]
457 2508 531 2556 ng‘r‘i
553 2521 592 2555 P.
783 2526 801 2545 Ζ
822 2518 968 2566 Nostri]
992 2520 1121 2556 Nostri
1145 2527 1271 2556 autem
1292 2520 1332 2556 P.
1497 2526 1516 2546 a
1536 2521 1622 2567 nec]
1648 2533 1693 2557 ue
1712 2522 1753 2557 P.

304 2572 324 2600 b
345 2573 606 2624 praeterquam]
631 2581 893 2622 propterquam
917 2573 957 2609 P.

363 2720 395 2744 2.
431 2707 581 2756 longos]
625 2707 822 2754 Longiores
869 2705 1002 2742 Atilius
1061 2705 1151 2742 mihi
1196 2719 1218 2742 a
1262 2706 1407 2742 mendis
1445 2715 1617 2756 suspecta
1654 2715 1754 2750 sunt,

306 2762 407 2798 Fort.
438 2774 475 2810 p.
505 2761 619 2808 2679.
660 2759 745 2795 Vid.
778 2760 930 2796 Santen.
957 2760 1001 2795 ad
1059 2758 1244 2808 posterius
1275 2759 1454 2808 inprimis,
1488 2760 1550 2796 sed
1586 2773 1642 2796 res
1673 2773 1755 2808 quae

305 2815 459 2851 Terent.
478 2814 654 2850 Maurum
676 2826 710 2862 p.
734 2824 824 2860 352·
1059 2812 1212 2849 docetur
1230 2825 1274 2849 ex
1294 2812 1374 2849 aliis
1389 2812 1475 2849 satis
1490 2812 1649 2862 intelligi
1669 2821 1755 2862 pot-

360 2869 412 2904 ib.
451 2865 587 2902 Turdis
633 2865 827 2912 edacibus]
879 2865 1004 2902 Primo
1060 2865 1140 2902 erit.
1172 2866 1367 2902 CAMER.

307 2921 391 2958 loco
428 2919 551 2970 posita
582 2919 656 2956 duo
693 2918 861 2968 exempla
897 2918 1004 2954 valde
