1962 3355
323 182 418 230 286
884 182 1041 229 Marii
1063 181 1219 230 Plotii

286 322 302 343 ²
567 303 653 351 De
677 304 989 352 choriambico
1014 304 1213 350 dimetro
1238 302 1525 349 catalectico.

394 386 774 434 Choriambicam
799 387 1052 433 dimetrum
1072 384 1401 431 catalecticum
1425 385 1478 430 fit
1502 384 1592 430 hoc
1617 383 1774 439 modo,

716 462 929 509 Ἱστοπόνοι
953 462 1154 524 μείρακες.

723 540 947 586 Qucesierz‘s
967 538 1074 577 scire
1093 535 1232 590 unid.

285 683 303 712 3
589 660 673 706 De
698 660 898 705 dimetro
925 657 1185 705 acatalecto
1213 657 1522 721 Phrynichio.

394 746 771 794 Clzoriambicum
797 748 1050 794 dimetrum
1073 747 1428 804 aacatakctum,
1443 747 1569 810 quod
1590 747 1775 811 bPhry-

324 824 531 869 nichium
566 833 884 886 nuncupatur,
910 824 1077 886 incipit
1102 842 1126 870 a
1151 823 1427 887 dispondeo,
1452 833 1498 870 et
1522 824 1694 870 desinit
1725 825 1772 870 in

323 900 743 956 cchoriambicum,
767 900 839 945 vel
876 899 921 945 in
959 900 1192 964 hippium,
1217 899 1263 946 id
1296 909 1366 946 est
1403 899 1644 963 epitritum
1683 901 1776 963 pri-

324 994 474 1032 mum,
499 986 691 1040 propter
714 976 1020 1022 novissimam
1048 976 1276 1039 syllabam
1304 976 1679 1031 indifferentem3

666 1053 895 1093 Cantantes
914 1067 1026 1093 *nime
1045 1054 1252 1109 deficiunt.

284 1192 306 1221 4
752 1173 837 1220 De
861 1174 1079 1222 trimetro
1103 1176 1347 1223 catalecto.

397 1260 684 1307 Trimetrum
719 1262 1046 1309 catalecticum
1080 1265 1135 1310 fit
1173 1263 1357 1311 duobus
1394 1261 1696 1318 choriambis,
1731 1268 1778 1306 et

325 1337 667 1401 amphimacro,

665 1403 778 1443 Dice
790 1409 940 1459 potens
959 1404 1114 1444 AEoliae
1132 1405 1146 1444 i
1152 1404 1293 1445 Μυῖα).

288 1537 304 1566 5
728 1525 814 1571 De
838 1526 1055 1572 trimetro
1081 1525 1371 1572 catalectico.

394 1611 638 1658 Interdum
668 1613 939 1659 trimetrum
966 1613 1295 1659 catalecticum
1321 1613 1378 1658 ab
1406 1612 1564 1658 iambo
1599 1611 1780 1674 incipit,

328 1688 485 1734 medio
521 1688 850 1734 choriambum
897 1689 1054 1745 habet,
1099 1689 1146 1735 in
1185 1689 1468 1735 dnovissimo
1510 1687 1781 1751 amphibra-

328 1764 471 1827 chyn,

667 1829 867 1885 Nepotem
888 1838 936 1870 eo
956 1832 1150 1885 cotgficere
1167 1830 1399 1871 studebant.

291 1956 311 1988 6
741 1952 825 1998 De
849 1952 1068 1998 trimetro
1091 1952 1370 1999 Pindarico.

407 2038 697 2085 Trimetrum
722 2040 1085 2087 choriambicum
1112 2040 1443 2087 catalecticum
1461 2039 1783 2086 Pindaricum

332 2117 384 2160 fit
421 2115 574 2178 prima
611 2117 806 2179 syzygia
841 2134 898 2162 ex
939 2117 1096 2163 iambo
1131 2126 1177 2163 et
1209 2117 1430 2172 tmehaeo,
1457 2116 1501 2162 id
1537 2125 1608 2162 est
1643 2114 1784 2161 fanti-

333 2200 506 2254 spasto,
533 2190 579 2236 in
608 2191 764 2237 medio
789 2192 1082 2249 choriambo,
1110 2193 1156 2238 in
1184 2194 1278 2239 fine
1304 2191 1668 2256 amphibrachy‚

676 2268 863 2309 Cauchas
883 2283 948 2309 eos
964 2283 1095 2324 puero
1115 2270 1289 2310 colendo.

335 2350 555 2396 Graecum
582 2352 858 2415 exemplum
885 2370 978 2398 non
1006 2352 1177 2398 inveni.

301 2493 317 2524 7
614 2454 694 2526 De
717 2481 933 2527 trimetro
960 2481 1236 2528 catalectico
1261 2481 1513 2544 Sapphico.

407 2567 698 2613 Trimetrum
738 2568 1065 2614 catalecticum
1094 2567 1388 2630 Sapphicum
1424 2566 1785 2631 hendecasylla-

390 2716 408 2734 z
428 2707 531 2757 quid]
556 2710 627 2744 hoec
648 2709 692 2744 L.
848 2719 866 2738 a
887 2710 1149 2757 acatalectum]
1175 2711 1388 2746 catalectum
1411 2710 1453 2745 L.
1589 2707 1610 2736 b
1630 2707 1784 2757 Phryni-

336 2760 479 2810 chium]
506 2761 746 2811 Pyrrhichum
767 2763 812 2800 L.
923 2770 939 2790 0
957 2762 1267 2811 choriambicum]
1293 2764 1529 2799 choriambico
1549 2762 1593 2798 L.
1675 2759 1695 2787 d
1716 2774 1785 2796 no-

337 2813 505 2863 vissimo]
529 2817 723 2852 novissimis
743 2815 786 2851 L.
924 2822 940 2842 e
962 2828 981 2851 o
1001 2816 1168 2863 conficere
1187 2817 1376 2853 studebant
1397 2816 1441 2852 L.
1595 2812 1611 2840 f
1627 2827 1669 2850 ex
1687 2815 1785 2849 anti-

335 2873 456 2914 spasto
477 2868 523 2904 L.
