1962 3355
163 167 268 199 CAP.
284 151 362 198 36.
596 153 676 198 Dc
700 154 862 199 metris
890 153 1196 201 Horatianis.
1523 161 1616 213 507

160 283 207 320 et
232 282 416 327 constat
449 273 575 337 prior
598 291 756 319 versus
781 272 1088 320 ktetrametro
1120 274 1264 320 heroo
1289 274 1463 320 arctico
1487 283 1533 320 et
1558 293 1615 321 ex

159 350 309 396 tribus
346 350 578 404 trochaeis,
611 349 692 405 sic,
718 349 947 413 dactylus,
971 350 1204 414 dactylus,
1232 349 1485 413 spondeus,
1510 351 1617 397 dac-

159 426 302 489 tylus,
326 425 542 472 ¹trochaei
568 435 675 482 tres,
701 426 783 482 sic,

272 502 471 557 Solvitur}
494 503 606 542 acris
627 502 780 558 hylems
795 507 943 558 graflta,
964 504 1058 557 vice}
1083 502 1202 556 veris}
1221 509 1259 543 et
1275 503 1472 555 Faffivom'.

158 575 294 621 Alter
324 593 432 621 vero
467 593 525 622 ex
561 576 940 639 penthemimere
972 576 1220 623 miambica
1254 585 1301 623 et
1337 577 1485 623 tribus
1521 585 1615 623 tro-

158 652 316 706 chaeis,
342 653 424 709 sic,

334 726 620 783 Tralmnthue
640 728 790 784 siclcasl
815 729 1028 782 machiffinae
1047 730 1246 784 calrz'nas.

225 802 406 854 Quinta
430 801 533 856 ode,
553 801 786 864 Πτρίκωλος,
807 802 1127 849 Horatianum
1155 813 1361 849 metrum
1390 802 1549 857 habet,
1569 810 1616 848 et
1633 824 1650 854 5

156 896 240 942 per
264 887 516 940 quaternos
540 896 701 924 versus
727 878 981 925 scanditur.
1041 878 1170 925 Nam
1197 896 1253 924 ex
1280 878 1495 924 0duobus
1521 879 1616 941 pri-

157 956 247 1001 mis
272 955 610 1018 Asclepiadeis‚
635 964 682 1001 et
716 955 854 1001 tertio
881 955 1192 1011 Pherecratio,
1219 965 1266 1002 et
1302 965 1469 1018 quarto
1498 956 1617 1018 Gly-

157 1031 323 1077 conico
371 1040 568 1077 constat.
650 1031 1052 1095 PAsclepiadeum
1095 1032 1348 1085 scanditur,
1386 1041 1439 1077 ut
1475 1049 1616 1095 supra

156 1107 381 1163 diximus,
416 1109 575 1166 (qnam
612 1108 717 1154 duae
753 1114 1051 1170 πευθημιμερεῒς
1086 1118 1133 1154 et
1164 1109 1268 1155 duae
1303 1109 1470 1155 διποδίαι
1506 1117 1616 1155 sunt

156 1184 430 1245 δακτυλικαὶ,)
459 1184 540 1239 sic,
568 1184 820 1247 spondeus,
857 1184 1090 1247 dactylus,
1127 1185 1347 1249 semipes,
1383 1185 1614 1249 dactylus,

155 1260 387 1324 dactylus,

327 1337 431 1384 Quis
451 1336 596 1389 mulita
612 1336 818 1391 graciffilz'sl
845 1342 881 1377 te
898 1336 1016 1391 puer}
1042 1338 1088 1376 in
1108 1351 1219 1377 rosa.

155 1404 233 1450 Sic
258 1413 304 1450 et
333 1403 583 1450 secundus.
654 1403 1006 1450 Pherecratium
1044 1414 1201 1451 autem
1240 1414 1311 1451 est
1345 1404 1612 1451 trimetrum

156 1480 417 1537 heroicum,
442 1479 691 1541 spondeus,
717 1480 952 1544 dactyluS,
979 1481 1230 1546 spondeus,

499 1557 640 1612 Grato!
665 1558 839 1612 Pyrrha
859 1558 944 1612 subl
967 1564 1101 1597 antro.

157 1629 282 1675 Item
310 1629 702 1694 qulycoffleum,
727 1648 787 1676 ex
813 1630 1026 1694 spondeo
1051 1639 1098 1676 et
1122 1630 1400 1677 choriambo
1425 1639 1472 1676 et
1498 1630 1615 1676 iam-

156 1705 232 1759 bo,
260 1705 340 1763 sic,

502 1772 584 1812 Cui
598 1772 778 1825 fla1vam
800 1771 967 1826 religas]
993 1780 1178 1812 scomam.

223 1855 368 1901 Sexta
409 1854 512 1910 ode,
553 1854 773 1908 Υῖὸίκωλος,
817 1863 1023 1900 metrum
1077 1855 1396 1901 Horatianum
1454 1855 1612 1901 habet.
1634 1864 1653 1895 6

157 1932 359 1978 Constat
390 1940 547 1979 autem
573 1949 630 1978 ex
656 1932 804 1978 tribus
831 1931 1041 1977 versibus
1067 1931 1406 1995 Asclepiadeis,
1429 1930 1487 1977 de
1510 1931 1614 1993 qui-

158 2009 245 2055 bus
272 2026 411 2072 supra
435 2007 643 2054 diximus
670 2007 753 2063 sic,

385 2090 605 2144 Scribelrz's
634 2089 925 2145 Variiossjortz's
945 2088 991 2144 etl
1014 2089 1190 2130 hostium
1207 2105 1219 2128 .-

156 2179 204 2216 et
239 2179 407 2233 quarto
432 2168 711 2233 Glyconico.
770 2168 972 2215 Constat
1010 2176 1169 2214 autem
1208 2185 1266 2213 ex
1301 2166 1535 2230 Sspondeo
1568 2175 1615 2213 et

157 2246 434 2293 choriambo
458 2255 505 2292 et
530 2246 704 2303 iambo,
730 2245 809 2299 sic,

385 2333 522 2386 Milesi
546 2339 583 2374 te
604 2333 704 2373 duce
717 2332 925 2389 ges}ser·it.

213 2503 233 2530 k
255 2512 470 2541 tetrametro
498 2505 666 2552 heroico]
701 2511 880 2541 exametro
901 2506 1008 2541 heroo
1029 2507 1162 2541 arctico
1182 2505 1226 2541 A.
1249 2505 1454 2540 hexametro
1475 2505 1614 2541 heroico

161 2559 255 2594 Ven.
385 2556 396 2583 l
415 2559 561 2604 spondei
582 2559 675 2594 Ven.
811 2565 842 2584 ¹1¹
862 2557 1037 2604 iambica]
1062 2559 1210 2594 iambico
1229 2559 1271 2593 A.
1411 2565 1430 2583 ¹¹
1450 2558 1612 2606 τρίκωλος]

162 2612 351 2647 tetracolos
371 2612 413 2646 A.
437 2611 529 2646 Ven.
677 2620 696 2638 0
716 2611 880 2657 duobus]
903 2613 1042 2647 duabus
1058 2613 1186 2659 primis
1204 2612 1247 2647 A.
1385 2618 1404 2645 P
1425 2611 1613 2659 Asclepia—

161 2665 269 2701 deum
292 2662 496 2710 scanditur]
523 2664 749 2711 Asclepiadei
768 2666 989 2700 scanduntur
1009 2666 1053 2701 A.
1170 2671 1189 2699 q
1210 2677 1295 2700 nam
1318 2664 1416 2711 duae]
1440 2676 1521 2699 nam
1543 2665 1613 2698 (luo

160 2718 205 2754 A.
227 2718 325 2753 Ven.
463 2723 505 2750 qq
525 2716 791 2765 Glyconicum]
812 2719 1016 2764 glyconium
1040 2718 1133 2753 Ven.
1287 2726 1301 2744 ¹·
1321 2719 1495 2753 cominam
1518 2716 1610 2751 Ven.

160 2777 192 2797 rr
211 2773 337 2811 δίκωλος
371 2777 530 2805 metrum
568 2769 817 2805 Horatianum
857 2770 985 2816 habet]
1022 2772 1210 2806 tetracolos
1244 2771 1472 2805 horatianum
1507 2769 1613 2803 habet

161 2824 206 2860 A.
228 2824 325 2859 Ven.
490 2828 504 2847 s
525 2822 691 2871 spondeo
711 2829 746 2858 et
767 2821 983 2859 choriambo
1004 2822 1202 2872 pyrrichio]
1237 2836 1279 2859 ex
1304 2823 1452 2870 spondio
1477 2826 1511 2856 et
1532 2821 1612 2855 cho-

163 2877 299 2912 riambo
320 2881 354 2912 et
374 2876 488 2910 iambo
508 2875 555 2910 A.

822 2945 959 2984 3T2
