1962 3355
370 182 464 219 500
963 173 1216 220 Diomedis
1338 195 1340 197 ·
1628 189 1726 221 mn.
1746 190 1822 222 111.

539 294 628 334 Ibis
649 293 855 334 Liburnis
874 294 985 334 inter
1004 294 1092 334 alta
1112 296 1302 335 navium.

310 388 350 421 53
437 365 694 412 ⁵Trimeter
717 365 888 412 herous
913 383 972 412 ex
1003 367 1243 430 superiore
1279 367 1485 413 iambico
1510 369 1603 424 tfit,
1628 376 1681 414 ut
1704 367 1827 414 dixi-

371 459 493 498 muS‚
516 441 626 488 vsed
652 442 743 488 hoc
767 442 917 488 Varro
943 444 1001 488 ab
1026 442 1336 488 Archilochio
1369 452 1561 490 auctum
1589 444 1720 500 dicit,
1745 445 1827 492 ad-

363 519 533 581 juncta
559 519 754 583 syllaba,
779 531 826 566 et
850 520 1028 566 factum
1056 520 1204 574 Wtale,

603 597 889 651 omnipotente
904 602 1080 651 parente
1099 610 1199 636 meo.

373 666 506 713 Huic
547 668 581 713 si
627 667 807 713 auferas
848 667 1071 713 ultimam
1116 668 1363 731 syllabam,
1401 676 1539 714 erunt
1579 668 1694 714 tales
1731 677 1826 714 tres

372 742 530 806 pedes,
556 761 674 805 quos
708 743 833 806 prior
868 761 974 806 pars
1010 744 1270 790 hexametri
1304 743 1511 808 recipere
1535 744 1826 798 Xconsuevit,

376 822 469 882 [ut,

604 895 819 934 Panditur
839 895 999 935 interea
1020 895 1197 950 domm]

313 985 354 1017 54
439 967 799 1013 Archilochium
852 965 1172 1032 [trimetrum]
1211 968 1360 1015 Varro
1392 968 1505 1015 illud
1543 968 1674 1025 dicit,
1699 969 1826 1031 quod

373 1053 443 1089 est
469 1044 578 1098 tale,

543 1121 617 1160 Ex
637 1120 828 1160 litoribus
848 1128 1144 1177 yproperantes
1164 1122 1344 1162 navibus
1364 1122 1575 1162 recedunt.

374 1193 472 1240 Hic
497 1193 710 1256 superius
736 1211 941 1251 comma,
966 1194 1091 1256 quod
1118 1204 1189 1242 est
1214 1196 1320 1252 tale,

543 1270 618 1309 Ea:
637 1270 829 1311 litoribus
842 1277 1135 1326 properantes,

373 1343 525 1389 simile
549 1352 620 1389 est
644 1343 780 1398 ss'yilli,

550 1420 691 1474 Trojce
710 1421 782 1475 qui
799 1421 966 1475 primus
987 1421 1037 1460 ab
1058 1422 1156 1461 oris.

373 1491 576 1538 Inferius
601 1509 807 1547 comma,
834 1492 985 1554 zquod
1012 1502 1082 1538 est
1106 1494 1214 1550 tale,

715 1568 911 1609 Navibus
932 1569 1140 1617 recedunt,

372 1640 524 1686 simile
549 1649 620 1686 est
644 1640 727 1695 illi,
753 1641 879 1703 quod
906 1650 976 1687 est
1001 1641 1109 1698 tale,

713 1717 928 1757 Machz'nae
947 1719 1129 1758 carinas.

312 1807 350 1838 55
438 1789 715 1836 Dimetrum
743 1807 948 1853 quoque,
970 1791 1095 1853 quod
1123 1801 1269 1838 estex
1291 1792 1528 1855 superiore
1553 1801 1686 1856 parte
1712 1792 1828 1839 hex-

372 1865 555 1923 ametri,
579 1866 969 1913 ³Archilochium
996 1885 1090 1914 una
1115 1869 1297 1932 syllaba
1323 1869 1455 1915 auxit
1479 1878 1526 1915 et
1551 1868 1663 1915 fecit
1689 1868 1828 1924 btale,

721 1943 812 1983 Vult
833 1943 906 1983 tibi
935 1944 1152 1992 Timocles,

372 2014 463 2060 hoc
487 2015 579 2061 tale
602 2024 687 2071 est,
711 2016 851 2078 quale
877 2016 925 2062 in
953 2016 1171 2073 Horatio,

713 2093 750 2131 A
756 2092 1022 2148 rboribusque
1042 2108 1179 2143 eomae,

371 2156 418 2192 θῖ
444 2146 576 2202 illud,

712 2214 845 2254 Arma
866 2216 1085 2270 virumque
1105 2229 1221 2255 cano.

371 2284 595 2347 Denique
614 2284 808 2332 detrahe
830 2286 1047 2332 ultimam
1070 2287 1317 2350 syllabam,
1337 2296 1383 2333 et
1401 2296 1538 2334 erunt
1555 2288 1650 2335 duo
1667 2288 1811 2352 pedes

373 2361 453 2422 qui
479 2361 682 2424 priorem
713 2363 976 2409 hexametri
1002 2364 1208 2410 Chabent
1231 2375 1429 2427 partem.

1815 2327 1828 2346 5

427 2524 442 2543 s
459 2517 626 2553 trimeter
640 2518 826 2566 heroicus]
853 2521 1018 2556 Dimeter
1040 2522 1167 2557 herous
1187 2524 1279 2558 A.B.
1304 2525 1468 2559 Dimeter
1491 2525 1586 2562 Ven.
1671 2526 1685 2552 ἵ
1705 2525 1745 2562 fit
1766 2528 1823 2573 ut]

374 2583 448 2606 om.
470 2570 561 2606 A.B.
582 2570 678 2606 Ven.
818 2580 834 2597 v
855 2573 918 2609 sed
940 2574 1038 2610 hunc
1061 2576 1176 2611 Varro
1197 2577 1259 2623 ex]
1285 2579 1346 2612 secl
1366 2578 1430 2612 hoc
1456 2579 1570 2614 Varro
1590 2579 1635 2615 ab
1654 2580 1746 2615 A.B.
1767 2582 1828 2616 sed

374 2624 430 2659 hic
451 2623 549 2660 Ven.
643 2630 671 2648 W
691 2623 760 2671 sic]
785 2627 858 2661 tale
878 2627 969 2662 A.B.
993 2640 1066 2663 om.
1090 2629 1186 2665 Ven.
1298 2636 1318 2655 Χ
1338 2634 1527 2667 consuevit.
1559 2633 1828 2668 Archilochium

379 2677 494 2711 Varro
515 2678 606 2712 illud
625 2679 712 2712 dicit
733 2679 824 2714 A.B.
847 2679 943 2715 Ven.
1027 2688 1046 2714 y
1062 2688 1297 2729 properantes
1318 2685 1466 2720 navibus
1486 2687 1664 2721 recedunt.
1696 2686 1752 2721 hic
1770 2698 1828 2721 su-

368 2731 493 2777 perins
512 2742 650 2765 comma
669 2732 762 2777 quod
783 2737 834 2767 est
854 2734 937 2767 tale.
982 2733 1096 2781 Trojce
1115 2736 1208 2771 A.B.
1320 2743 1359 2771 yy
1380 2738 1471 2773 illud
1489 2738 1584 2773 Ven.
1691 2745 1710 2764 Ζ
1725 2739 1825 2787 quod

373 2784 447 2829 est]
473 2785 567 2830 quod
586 2789 637 2819 est
658 2784 731 2818 tale
750 2785 841 2820 A.B.
864 2787 924 2833 qui
949 2799 1033 2822 mox
1055 2789 1243 2825 dimetrum
1266 2802 1415 2836 quoque.
1526 2797 1546 2817 a
1565 2790 1824 2838 Archilochus]

374 2836 645 2872 Archilochium
664 2837 756 2872 A.B.
852 2835 871 2863 b
893 2839 965 2874 tale
985 2840 1114 2889 quale]
1142 2844 1215 2878 tale
1233 2843 1310 2878 vult
1332 2844 1394 2878 tibi
1411 2843 1582 2879 Timocles
1602 2845 1666 2880 hoc
1685 2846 1758 2880 tale
1777 2850 1827 2880 est

374 2890 479 2935 quale
497 2890 591 2925 A.B.
703 2896 719 2915 c
739 2898 881 2939 partem
904 2891 1059 2940 habent]
1084 2894 1214 2931 habent
1230 2901 1375 2943 partem
1393 2897 1485 2932 A.B.
