1962 3355
110 242 219 276 CAP.
243 239 315 275 11.
451 230 534 276 De
552 229 811 293 generibus
834 235 1093 275 metrorum
1121 228 1204 290 850.
1471 228 1561 285 169

109 350 263 413 prima
281 351 369 397 erit
383 350 633 397 duodecim
653 349 941 413 syllabarum
957 350 1227 396 intrimetro
1243 349 1450 404 versu,in
1468 367 1563 411 quo

111 435 191 473 aut
216 444 381 474 omnes
407 428 552 474 iambi
577 443 656 474 aut
676 425 870 489 spondei
893 424 1090 471 admixti
1120 425 1464 488 creperientur:
1496 435 1563 481 ut,

244 504 344 550 Ibis
370 504 604 550 Liburnis
629 504 755 549 inter
780 501 882 547 alta
906 501 1111 547 navium.

110 579 360 626 Tredecim
399 590 554 627 autem
594 579 883 643 syllabarum
921 586 1046 633 sunt,
1073 578 1155 640 qui
1184 595 1332 623 unum
1357 595 1382 623 e
1408 577 1564 640 trisyl-
1584 589 1602 618 8

111 656 230 702 labis
257 656 428 720 pedem
456 657 524 702 sui
558 656 809 702 dumtaxat
833 654 1031 717 generis,
1064 654 1143 717 qui
1180 672 1264 718 pro
1289 654 1376 700 loci
1404 653 1567 700 condi-

110 732 241 778 tione
282 734 537 787 evenerint,
579 733 802 787 dhabent,
842 740 889 777 et
928 730 1134 794 reliquos
1177 748 1202 777 e
1249 729 1374 776 binis
1424 730 1567 793 sylla-

112 809 198 864 bis,
225 818 291 866 ut,

243 884 487 949 Magnam
505 886 776 949 propinquo
800 884 979 931 scelere
1002 884 1190 931 vidistis
1214 884 1417 930 domum.

113 962 506 1015 Quattuordecim
535 980 661 1019 vero,
686 980 710 1007 e
746 962 918 1024 quibus
956 960 1051 1006 duo
1086 970 1327 1006 ternarum
1366 960 1568 1024 syllaba-

112 1058 215 1086 rum
244 1040 590 1096 contineantur,
616 1049 683 1094 ut,

245 1116 374 1163 Erat
397 1117 582 1162 oriendi
606 1123 791 1178 tempus
812 1134 991 1162 clm-ora
1017 1116 1296 1162 hominibus.

114 1191 400 1244 Quindecim
428 1210 567 1256 porro
594 1193 900 1255 syllabarum,
919 1193 966 1238 in
994 1202 1112 1255 quot
1131 1210 1202 1238 res
1223 1202 1480 1261 ternarum,
1501 1211 1570 1238 re-

113 1268 229 1330 liqui
255 1267 453 1313 totidem
483 1277 593 1313 sunt
619 1268 853 1325 binarum,
879 1278 932 1314 ut
957 1279 1042 1325 est,

247 1343 442 1408 Equum
465 1345 553 1391 sub
577 1351 755 1391 aurata
765 1344 900 1408 juga
925 1345 1080 1391 media
1108 1346 1362 1409 bigemina.

114 1420 331 1467 Sedecim
370 1422 674 1486 syllabarum,
699 1440 807 1469 cum
840 1423 935 1470 duo
966 1423 1109 1487 pedes
1148 1424 1324 1470 babent
1350 1423 1568 1469 binarum
1589 1443 1609 1474 9

115 1497 420 1561 syllabarum,
445 1507 668 1561 quattuor
693 1509 850 1545 autem
877 1500 1040 1555 trium,
1067 1510 1134 1557 ut,

247 1572 443 1621 Nebula
468 1576 744 1622 etenebrosa
773 1577 1010 1624 Canicula
1034 1577 1158 1624 male
1182 1577 1387 1624 roscida.

115 1651 472 1714 Septemdecim
513 1652 705 1715 syllabis
747 1653 827 1715 qui
871 1663 1093 1700 constant
1125 1653 1360 1699 rarissime
1392 1651 1572 1698 inveni-

115 1737 275 1785 untur,
309 1745 459 1773 unum
499 1728 626 1774 enim
667 1729 864 1775 omnino
899 1748 1106 1793 eumque
1138 1730 1449 1776 novissimum
1491 1730 1574 1775 ha-

116 1805 231 1851 bent
255 1805 425 1868 pedem
452 1805 685 1863 iambum,
711 1816 764 1852 ut
787 1816 871 1862 est,

250 1881 446 1944 Rapere
469 1883 627 1928 maria
652 1882 927 1930 scelerivola
953 1884 1041 1931 dea
1064 1885 1156 1930 sibi
1181 1884 1324 1946 cupit.

117 1957 241 2004 Sane
267 1957 438 2004 accidit
458 1976 799 2022 nonnunquam
824 1969 876 2006 ut
890 1978 976 2024 pro
996 1970 1248 2024 anapaesto,
1271 1969 1350 2006 aut
1368 1958 1573 2020 dactylo,
1596 1977 1634 1998 10

120 2044 201 2081 aut
217 2034 427 2097 spondeo
447 2044 671 2097 quattuor
690 2036 852 2082 breves
872 2037 1027 2100 primo
1044 2036 1165 2101 pede
1181 2046 1434 2100 ponantur,
1453 2044 1574 2081 tam-

119 2128 280 2173 quam,

251 2187 500 2253 Beneficia
525 2198 639 2252 gpro
664 2207 719 2236 re
743 2189 896 2236 colere
918 2188 1148 2251 sapientis
1170 2188 1268 2234 viri
1290 2183 1359 2233 est
1376 2206 1390 2232 .·

120 2264 201 2328 qui
233 2274 315 2311 aut
340 2283 424 2329 per
448 2264 798 2330 hsynaloephen
825 2264 1085 2319 scanditur,
1111 2274 1191 2310 aut
1215 2263 1398 2309 duabus
1425 2262 1576 2308 brevi-

119 2342 207 2389 bus
232 2342 279 2388 in
305 2359 451 2388 unam
476 2341 667 2405 longam
696 2342 929 2406 copulatis
955 2341 1232 2405 explicatur.
1271 2340 1381 2386 Hoc
1407 2356 1576 2402 genere
1601 2362 1633 2382 ιι

119 2436 358 2473 versuum,
383 2428 437 2464 ut
462 2436 602 2482 supra
626 2417 852 2476 diximus,
875 2418 1058 2482 primus
1089 2435 1196 2463 usus
1233 2426 1304 2463 est
1329 2416 1575 2462 Homerus

122 2495 171 2541 iu
189 2495 400 2559 lWargite
425 2513 527 2551 suo,
550 2513 635 2540 nec
660 2505 819 2541 tamen
845 2504 1002 2541 totum
1029 2511 1218 2541 carmen
1246 2494 1313 2540 ita
1337 2493 1576 2556 digestum

120 2571 332 2636 perfecit,
348 2589 458 2618 nam
484 2571 670 2618 duobus
694 2572 968 2635 pluribusve
995 2571 1282 2617 hexametris
1303 2568 1577 2632 antepositis

177 2777 193 2797 0
211 2770 462 2819 reperiuntur]
482 2768 711 2819 reperientur
730 2770 769 2805 P.
933 2766 953 2795 d
973 2769 1130 2817 habent]
1155 2769 1290 2805 habeat
1310 2770 1350 2805 P.
1408 2767 1579 2803 Correxit

124 2824 371 2860 Camerarius.
534 2831 551 2850 e
572 2823 784 2870 tenebrosa]
807 2821 970 2859 tenebris
992 2823 1034 2859 P.
1184 2820 1200 2847 f
1216 2821 1425 2868 celerivola]
1450 2819 1579 2856 celeri-

123 2877 245 2913 volata
264 2878 303 2913 P.
415 2883 436 2911 g
456 2889 523 2926 pro
543 2875 598 2922 re]
621 2875 770 2926 proprie
790 2877 833 2913 P.
945 2874 966 2901 h
985 2875 1244 2925 synaloephen]
1270 2874 1487 2924 synaliphen
1509 2873 1550 2908 P.

842 2955 868 2983 Z
