1962 3355
362 238 451 288 194
867 227 1027 274 Marii
1055 227 1293 275 Victorini
1615 239 1712 270 Lm.
1740 239 1808 269 ιν.

361 350 639 396 incisionem
666 349 963 412 singulorum
990 357 1130 411 atque
1165 345 1550 408 conjunctionem
1587 344 1810 407 pleraque

362 436 621 472 metrorum
643 442 812 487 genera
836 433 1137 471 commentus
1157 432 1239 468 est.
1275 423 1484 482 Jamque
1504 420 1710 466 iambico
1730 420 1812 466 tri-

362 511 514 548 metro
544 502 753 548 detraeta
787 508 920 563 parte
945 500 1098 555 tertia,
1124 499 1170 544 id
1207 506 1278 543 est
1311 495 1518 559 dipodia‚
1553 495 1808 541 dimetrum

362 577 617 625 iambicum
645 575 810 632 edidit,
837 575 917 632 sic,

560 653 745 698 Beatus
769 650 850 696 ille
873 651 954 712 qui
969 649 1146 711 procul
1166 648 1384 712 negotii-5.

361 727 550 783 dehinc,

569 802 633 848 Ut
650 801 816 863 prisca
837 817 958 863 gens
982 798 1270 846 mortalium.

327 891 344 920 5
363 878 591 924 Similiter
637 895 662 922 a
709 876 944 939 dactylico
992 875 1156 922 eadem
1205 882 1337 937 parte
1379 875 1621 937 vdempta,
1658 873 1704 919 id
1741 883 1812 920 est

361 953 545 999 duobus
581 952 792 998 retractis
828 952 1044 1014 pedibus,
1073 959 1399 996 tetrametrum
1438 949 1497 995 de
1535 950 1814 995 hexametro

361 1037 589 1074 errsum
616 1027 828 1091 protulit,
854 1036 920 1082 ut,

497 1102 770 1150 Cantabwzt
792 1102 909 1149 mihi
932 1102 1191 1148 Damoetas
1216 1108 1262 1147 et
1295 1101 1497 1164 Lyctius
1522 1100 1716 1163 AEgon.

361 1180 549 1234 dehine,

493 1256 752 1302 Damoetas
777 1261 823 1300 et
849 1253 1052 1316 Lyctius
1076 1253 1270 1316 AEgon.

324 1331 543 1378 6Eadem
582 1332 761 1395 speeies
793 1330 880 1376 erit
905 1330 941 1375 si
969 1348 1214 1394 supremos
1248 1329 1463 1376 similiter
1494 1328 1636 1393 pedes
1662 1328 1815 1376 detra-

361 1409 461 1465 has,
488 1417 556 1463 ut,

498 1483 544 1530 O
568 1483 774 1530 crudelis
798 1482 945 1529 Alexi
967 1481 1090 1528 nihil
1111 1498 1215 1528 mea
1241 1481 1455 1528 carmina
1483 1498 1637 1528 curas.

361 1559 552 1614 dehinc,

501 1635 546 1682 O
570 1635 776 1682 crudelis
800 1634 948 1680 Alexi
972 1633 1095 1679 nihil
1116 1651 1235 1680 mea.

325 1736 341 1768 7
363 1711 486 1757 Item
513 1711 719 1757 iambico
743 1710 955 1756 trimetro
980 1717 1231 1771 Xsuprema
1256 1709 1465 1756 detracta
1494 1709 1673 1772 syllaba
1700 1708 1816 1755 hen-

362 1786 714 1849 decasyllabon‚
739 1801 881 1846 quem
907 1784 1101 1846 quidam
1131 1784 1314 1831 miuron
1337 1794 1522 1842 vocant,
1544 1784 1706 1839 edidit,
1730 1794 1800 1841 ut,

494 1862 680 1908 Beatus
703 1860 786 1907 ille
809 1861 889 1923 qui
905 1860 1082 1923 procul
1103 1862 1322 1924 negotiis.

361 1937 550 1991 dehine,

493 2013 679 2060 Beatus
701 2012 784 2060 ille
807 2013 889 2077 qui
903 2012 1080 2076 procul
1101 2013 1314 2076 quiescit.

323 2101 342 2131 8
362 2089 591 2136 Similiter
630 2090 870 2136 trochaico
917 2091 1065 2136 tribus
1110 2089 1305 2136 revulsis
1348 2089 1564 2153 pedibus,
1606 2099 1813 2137 metrum

361 2166 648 2212 Phalaeeium
675 2166 888 2228 protulit,
914 2167 995 2223 sic,

503 2240 667 2287 Tollor
691 2242 740 2286 in
764 2248 944 2287 montes
967 2259 1120 2304 vagus
1143 2241 1338 2287 entheas
1360 2248 1570 2303 repente.

362 2315 552 2372 dehine,

495 2392 716 2439 Eiztheus
738 2400 947 2455 repente.

324 2468 545 2516 9Rursus
584 2469 685 2515 haee
719 2469 883 2515 eadem
925 2478 1213 2515 connectens
1250 2486 1332 2532 per
1367 2470 1469 2515 cola
1505 2479 1551 2515 et
1577 2480 1816 2518 commata

361 2544 484 2591 inter
509 2563 570 2602 se,
595 2546 963 2591 innumerabiles
989 2544 1135 2591 edidit
1161 2546 1354 2609 speeies,
1378 2564 1579 2608 quarum
1608 2546 1707 2592 aliae
1735 2565 1817 2610 per

361 2619 762 2681 conjunctionem,
783 2620 883 2666 aliae
902 2637 986 2684 per
1010 2620 1315 2682 injectionem
1332 2630 1354 2661 ‚v
1364 2632 1623 2669 metrorum
1645 2622 1812 2668 diversi

361 2696 544 2759 generis
565 2696 822 2759 conpositae
843 2696 1150 2758 formataeque
1170 2707 1442 2744 noscuntur.
1477 2699 1607 2745 Nam
1629 2699 1814 2745 duobus

414 2884 434 2902 V
453 2876 645 2924 adempta]
670 2876 822 2925 dempta
842 2876 884 2912 P.
1020 2883 1049 2902 W
1070 2877 1231 2924 versum]
1255 2890 1379 2914 versus
1401 2879 1443 2916 P.
1581 2886 1601 2905 Χ
1621 2879 1826 2929 suprema}

361 2941 535 2980 supremo
555 2929 594 2964 P.
703 2936 722 2963 Y
741 2929 964 2976 metrorum]
988 2937 1189 2966 metrorum
1210 2930 1341 2967 diversi
1360 2933 1508 2981 generis
1530 2932 1570 2967 P.
