1962 3355
368 186 424 226 xii

918 181 1269 222 PRAEFATIO.

369 308 455 337 ms.
482 288 732 335 Diomedis
767 286 1025 333 Harleiano
1061 302 1107 330 n.
1137 291 1260 341 2773
1289 291 1550 346 excerptas,
1575 301 1705 346 quas,
1734 283 1821 330 etsi

372 365 592 412 Parisinis
616 362 893 428 persimiles,
918 362 1141 407 lectorem
1168 376 1265 404 non
1290 358 1466 404 celabo.

685 538 756 573 Ed.

375 591 455 622 Page.

372 636 449 673 425
480 631 518 660 et
539 621 665 658 finitur
684 623 870 672 positione

481 675 655 712 accidunt

480 735 665 771 constant,
697 727 811 764 ternis
842 734 938 763 octo.
988 726 1070 761 Du-

534 780 660 829 plices‚
683 780 745 828 qui
764 780 821 815 vel

481 834 581 882 Ergo
602 833 755 869 duarum
777 831 998 881 syllabarum

479 884 716 934 Pyrrhichius

484 939 682 986 Hegemon

481 1002 525 1026 ex
546 990 688 1025 duabus

483 1042 600 1078 brevis

482 1093 714 1144 Pyrrhichius
735 1101 860 1130 autem

481 1155 634 1196 propter
653 1146 858 1196 pyrrhicam

483 1200 729 1235 modulationi

482 1252 653 1300 clypeum

480 1304 641 1341 illustrat
659 1303 839 1340 ὑπασπίδια
857 1304 1066 1351 προβιβῶντος

483 1356 538 1392 vel
557 1364 774 1406 expetenter

482 1409 733 1458 pyrrhichium
756 1421 775 1444 a
795 1408 936 1457 Pyrrho
953 1419 1073 1457 reper-

537 1470 615 1497 tum

485 1521 522 1550 et
540 1514 767 1550 illustratum

484 1566 690 1616 tripudians

481 1627 518 1656 et
538 1618 704 1656 Cinesias
724 1617 1011 1668 cognominatus

374 834 452 880 426

374 1631 449 1667 427

480 1726 535 1761 καὶ
563 1723 640 1766 εἴτις
663 1727 809 1772 πυρρίχην
836 1721 956 1769 ἔμαθεν
978 1727 1074 1766 Κινη-

538 1779 605 1811 σίου

483 1828 650 1865 Bellonae

484 1880 522 1918 id
542 1889 598 1917 est
617 1881 735 1916 Enius
758 1879 831 1915 filio

483 1942 730 1991 Capripedem
750 1943 888 1978 Inuum

486 1995 585 2043 quod
606 2007 692 2030 cum

487 2046 682 2084 cacumina
702 2045 884 2082 montium

487 2099 663 2148 reperisse

486 2159 704 2200 nuncupant

487 2203 737 2253 pyrrhichium

487 2256 544 2292 vei
567 2255 731 2304 tripudio

488 2309 612 2344 1Ierus

487 2363 575 2408 παρὰ
595 2362 651 2404 τὴν
671 2361 801 2404 σπονδήν

489 2413 630 2449 scilicet
651 2420 692 2449 ut
711 2412 868 2448 libantes

490 2464 717 2501 abominosae
738 2464 861 2501 audire

490 2517 654 2554 Arcadiae

490 2571 621 2606 choros

491 2621 675 2671 aequipedi

492 2683 727 2733 spondalium

493 2736 682 2772 divinitate

492 2789 685 2826 induceret

492 2841 634 2891 placare

381 2466 460 2512 428

1434 533 1520 568 MS.

1128 618 1218 654 Cod.
1241 631 1314 653 om.
1338 625 1375 653 et

1127 671 1309 707 accedunt

1127 732 1303 760 constant
1323 721 1448 759 ternis.
1479 730 1563 759 octo
1583 721 1750 772 duplices
1765 722 1828 772 qui

1180 784 1217 812 et

1127 829 1228 878 Ergo
1248 827 1418 864 binarum
1439 827 1660 878 syllabarum

1128 880 1323 930 pirrichius

1129 946 1287 982 egemon

1130 999 1173 1022 ex
1194 986 1339 1022 duobus

1130 1039 1256 1074 breves

1131 1091 1198 1127 Ido
1218 1099 1341 1127 autem
1364 1090 1555 1140 pirrichius

1131 1151 1281 1192 propter
1301 1143 1486 1192 piri-iciam

1131 1196 1393 1232 modulationis

1130 1248 1292 1297 clipeum

1132 1301 1302 1337 inlustrat
1322 1301 1511 1352 upaspidia
1530 1301 1753 1351 probuaonti

1131 1361 1172 1389 ut
1191 1362 1407 1402 expetenter

1130 1405 1349 1455 pyrrichiam
1371 1420 1392 1443 a
1411 1407 1551 1456 Pyrrho
1572 1414 1753 1456 repertam

1132 1519 1168 1548 et
1188 1511 1419 1548 inlustratam

1133 1564 1333 1613 tripedians

1133 1616 1313 1653 Cinesias.
1353 1630 1394 1653 ac
1421 1622 1441 1654 e
1470 1616 1732 1667 cognoiamina
1763 1615 1832 1652 mi-

1188 1678 1296 1705 natus

1131 1738 1186 1757 και
1208 1730 1292 1758 eitic
1313 1730 1375 1758 ten
1396 1722 1588 1772 pyrrichen
1609 1723 1784 1759 emathen

1133 1775 1324 1811 Kinnfflan

1134 1827 1180 1862 ed
1202 1827 1349 1863 bellone

1133 1879 1194 1915 ide
1215 1892 1324 1915 ensus
1348 1879 1422 1915 filio

1133 1955 1176 1978 ea
1193 1935 1299 1991 prima
1319 1943 1411 1992 pede
1431 1942 1468 1979 in
1490 1956 1606 1979 unum

1134 1995 1233 2043 quod
1254 2008 1337 2032 eum

1134 2048 1342 2084 amontium

1136 2100 1340 2149 repperisse

1136 2161 1376 2201 nunccupant

1135 2205 1359 2254 pyrrichium

1136 2257 1296 2307 tripodio

1135 2311 1244 2346 heros

1135 2376 1224 2412 para
1243 2364 1298 2399 tin
1319 2363 1487 2413 sponden

1135 2415 1277 2452 scilicet
1296 2415 1455 2452 libantes

1136 2468 1183 2504 ab
1202 2467 1358 2505 omnino
1378 2481 1416 2505 se
1435 2467 1560 2505 audire

1137 2533 1157 2555 a
1176 2520 1330 2557 arcadiae

1136 2573 1276 2609 choron

1137 2625 1309 2674 equipedi

1136 2682 1371 2735 spondaliom

1136 2739 1299 2776 divinare

1137 2792 1312 2828 inducere

1138 2843 1299 2891 placaret
