1962 3355
389 184 474 228 576
903 182 1165 237 Scriptorum
1185 180 1340 236 aliquot

390 297 604 338 Heroicon
623 301 779 337 met-ron
847 294 1029 335 virorum
1050 292 1219 333 fortium
1240 306 1414 333 carmen.

390 364 632 405 Bucolicum
847 361 1048 417 pastorale
1068 375 1244 401 carmen.

389 431 678 471 Monometron
847 442 987 468 versus
1008 427 1130 467 unius
1150 426 1276 482 pedis.

387 497 609 538 Dimetron
847 493 1023 534 duorum
1044 493 1197 548 pedum
1219 506 1374 531 versus.

393 565 634 604 Trimetron
848 560 972 601 trium
994 559 1149 615 pedum
1169 573 1324 608 versus,

393 631 682 671 Tetrametron
845 634 1043 681 quattuor
1064 625 1236 680 pedum,

387 698 681 737 Pentametron
847 693 1031 748 quinque
1051 691 1217 747 pedum.

387 764 676 803 Heoeametron
848 758 890 799 id
912 768 972 799 est
994 758 1211 799 senarium.

387 829 764 869 §Penthemimeren
848 825 1004 881 syllaba
1022 839 1235 866 remanens
1255 834 1347 880 post
1367 823 1471 864 duos
1490 822 1625 878 pedes.

387 896 780 951 Hephthemz‘meren
845 892 1002 948 syllaba
1025 897 1193 948 ‘postera

393 963 536 1003 Tritos
558 961 755 1002 trochaeus
845 959 1002 1015 syllaba
1022 967 1114 1014 post
1135 968 1329 1015 quartum
1350 970 1575 998 remanens.

395 1029 563 1069 Tetarte
583 1029 789 1069 bucolicon
848 1026 1005 1082 syllaba
1024 1036 1116 1082 post
1135 1026 1326 1081 quintum
1348 1037 1571 1064 remanens.

391 1095 663 1136 catalecticus
846 1093 944 1134 vubi
965 1093 1006 1134 in
1029 1093 1132 1149 pede
1152 1108 1272 1134 versu
1295 1107 1377 1132 uno
1397 1090 1554 1147 syllaba
1573 1088 1697 1129 deest.

387 1161 778 1217 Brachycatalectus
847 1160 919 1201 ubi
938 1160 1033 1200 duae
1053 1160 1187 1200 minus
1207 1169 1316 1200 sunt.

387 1229 648 1269 Acatalectus
847 1227 920 1268 ubi
938 1242 1079 1267 versus
1099 1226 1282 1282 legitimo
1299 1225 1379 1265 fine
1399 1221 1668 1264 concluditur.

387 1295 761 1350 Hypercatalectus
844 1294 915 1334 ubi
937 1309 1060 1350 super
1079 1293 1281 1349 legitimos
1302 1291 1426 1348 pedes
1448 1289 1603 1347 syllaba
1622 1287 1773 1330 crescit.

394 1362 543 1402 Thesis
845 1360 1055 1416 positurae.

395 1429 517 1468 Telia
846 1427 1062 1468 distinctio.

388 1495 705 1551 WHypostigme
846 1493 1142 1534 subdistinctio.

390 1562 506 1602 Effe-§e
846 1560 980 1600 media
1000 1560 1218 1602 distinctio.

390 1628 545 1668 XColon
846 1628 1092 1668 membrum.

392 1695 561 1735 Comma
846 1693 1034 1734 incisum.

390 1760 589 1801 Periodos
847 1759 1044 1810 clausula,
1073 1760 1155 1800 sive
1185 1760 1389 1801 circuitus.
1452 1760 1560 1799 Nam
1590 1758 1701 1798 colon
1730 1766 1840 1797 totus

900 1842 1041 1868 versus
1079 1836 1153 1877 est,
1190 1833 1390 1868 commata
1428 1836 1565 1867 autem
1598 1825 1698 1882 ipsae
1737 1824 1838 1865 inci-

901 1893 1032 1934 siones
1063 1894 1243 1949 pedum:
1280 1894 1476 1949 periodos
1508 1908 1604 1934 vero
1635 1902 1720 1934 tota
1749 1905 1838 1932 sen-

901 1971 1039 2002 tentia.

390 2029 658 2070 yMonocoZon
849 2028 972 2069 unius
992 2029 1165 2070 membri
1185 2029 1397 2077 sententia,

389 2096 565 2137 Dicolon
848 2095 1099 2146 bimembris,

396 2163 592 2203 Tricolon
846 2162 938 2203 trim
945 2163 1109 2212 embris,

397 2230 640 2270 Tetracolon
846 2229 1202 2285 quadrimembris,

391 2297 638 2338 Pentacolon
848 2297 1239 2352 quinquemembris.

446 2424 460 2443 s
500 2419 824 2468 Penthemz‘meren]
867 2419 1089 2469 Legendum
1144 2419 1407 2455 scribendum?
1448 2420 1508 2455 ubi
1538 2421 1574 2454 in
1600 2419 1692 2465 pede
1721 2430 1840 2454 versus

391 2478 448 2506 est
464 2471 754 2517 penthemimeres
779 2479 817 2507 et
838 2471 889 2508 sic
909 2472 946 2507 in
969 2471 1089 2520 proxi·
1144 2473 1271 2507 ultimo
1290 2473 1429 2519 syllaba
1449 2473 1556 2508 deest.
1592 2472 1745 2508 HEUS.

393 2535 455 2558 mo
477 2523 804 2569 hephthemz'meres.
836 2524 992 2560 HEUS.
1196 2531 1224 2549 w
1247 2525 1498 2573 Hypostz'gme]
1540 2525 1624 2572 MS.
1660 2526 1838 2572 ipostz'cen.

445 2575 460 2602 t
481 2575 618 2622 poster]
659 2575 782 2625 Lege:
819 2582 904 2623 post
931 2578 1085 2618 tertium,
1146 2576 1298 2613 HEUS.

392 2635 430 2664 et
452 2626 570 2677 junge
590 2640 674 2664 cum
695 2636 871 2677 sequente
890 2641 1086 2665 remanens.
1197 2637 1217 2655 x
1237 2631 1364 2677 Colon]
1390 2630 1473 2666 MS.
1488 2631 1579 2672 cola,
1596 2638 1634 2666 et
1649 2630 1701 2665 sic
1714 2628 1838 2678 paullo

392 2680 486 2716 Mox
518 2683 620 2729 τρίτον
651 2686 808 2727 τροχαῖον,
839 2683 894 2717 καὶ
931 2685 1090 2729 τετάρτην
1144 2690 1228 2732 post
1251 2683 1345 2718 Nam
1361 2683 1444 2719 cola
1463 2688 1557 2718 lotus
1575 2690 1647 2719 cet.
1683 2681 1838 2718 HEUS.

392 2734 579 2777 βουκολικῶν
606 2732 702 2769 male
729 2733 911 2784 explicari,
933 2734 1087 2771 manife-
1197 2740 1213 2764 Y
1236 2736 1468 2783 Monocolon]
1505 2735 1629 2778 Hanc,
1664 2742 1703 2771 et
1731 2741 1839 2783 quat-

394 2793 492 2822 stum
514 2794 581 2822 est.
613 2786 768 2823 HEUS.
1144 2795 1227 2824 tuor
1257 2795 1452 2836 sequentes
1483 2787 1624 2838 glossas
1658 2787 1840 2823 recentior

449 2846 466 2863 V
492 2839 551 2874 ubi
583 2840 619 2874 in
648 2840 738 2886 pede
768 2851 870 2876 versu
903 2840 992 2886 uno]
1031 2841 1087 2875 An
1145 2853 1275 2877 manus
1295 2840 1499 2890 adscripsit.
1531 2840 1686 2876 HEUS.
