1962 3355
121 210 220 237 cAP.
242 210 311 237 111.
660 194 730 234 De
749 195 893 234 metris
912 198 1016 233 octo.
1485 191 1568 231 535

546 338 654 378 CAP.
679 336 770 377 ΙΙΙ.
801 337 869 378 De
888 335 1031 376 metris
1049 340 1146 375 octo.

178 440 286 479 Sunt
314 437 441 493 igitur
470 444 694 476 metrorum
716 444 892 490 ygenera
921 434 1024 482 haec,
1045 432 1313 488 dactylicum,
1336 432 1571 483 iambicum,
1593 451 1604 470 1

119 506 386 556 trochaicum,
418 513 716 560 Zanapaestum,
738 501 1075 549 choriambicum,
1106 499 1429 555 antispasticum,
1463 500 1573 540 Ioni-

118 588 213 613 cum
245 588 269 613 a
300 572 467 626 majore,
492 570 680 612 Ionicum
702 585 726 611 a
746 569 913 610 minore.
976 568 1019 609 Si
1050 567 1153 624 quid
1179 583 1278 623 ergo
1300 576 1449 621 praeter
1469 567 1571 619 haec,
1591 585 1607 606 2

119 639 235 695 quod
255 654 336 679 non
358 639 411 679 ad
432 648 584 679 certam
605 637 758 694 pedum
781 636 927 692 legem,
951 635 1020 676 sed
1041 635 1093 675 ad
1115 645 1348 690 temporum
1373 633 1571 675 rationem

120 707 376 762 modumque
396 707 611 755 referatur,
626 705 690 745 vel
711 704 876 745 ascribit
894 703 1113 759 quispiam,
1129 702 1194 743 vel
1210 702 1263 743 ab
1278 701 1357 742 alio
1374 702 1572 758 scriptum

120 774 234 829 legit,
255 773 299 813 id
330 788 411 813 non
445 783 637 821 metrum,
661 772 730 813 sed
762 771 1016 828 brhythmon
1051 786 1135 811 esse
1170 769 1283 820 sciat,
1304 769 1475 825 chisque
1505 785 1574 810 ex-

120 841 248 895 ceptis
268 840 422 889 metris,
443 840 561 880 docto
582 855 677 894 quae
696 848 794 879 sunt
814 854 838 878 a
854 838 971 879 nobis
991 848 1242 887 enumerata,
1261 836 1421 878 nullum
1442 837 1571 887 aliud,

121 908 278 949 etiamsi
308 924 332 948 a
361 922 572 963 quoquam
596 906 721 947 ecerti
748 916 820 947 aut
841 905 997 946 definiti
1028 905 1153 961 pedes
1183 905 1477 954 attribuantur,
1499 913 1573 946 aut

121 991 225 1026 eam,
247 975 366 1031 fquae
397 975 449 1016 sit
479 974 604 1030 digna
634 973 828 1024 carmine,
852 973 1094 1014 suavitatem
1119 972 1383 1013 &habiturum
1406 973 1574 1014 omnino

121 1045 300 1084 metrum
322 1058 406 1084 esse
427 1041 664 1082 dicendum.
726 1041 850 1091 Quod
872 1055 966 1082 cum
986 1041 1042 1081 ita
1067 1040 1133 1090 sit,
1155 1041 1207 1081 de
1227 1040 1324 1096 ipsis
1348 1040 1436 1095 jam
1458 1041 1572 1096 pedi·
1593 1053 1611 1083 3

122 1112 201 1152 bus
227 1127 251 1152 a
285 1110 403 1151 nobis
436 1108 718 1150 disserendum
753 1118 827 1158 est,
850 1108 927 1149 hut
958 1108 1096 1148 nullus
1127 1107 1295 1148 omnino
1323 1107 1374 1148 ad
1406 1107 1574 1164 aliquod

123 1189 301 1220 metrum
322 1186 461 1234 pateat
481 1192 664 1218 accessus
683 1176 835 1232 quibus
856 1175 1062 1217 interdum
1085 1175 1371 1225 admittantur,
1390 1175 1479 1230 iqui
1501 1191 1575 1216 sua

162 1325 195 1371 'y
227 1351 360 1387 genera
393 1339 481 1385 hoec]
513 1338 632 1386 Supra
659 1337 821 1373 voeabu-

126 1393 201 1429 lum
231 1405 366 1439 genera
391 1391 573 1441 glossator
592 1391 630 1426 in
659 1390 821 1438 Guelph.

878 1335 1010 1385 capitis
1044 1337 1150 1385 hujus
1183 1336 1343 1372 eundem
1378 1348 1573 1372 numerum

877 1389 1064 1425 inculcare
1086 1396 1240 1425 testatus
1262 1402 1357 1425 sum.
1390 1389 1544 1425 HEUS.

126 1444 321 1494 adscripsit
357 1444 498 1480 numeri
534 1451 665 1479 notas:
714 1443 821 1478 VIII.

126 1499 284 1535 HEUS.

181 1559 195 1575 2
225 1551 464 1598 anapcestum]
494 1548 609 1585 Paris.
632 1550 822 1596 anapoestz'-

126 1618 218 1648 curn,
250 1605 314 1640 sed
349 1603 679 1652 Guelpherbytaua
707 1603 822 1651 scrip-

127 1667 209 1694 tura
231 1671 305 1693 non
327 1666 384 1693 est
403 1655 575 1692 deterior.
605 1655 759 1692 HEUS.

182 1717 200 1737 a
228 1711 349 1746 scribit
376 1709 576 1758 quispiam]
598 1709 656 1744 Ita
677 1707 822 1757 reposui

128 1776 148 1800 e
170 1763 286 1799 Paris.
317 1776 431 1811 quum
463 1762 499 1798 in
531 1761 693 1810 G'uelph.
720 1774 824 1797 men-

128 1817 216 1852 dose
238 1816 421 1865 legeretur
440 1815 554 1850 scribi.
593 1814 719 1850 Paullo
741 1822 825 1863 post

128 1869 166 1905 in
188 1869 304 1905 MSS.
326 1876 406 1905 erat
436 1869 539 1915 leget,
568 1866 669 1916 quod
698 1876 823 1902 tamen

129 1931 314 1959 corrector
340 1921 480 1958 codicis
512 1920 673 1970 Guelph.
706 1928 826 1955 muta-

130 1977 181 2011 vit
215 1975 252 2011 iu
283 1977 380 2022 legit,
410 1987 518 2023 quem
551 1986 649 2009 nunc
681 1986 825 2022 sequor.

132 2029 258 2064 Yideri
289 2036 446 2077 poterat,
469 2026 724 2076 reponendum
748 2038 827 2061 esse

129 2084 256 2117 scribet
277 2084 464 2130 quispiam,
485 2081 539 2116 vel
558 2081 602 2115 ab
623 2080 695 2114 alio
715 2081 826 2125 scrip-

133 2141 206 2170 tum
239 2137 343 2181 leget.
402 2134 474 2170 Sed
507 2134 618 2169 etiam
649 2145 730 2181 cap.
752 2132 825 2168 XI.

136 2189 194 2224 16.
217 2188 352 2238 legitur
379 2188 419 2222 Si
450 2188 510 2234 qui
542 2192 659 2221 tamen
692 2187 827 2221 iuveni-

131 2247 256 2284 untur,
279 2243 338 2289 qui
359 2249 428 2277 cet.
461 2239 619 2275 HEUS.

186 2294 202 2316 b
231 2295 440 2341 rhythmon]
467 2292 627 2341 Guelph.
657 2292 826 2334 rithmon,

133 2347 245 2384 Paris.
267 2348 460 2383 arithmon.
495 2346 648 2381 HEUS.

187 2410 203 2428 c
226 2401 348 2448 hisque
367 2401 537 2447 exceptis]
563 2399 648 2434 MS.
666 2397 827 2446 Guelph.

135 2454 187 2489 his
208 2466 296 2500 qnae,
311 2453 412 2502 quod
428 2466 540 2501 quum
563 2452 680 2488 lector
695 2449 828 2499 aliquis

135 2519 209 2541 non
241 2505 474 2555 intelligeret,
507 2504 634 2555 signis,
660 2503 828 2553 qualibus

135 2558 370 2609 parenthesin
429 2558 602 2601 solemus,
658 2557 826 2593 voculam

135 2625 212 2660 qua>
238 2624 259 2647 a
284 2610 425 2659 reliqua
453 2610 621 2647 oratione
651 2609 829 2646 interclu-

135 2666 193 2701 sit.
227 2664 383 2700 HEUS.

189 2716 207 2743 d
240 2723 318 2753 octo
347 2730 425 2765 quce
451 2722 535 2752 sunt
564 2730 587 2752 α
616 2717 730 2763 nobis]
763 2716 828 2752 Li-

137 2772 277 2807 brarius
300 2770 463 2819 Guelph.
485 2769 717 2818 interpunxit
745 2777 831 2804 ante

137 2825 357 2860 vocabulum
379 2829 468 2865 octo,
490 2823 588 2871 quod
610 2835 688 2858 esse
706 2821 830 2858 delen-

137 2878 224 2913 dum
248 2877 443 2926 persuadet
461 2875 550 2912 mihi
566 2876 832 2925 importunitas

137 2930 351 2981 glossatoris
381 2929 490 2972 illius,
510 2942 620 2977 quem
651 2927 834 2978 principio

933 1450 950 1469 e
988 1444 1076 1477 certi
1120 1447 1184 1476 aut
1224 1442 1376 1489 definiti]
1421 1441 1574 1477 Mallius

877 1495 1074 1543 scripserat
1092 1496 1180 1531 certi
1195 1507 1236 1529 ac
1249 1496 1396 1543 definiti.
1417 1495 1571 1531 HEUS.

932 1546 948 1573 s
983 1560 1060 1595 qziae
1090 1550 1135 1582 sit
1168 1549 1279 1595 digna
1309 1549 1483 1596 carmine]
1517 1549 1576 1583 Ita

879 1613 922 1637 ex
938 1600 1201 1637 emendatione
1215 1601 1422 1638 doctissimi
1442 1601 1574 1637 Ruhn-

879 1654 989 1698 kenii,
1011 1667 1122 1703 quam
1146 1653 1260 1691 Paris.
1281 1654 1375 1690 liber
1404 1667 1470 1690 suo
1500 1654 1575 1690 cal-

880 1707 964 1743 culo
999 1708 1232 1756 comprobat,
1263 1708 1425 1756 reposui,
1460 1720 1575 1755 quum

881 1762 917 1796 in
951 1760 1111 1809 Guelph.
1144 1760 1326 1809 legeretur
1351 1762 1461 1807 (ligna
1495 1772 1577 1796 car-

880 1815 996 1849 minis.
1060 1813 1205 1849 Locum
1245 1811 1474 1862 corruptioni
1512 1813 1576 1849 de-

881 1865 979 1902 disse
1001 1865 1145 1902 videtur
1170 1878 1328 1914 sequens
1353 1865 1576 1902 vocabulum

882 1932 904 1954 a
921 1918 1046 1955 littera
1063 1932 1079 1954 s
1097 1918 1297 1968 incipiens,
1331 1918 1481 1967 Alioqui
1501 1932 1576 1955 non

882 1971 1109 2021 ignoramus,
1158 1971 1300 2021 priscos
1356 1971 1577 2019 adjectivum

882 2027 1011 2072 (lignus
1048 2026 1159 2061 etiam
1200 2038 1283 2061 cum
1333 2025 1453 2073 patrio
1492 2038 1577 2062 casu

882 2077 1143 2121 construxisse,
1158 2078 1255 2126 quod
1277 2077 1427 2126 copiose
1443 2078 1580 2115 docent

884 2130 946 2167 viri
975 2131 1075 2167 docti
1104 2144 1125 2167 a
1153 2139 1285 2180 patruo
1308 2130 1391 2167 meo
1413 2131 1579 2168 advocati

883 2185 929 2221 ad
961 2184 1150 2220 Vechneri
1190 2184 1421 2220 Hellenolex.
1455 2183 1517 2221 lib.
1547 2185 1579 2221 I.

883 2246 978 2287 part.
1001 2239 1051 2273 ΙΙ.
1074 2250 1156 2287 cap.
1182 2237 1242 2274 18.
1288 2238 1580 2287 Burmannoque

885 2291 1057 2327 Secundo
1080 2292 1123 2326 V.
1146 2292 1188 2326 C.
1210 2290 1254 2327 ad
1283 2290 1486 2340 Antholog.
1516 2291 1581 2328 lib.

885 2345 934 2380 II.
956 2343 1072 2394 epigr.
1094 2343 1179 2390 146.
1202 2357 1252 2380 vs.
1275 2355 1310 2391 3.
1344 2336 1499 2380 HEUS.

953 2406 975 2435 g
1013 2399 1217 2433 habitarum
1267 2398 1425 2445 omnino]
1477 2397 1581 2447 Lege

885 2451 1105 2493 habiturum,
1127 2455 1192 2486 aut
1212 2452 1365 2487 omnino,

938 2502 959 2530 h
992 2510 1032 2540 ut
1063 2505 1184 2540 nullus
1214 2505 1356 2539 omnino
1388 2504 1452 2551 ad]
1488 2504 1580 2539 For-

885 2566 982 2594 tasse
1013 2558 1093 2594 haec
1125 2556 1177 2593 ita
1207 2564 1295 2593 sunt
1320 2557 1575 2593 emendanda:

886 2616 926 2646 ut
955 2611 1081 2658 quibus
1111 2611 1232 2646 nullus
1262 2612 1404 2646 omnino
1433 2611 1481 2646 acl
1513 2611 1581 2645 ali-

886 2666 981 2711 quod
1006 2669 1157 2699 metrum
1179 2668 1309 2710 pateat
1333 2676 1501 2706 accessus,
1523 2665 1582 2710 qui

887 2718 1063 2752 interdum
1085 2724 1156 2753 cet.
1188 2716 1344 2752 HEUS.

940 2767 950 2794 i
981 2772 1041 2818 qui
1069 2782 1134 2805 sua
1162 2771 1197 2805 vi
1225 2774 1332 2816 atque
1352 2767 1511 2816 natura]
1539 2768 1582 2803 In

874 2823 1050 2871 *Guelph
1090 2831 1168 2858 erat
1206 2824 1267 2869 qui
1306 2822 1445 2864 suavia,
1487 2820 1584 2856 unde

888 2884 1074 2911 corrector
1093 2877 1273 2910 suavitate
1293 2872 1476 2923 procudit.
1513 2874 1583 2909 Pa-

889 2927 948 2964 ris.
993 2930 1053 2975 qui
1099 2929 1210 2970 suavi,
1254 2939 1297 2963 ex
1345 2939 1419 2974 quo
1466 2926 1582 2962 celeb.
