1962 3355
323 189 388 227 30
821 179 981 226 Marii
1008 179 1247 227 Victorini
1624 194 1721 224 ΜΒ.
1743 194 1774 224 ῐ.

324 300 648 364 ”diphthongi
686 318 781 346 non
823 310 932 347 sunt
967 319 1074 364 quae
1114 303 1236 347 fiunt
1274 308 1404 363 Wper
1443 299 1624 345 vocales
1671 300 1776 346 loco

324 377 689 424 consonantium
727 377 958 440 xpositaS,
984 386 1036 423 ut
1065 378 1159 433 yia,
1184 378 1242 432 ie,
1273 377 1323 433 ii,
1349 377 1408 432 io,
1431 376 1497 431 iu,
1522 393 1597 432 va,
1621 393 1689 431 ve,
1713 376 1775 429 vi,

289 465 305 496 7
323 470 394 510 vo,
419 463 527 499 zvu.
596 452 717 499 Aliae
740 470 850 499 vero
869 454 992 499 fiunt
1012 453 1249 517 positione
1281 453 1435 515 longae
1470 450 1622 496 modis
1652 460 1775 497 octo.

323 528 499 584 Primo,
519 528 555 574 si
581 535 601 555 ἢ
616 536 830 591 correpta
848 527 1020 573 vocalis
1040 527 1223 574 desinat
1247 528 1292 573 in
1314 527 1429 573 duas
1449 536 1776 580 consonantes,

287 614 378 650 sut
413 621 506 650 ars.
577 603 813 658 Secundo,
850 603 884 649 si
922 604 1157 666 excipitur
1195 621 1220 649 a
1253 602 1436 649 duabus
1479 602 1778 649 consonanti-

324 681 428 736 bus,
452 689 506 726 ut
529 680 838 726 Acrisioncei's
863 679 1055 725 Danae.
1125 679 1301 733 Tertio,
1327 680 1363 725 si
1388 679 1562 726 desinit
1593 680 1639 725 in
1664 697 1777 725 con-

324 765 587 811 sonantem,
614 764 660 800 et
700 755 934 817 excipitur
970 756 1028 800 ab
1067 755 1171 810 alia,
1206 755 1278 800 vel
1317 756 1375 801 ab
1413 755 1576 801 eadem
1611 772 1778 801 conso-

286 839 483 886 9nante,
516 839 569 876 ut
610 848 763 886 arma,
787 830 953 876 Anna.
1023 830 1220 886 Quarto,
1252 830 1287 876 si
1325 830 1497 876 desinit
1536 831 1583 876 in
1621 830 1778 894 dupli-

323 923 424 950 cem
466 906 685 961 litteram,
711 915 762 951 ut
787 923 892 951 nox.
962 905 1158 960 Quinto,
1184 905 1221 950 si
1257 906 1492 968 excipitur
1524 925 1548 952 a
1581 906 1776 970 duplici,

266 1004 304 1026 ιο
321 989 374 1026 ut
400 982 517 1027 axis.
588 981 749 1034 Sexto,
776 981 811 1025 si
849 980 1022 1026 desinit
1058 980 1105 1026 in
1142 994 1498 1044 consonantem,
1523 999 1629 1043 quae
1661 982 1776 1028 dua-

320 1074 423 1103 rum
460 1074 627 1102 sonum
663 1058 884 1120 praebeat,
912 1066 964 1102 ut
989 1057 1101 1103 lzocc
1133 1064 1251 1103 erat.
1322 1057 1553 1120 Septimo,
1579 1058 1615 1103 si
1653 1057 1777 1103 desi-

321 1134 391 1179 nit
425 1134 472 1179 in
511 1143 850 1180 consonantem
888 1141 934 1178 et
969 1133 1204 1196 excipitur
1229 1151 1254 1179 a
1278 1134 1423 1180 vocali
1466 1134 1570 1180 loco
1611 1151 1777 1179 conso-

264 1232 296 1252 ιι
320 1211 475 1255 nantis
512 1210 679 1272 posita,
716 1218 768 1255 ut
807 1226 986 1255 arvum.
1073 1210 1270 1266 Octavo,
1313 1210 1349 1255 si
1392 1211 1627 1273 excipitur
1663 1211 1720 1256 ab
1757 1210 1776 1255 z’

320 1286 475 1332 littera
493 1285 747 1348 duplicata,
764 1295 817 1331 ut
841 1285 862 1314 b
883 1285 1062 1342 Troz'ia,
1088 1286 1198 1342 aiio,
1227 1286 1617 1340 Graiius,Aiiooe.
1668 1286 1776 1332 Me-

320 1362 409 1408 diae
435 1371 590 1408 autem
620 1363 715 1408 sive
748 1380 1025 1408 communes
1053 1363 1244 1425 syllabae
1271 1364 1391 1409 fiunt
1429 1362 1580 1408 modis
1605 1370 1775 1425 cquat-

265 1459 300 1480 12
319 1449 440 1486 tuor.
518 1440 678 1485 Primo
706 1440 739 1486 si
769 1450 982 1503 correpta
1006 1440 1179 1486 vocalis
1205 1439 1388 1485 desinat
1425 1439 1473 1484 in
1508 1456 1773 1484 consonan-

319 1524 417 1561 tem
454 1533 558 1577 quae
593 1516 815 1561 orationis
837 1516 970 1561 finiat
1007 1525 1205 1579 partem,
1231 1525 1276 1561 et
1309 1515 1571 1578 excipiatur
1596 1532 1621 1560 a
1646 1515 1775 1577 prin-

320 1593 457 1655 cipali
485 1593 638 1638 littera
655 1592 821 1638 vocali.
891 1592 979 1638 Est
999 1592 1124 1637 enim
1153 1591 1305 1637 brevis
1327 1591 1408 1648 sic,
1432 1591 1498 1636 Te
1522 1589 1729 1637 Coridon
1748 1608 1774 1636 o

264 1697 301 1727 13
319 1668 502 1715 dAleoei.
561 1669 624 1714 Et
650 1669 762 1714 item
791 1686 899 1714 cum
921 1668 1129 1713 vocalem
1151 1686 1230 1714 seu
1256 1667 1552 1731 productam,
1571 1685 1650 1713 seu
1673 1668 1772 1712 bre-

318 1762 442 1801 vem,
466 1754 545 1791 aut
572 1745 951 1808 ediphtliongom
977 1754 1022 1790 et
1059 1754 1130 1791 est
1163 1745 1329 1802 brevis,
1354 1753 1420 1800 ut,
1443 1743 1616 1789 Insula:
1640 1743 1774 1789 Ionio

319 1821 367 1867 in.
393 1838 595 1884 magno:
634 1821 803 1884 ‘longa
828 1830 899 1866 est
925 1829 1082 1867 autem
1110 1821 1190 1875 sic,

372 1961 393 1979 ¹1
414 1953 628 2003 diphtongi]
655 1953 869 2003 dyptongoe
890 1953 930 1989 P.

317 2015 355 2043 ta
376 2008 414 2043 P.
541 2014 560 2041 Y
574 2009 612 2056 je
627 2007 674 2055 ji]
694 2010 731 2055 ja
752 2007 791 2042 P.

318 2111 338 2138 d
356 2112 461 2148 Alexi
482 2112 572 2158 etc.]
596 2112 701 2148 Alexi
722 2113 763 2148 Ρ.

317 2165 447 2215 longa]
472 2165 584 2215 longa
604 2165 646 2201 P.

378 2273 436 2297 12.
479 2262 599 2296 Totus
643 2260 745 2296 locus
785 2259 1016 2308 depravatus,

320 2327 395 2350 non
417 2315 576 2350 obscuro
597 2322 723 2349 tamen
751 2326 875 2348 sensu.
933 2314 1015 2349 Do—

320 2376 380 2404 cet
407 2366 506 2403 enim
539 2379 778 2403 communem
812 2366 911 2402 reddi
945 2366 1017 2415 syl-

321 2421 457 2461 labam,
480 2421 508 2455 si
542 2433 614 2468 quo
646 2419 728 2455 loco
762 2420 906 2456 brevem
939 2431 1018 2455 esse

320 2474 528 2523 oportebat,
543 2473 653 2521 longa
671 2480 843 2521 ponatur,
854 2485 919 2521 per
932 2486 1016 2521 pro-

320 2527 468 2563 ductam
481 2525 646 2562 vocalem
662 2525 716 2561 vel
729 2526 1017 2575 diphthongum,

320 2593 395 2628 qua
416 2579 563 2615 finiatur
582 2591 665 2627 pars
685 2578 862 2614 orationis
882 2587 919 2614 et
939 2591 1021 2627 quae

321 2646 396 2668 non
428 2632 633 2681 excipiatur
651 2644 672 2666 a
692 2642 924 2668 consonante
955 2631 1018 2667 sed

320 2685 448 2722 vocali.
528 2685 646 2721 Deest
683 2693 806 2720 autem
847 2684 1017 2726 omissuS,

319 2738 461 2775 incuria
504 2737 653 2779 librarii,
693 2737 836 2786 primus
885 2737 1016 2774 modus

321 2790 578 2828 communium
600 2790 821 2840 syllabarum
839 2790 1017 2839 exemplis

320 2844 395 2880 suis
411 2844 619 2886 conclusus,
634 2852 672 2879 et
687 2843 904 2880 inchoatum
925 2856 1015 2893 prae-

320 2906 467 2947 ceptum
506 2895 671 2937 secundi,
706 2905 744 2932 ut
787 2896 896 2933 lectio
935 2895 1017 2932 talis

1051 1959 1079 1977 w
1100 1953 1180 2002 per]
1213 1965 1278 2002 pro
1300 1952 1339 1987 P.

913 2013 931 2031 Ζ
953 2006 1013 2052 vu]
1038 2019 1100 2041 vus
1121 2007 1161 2042 P.

318 2059 335 2081 ¹⁷
353 2059 701 2105 Troiia—Graiius]
723 2058 1024 2096 Troia—Graius
1044 2060 1085 2095 P.

943 2119 958 2137 e
979 2112 1233 2162 diphtongon]
1259 2111 1506 2160 dyphtongon
1527 2112 1566 2146 P.

1451 1958 1470 1977 Χ
1490 1951 1639 2001 positae]
1671 1951 1772 2002 posi-

1286 2012 1305 2031 a
1324 2005 1510 2054 correpta]
1535 2014 1712 2054 correptae
1732 2006 1773 2042 P.

1276 2065 1292 2083 c
1312 2059 1487 2107 quatuor]
1523 2059 1767 2136 quattuorsP.

1735 2118 1773 2147 et

1073 2258 1185 2295 fuisse
1213 2259 1401 2294 videatur:
1441 2259 1481 2294 Si
1512 2265 1676 2307 correpta
1708 2273 1771 2296 vo-

1073 2314 1160 2348 calis
1184 2314 1323 2348 desinat
1353 2313 1385 2347 in
1408 2318 1672 2354 consonantem,
1695 2326 1772 2361 quae

1073 2367 1246 2401 orationis
1259 2366 1374 2413 finiat
1402 2371 1556 2412 partein,
1578 2371 1611 2401 et
1640 2368 1769 2414 excipi-

1073 2424 1158 2454 atur
1197 2431 1219 2453 a
1248 2420 1441 2465 principali
1474 2420 1594 2455 littera
1627 2421 1770 2455 vocali.-

1073 2472 1145 2507 Est
1175 2473 1266 2507 enim
1303 2472 1410 2518 longa
1439 2473 1513 2508 sic:
1553 2473 1624 2507 Hic
1655 2474 1708 2508 ait
1738 2478 1772 2508 et

1075 2527 1228 2560 nostris:
1276 2525 1401 2559 Brevis
1435 2531 1555 2561 autem
1585 2527 1635 2560 sic
1652 2540 1664 2560 .·
1700 2527 1772 2561 Hic

1074 2580 1130 2614 cir
1156 2578 1213 2613 hic
1239 2582 1300 2612 est.
1359 2577 1533 2620 Secundo,
1554 2591 1631 2613 cum
1662 2579 1769 2625 longa

1074 2632 1207 2667 vocalis
1226 2632 1431 2665 continuam
1461 2633 1497 2666 in
1523 2633 1599 2666 alia
1618 2633 1772 2666 dictione

1076 2685 1182 2720 habet
1207 2688 1407 2730 sequentem
1438 2685 1596 2720 vocalem
1618 2685 1769 2720 brevem.

1073 2738 1139 2773 Est
1159 2737 1251 2772 enim
1274 2737 1386 2772 brevis
1405 2739 1467 2781 sic,
1493 2738 1542 2772 Te
1565 2737 1729 2784 Corydon
1751 2749 1770 2771 o

1074 2791 1180 2827 Alexi
1195 2805 1206 2825 .·
1238 2790 1366 2836 Longa
1382 2795 1515 2834 autem,
1531 2790 1689 2826 Maeonia
1708 2802 1768 2837 ge-

1072 2855 1196 2879 nerose
1211 2844 1314 2878 domo
1334 2844 1394 2878 ubi
1413 2845 1470 2882 &a
1514 2844 1564 2878 Et
1581 2844 1671 2879 idem
1690 2856 1770 2878 cum

1072 2897 1229 2932 vocalem
1251 2898 1308 2934 ἃς,
1366 2896 1512 2932 CAME
1520 2895 1565 2931 R.
