1962 3355
122 197 227 228 CAP,
246 191 292 229 3.
477 182 558 227 De
572 181 754 244 pedum.
782 181 1209 243 compositionibus.
1475 189 1568 239 307

185 303 262 348 Ex
299 303 506 350 trochaeo
530 312 576 348 et
608 302 951 365 pentasyllab0‚
974 301 1107 363 cujus
1144 301 1300 347 media
1324 303 1466 365 longa
1489 312 1574 359 est,
1590 321 1610 346 4

121 379 166 424 id
192 389 261 425 est
287 397 343 425 ex
384 380 522 442 longa
550 396 661 435 una,
689 378 907 424 brevibus
938 377 1104 433 tribus,
1129 377 1271 440 longa
1293 395 1400 435 una,
1427 379 1574 424 brevi-

121 455 207 500 bus
233 455 440 501 duabus:
480 454 744 519 Mojestate
765 452 1042 500 miserabili.

187 530 263 576 Ex
300 532 539 594 tribrachy
565 540 612 577 θῖ
637 531 855 587 molosso,
888 530 936 576 id
968 540 1038 576 est
1074 546 1132 575 ex
1169 530 1387 576 brevibus
1425 530 1574 577 tribus
1594 547 1610 576 5

119 615 166 652 θῖ
190 606 342 669 longis
367 608 543 653 tribus:
582 607 824 653 Deserere
849 605 1117 668 compellor.

184 682 261 728 Ex
309 683 551 747 tribrachy
590 693 637 729 et
682 683 838 729 ionico
877 682 1076 739 minore,
1120 681 1165 728 id
1206 690 1275 727 θεῖ
1315 699 1373 728 ex
1420 683 1612 746 longis6

119 758 332 821 quinque
356 768 403 805 θῖ
428 760 579 823 longis
604 759 815 806 duabus:
854 758 1166 805 Incredibilia
1196 758 1459 806 tolerando.

184 835 261 881 Ex
298 836 539 899 tribrachy
563 846 608 883 θῖ
636 836 929 890 choriambo,
955 836 1003 882 id
1038 845 1109 882 est
1144 853 1201 881 ex
1240 836 1458 882 brevibus
1493 836 1610 885 tri-7

119 912 221 969 bus,
246 920 293 958 et
326 912 467 975 longa
499 931 609 970 una,
635 922 682 958 et
717 913 938 959 brevibus
974 912 1172 968 duabus,
1204 921 1251 957 et
1283 912 1422 974 longa
1455 930 1574 958 una:

123 987 279 1035 Varia
304 990 601 1051 concupiens.

184 1063 260 1110 Ex
298 1066 537 1128 tribrachy
574 1075 621 1111 θῖ
653 1065 807 1111 ionico
842 1066 1034 1126 majore,
1070 1065 1115 1110 id
1151 1075 1221 1111 est
1257 1083 1316 1111 ex
1355 1065 1612 1111 brevibus8

117 1141 283 1197 tribus,
306 1150 354 1186 θῖ
389 1141 543 1204 longis
580 1141 778 1198 duabus,
803 1151 849 1187 et
886 1142 1106 1188 brevibus
1143 1142 1353 1187 duabus:
1392 1143 1578 1204 Rapior

118 1217 168 1262 in
193 1217 424 1262 turbines.

181 1292 258 1337 Ex
285 1292 526 1354 tribrachy
550 1301 597 1338 et
622 1293 965 1356 pentasyllabo‚
990 1294 1123 1355 cujus
1149 1293 1306 1339 media
1332 1294 1473 1356 longa
1503 1294 1576 1349 sit,
1595 1317 1614 1348 9

117 1368 163 1414 id
189 1377 259 1414 est
294 1384 352 1414 ex
389 1369 608 1414 brevibus
634 1369 860 1432 quinque,
894 1371 1034 1432 longa
1071 1388 1180 1427 una,
1206 1370 1424 1416 brevibus
1461 1369 1576 1416 dua-

117 1447 204 1491 bus
222 1464 231 1491 :
274 1445 472 1491 Temere
494 1446 812 1492 revocabitur.

359 1577 484 1623 Item
507 1577 765 1623 secundum
792 1578 1142 1640 compositionis
1162 1595 1331 1640 genus.

181 1674 258 1720 Ex
285 1675 495 1738 spondeo
520 1684 566 1721 et
591 1675 806 1731 bacchio,
828 1675 873 1721 id
901 1686 971 1721 est
996 1693 1053 1721 ex
1075 1676 1226 1738 longis
1250 1675 1448 1732 duabus,
1475 1676 1576 1721 bre·
1598 1701 1636 1722 10

117 1751 253 1797 vibus
272 1751 437 1808 tribus,
456 1752 598 1814 longa
623 1769 740 1798 una:
777 1751 971 1799 Bellum
995 1751 1235 1815 reficiunt.

183 1827 259 1872 Ex
302 1827 512 1890 spondeo
548 1837 595 1873 et
636 1845 800 1890 paeone
848 1828 1071 1885 secundo9
1118 1828 1163 1873 id
1206 1836 1277 1873 θεῖ
1317 1845 1374 1873 ex
1420 1827 1573 1890 longis
1598 1859 1631 1879 ,ι

118 1902 317 1957 duabus,
345 1903 469 1949 brevi
497 1921 605 1960 una,
630 1903 770 1965 longa
794 1921 903 1960 una,
922 1904 1142 1949 brevibus
1165 1902 1376 1949 duabus:
1406 1903 1576 1949 Armis

119 1978 402 2041 repleverat.

184 2056 261 2103 Ex
298 2064 536 2120 anapaesto
561 2064 608 2101 et
632 2056 849 2112 bacchio,
874 2055 920 2101 id
949 2064 1019 2101 est
1045 2072 1103 2101 ex
1129 2055 1350 2101 brevibus
1375 2054 1574 2112 duabus,
1598 2087 1634 2107 12

116 2133 258 2195 longa
297 2150 407 2189 una,
442 2132 570 2178 brevi
610 2150 719 2190 una,
755 2140 802 2178 θῖ
840 2132 991 2194 longis
1034 2131 1246 2178 duabus:
1282 2132 1468 2178 Aditus
1502 2149 1575 2178 so-

115 2215 299 2256 nantes.

181 2285 258 2331 Ex
295 2294 538 2348 anapaesto
563 2294 610 2330 θῖ
642 2302 808 2349 paeone
845 2284 1068 2341 secundo,
1094 2284 1139 2329 id
1165 2294 1235 2329 θεῖ
1261 2301 1317 2329 ex
1356 2283 1574 2330 brevibus
1597 2309 1633 2338 13

115 2362 298 2408 duabus
336 2372 381 2406 et
407 2361 546 2424 longa
572 2379 680 2415 una,
707 2361 835 2407 brevi
871 2379 980 2418 una,
1012 2364 1172 2425 (longa
1197 2366 1324 2425 una‚)
1354 2362 1574 2408 brevibus

116 2437 324 2483 duabus:
355 2437 548 2483 Jaculis
553 2436 918 2502 frequentibus.

182 2513 260 2559 Ex
297 2522 532 2576 anapaesto
567 2523 613 2560 et
645 2532 812 2578 paeone
850 2524 1032 2576 quarm,
1069 2514 1115 2560 id
1152 2523 1223 2560 θεῖ
1258 2532 1317 2561 ex
1354 2516 1573 2562 brevibus
1597 2543 1635 2571 14

116 2589 301 2636 duabus
334 2597 380 2634 et
411 2589 552 2653 longa
576 2608 683 2648 una,
709 2591 929 2637 brevibus
966 2591 1130 2648 tribus,
1155 2591 1297 2655 longa
1322 2609 1440 2638 una:
1478 2592 1576 2638 Pe-

118 2667 238 2713 dites
243 2663 475 2729 fagiunt.

182 2743 259 2788 Ex
296 2740 624 2804 amphimacro
660 2751 707 2788 et
740 2743 966 2806 spondeo,
1001 2743 1050 2789 id
1082 2752 1152 2789 θεῖ
1187 2760 1247 2789 ex
1288 2744 1429 2807 longa
1464 2760 1571 2797 una,
1595 2769 1629 2799 15

117 2819 244 2865 brevi
270 2835 379 2874 una,
403 2825 450 2862 et
474 2816 626 2879 longis
651 2818 827 2865 tribus:
869 2819 1044 2866 Obvios
1066 2826 1300 2866 sternunt.

182 2895 260 2941 Ex
277 2893 604 2957 amphimacro
619 2902 667 2940 et
683 2895 990 2958 anapaesto,id
1007 2906 1144 2943 estex
1160 2897 1300 2958 longa
1317 2911 1423 2951 una,
1441 2893 1568 2940 brevi
1593 2913 1632 2944 16

779 2985 809 3015 R
841 2989 861 3016 r
887 2981 913 3016 2
