1962 3355
101 203 206 234 CAP.
231 196 275 234 3.
525 185 606 231 De
628 183 934 246 Anapcestico
957 189 1122 230 metro.
1463 190 1549 229 103

165 308 275 354 Scio
296 306 547 369 quaesitum
568 323 650 353 cur
671 305 960 369 dactylicum
988 303 1187 367 sing-ulis
1211 302 1427 366 pedibus,
1447 320 1555 348 ana-
1577 320 1614 350 18

100 388 346 449 paesticum
373 401 456 447 per
480 383 708 447 syzygian
735 381 1002 437 scandatur,
1028 396 1138 425 cum
1168 378 1288 423 inter
1323 395 1371 423 se
1403 378 1557 423 omni-

99 461 264 508 fariam
318 468 595 522 congruant.
665 458 946 504 Persuasum
997 466 1067 501 est
1113 454 1298 500 nullum
1350 463 1554 499 metrum
1580 474 1614 506 19

102 537 380 583 hexametro
404 553 542 599 posse
563 552 664 581 esse
691 533 858 596 majus.
930 531 1083 596 Igitur
1107 548 1214 577 cum
1244 529 1557 593 anapaesticus

100 630 259 659 versus
291 622 338 658 et
371 620 554 674 septem
590 619 638 657 et
667 618 776 657 octo
810 608 986 673 pedum
1025 607 1298 671 reperiatur,
1326 606 1558 670 placuisse

103 688 360 751 majoribus
385 705 493 733 eum
534 705 616 751 per
648 686 865 750 syzygias
898 684 1032 740 caedi,
1065 701 1163 729 non
1197 682 1309 729 alias
1341 699 1485 745 quam
1520 681 1557 727 si

100 765 317 829 dactylus
353 763 766 828 supergrederetur
802 762 1149 815 hexametrum,
1173 759 1337 822 utique
1373 776 1457 822 per
1484 776 1559 822 sy-

102 843 257 906 sygias
295 841 610 888 scanderetur.
682 839 794 886 Hoc
825 838 929 884 loco
968 837 1142 894 dicam,
1178 853 1277 893 cur,
1313 853 1422 882 cum
1464 835 1558 882 sint
1576 855 1616 877 20

102 919 209 965 duae
235 918 430 982 periodi,
455 935 535 963 seu
562 916 770 970 stasima,
796 925 848 961 ut
873 914 1066 977 quidam
1094 921 1279 969 vocant,
1305 912 1404 976 pari
1438 912 1560 959 inter

102 1014 150 1041 se
175 995 509 1058 conjugatione
534 992 768 1056 copulata,
796 992 993 1037 alterum
1015 998 1209 1036 vocetur
1227 989 1558 1052 anapaesticon,

103 1073 302 1119 alterum
330 1071 614 1133 dactylicon,
640 1087 747 1116 cum
775 1086 907 1131 aeque
930 1068 977 1113 in
1005 1076 1202 1128 utraque
1226 1066 1397 1112 cadant
1421 1065 1560 1112 mixti

102 1149 321 1213 dactylus
348 1159 394 1195 et
419 1156 700 1211 anapaestus.
739 1145 896 1191 Causa
920 1144 1041 1201 talis,
1066 1143 1192 1205 quod
1219 1143 1558 1206 anapaesticum
1578 1159 1613 1180 21

101 1226 250 1272 melos
288 1225 411 1271 binis
448 1223 649 1288 pedibus
688 1230 815 1267 amat
848 1237 1041 1266 sensum
1071 1219 1329 1277 includere,
1352 1228 1405 1264 ut
1433 1217 1558 1282 apud

100 1301 338 1357 ¹Accium,

168 1377 371 1440 Inclyte,
390 1392 546 1438 parva
562 1374 767 1437 prcedite
784 1374 967 1435 patria,
992 1373 1180 1419 nomine
1205 1371 1395 1429 celebri,

174 1454 413 1516 Claroque
430 1459 602 1514 potens
620 1457 828 1513 pectore,
854 1449 1053 1496 Achivis
1077 1449 1307 1496 classibus
1330 1455 1514 1495 auctor.

104 1531 224 1583 Quae
250 1529 469 1593 periodus
495 1529 619 1574 circa
644 1545 724 1574 sex
751 1537 962 1573 versatur
985 1526 1215 1590 dipodias.
1270 1526 1449 1572 Contra
1475 1526 1557 1571 Pa·
1581 1545 1618 1566 22

104 1605 268 1653 cuvius
308 1622 479 1651 novare
520 1604 817 1668 propositum
861 1604 1038 1658 volens,
1077 1603 1228 1649 noluit
1265 1602 1386 1649 intra
1426 1601 1561 1648 binos

103 1683 262 1747 pedeS,
290 1696 341 1729 ut
366 1682 595 1745 superius,
621 1681 756 1727 finire
781 1697 988 1735 sensum,
1014 1680 1094 1726 sed
1133 1678 1396 1726 secundum
1425 1677 1564 1724 Euri-

103 1760 261 1824 pidem
284 1759 573 1823 dactylicum
603 1768 824 1814 metrum,
843 1757 970 1821 quod
1006 1758 1286 1821 appellatur,
1317 1755 1563 1812 minduxit,

106 1846 158 1882 ut
182 1836 389 1882 nominis
415 1836 617 1881 mutatio
643 1834 963 1881 diversitatem
990 1833 1137 1890 daret,
1158 1832 1431 1895 hujusmodi
1470 1842 1563 1878 sta-

105 1912 240 1969 simo,
266 1930 347 1958 seu
372 1912 580 1976 periodo,
604 1929 744 1958 usus:

171 1989 341 2053 Agite,
368 1990 446 2045 ite,
470 1988 654 2045 volvite,
679 1988 852 2049 rapite,
879 2003 1011 2033 coma
1035 1991 1244 2032 tractate
1261 2002 1355 2047 per

173 2065 360 2127 Aspera
383 2081 502 2110 saxa
529 2072 575 2111 et
599 2065 808 2122 humum,
832 2074 852 2093 ¹¹
863 2063 1066 2110 scindite
1087 2068 1264 2108 vestem
1289 2061 1431 2108 ocius.

107 2141 250 2205 Apud
284 2141 614 2198 ⁰Alcmanem,
647 2141 909 2204 disciplinae
948 2139 1088 2200 hujus
1118 2138 1367 2200 antiquum
1406 2146 1566 2183 aucto·
1585 2155 1623 2184 23

107 2237 221 2275 rem,
246 2218 476 2280 reperitur
506 2219 775 2264 trimetrum
810 2216 1142 2264 catalecticum
1180 2214 1226 2260 in
1265 2214 1463 2277 syllaba,
1488 2213 1563 2260 cui

107 2296 142 2340 si
181 2313 274 2340 una
307 2295 447 2357 longa
487 2303 788 2359 praeponatur
826 2294 1022 2356 syllaba,
1060 2293 1142 2337 fiet
1173 2291 1400 2337 heroum:
1439 2288 1567 2352 quod

106 2382 176 2418 est
201 2373 321 2426 tale3

179 2450 413 2499 Quamvis
438 2465 523 2512 ego
540 2464 631 2510 per
654 2453 835 2494 montes
860 2446 1021 2492 alacer
1038 2460 1362 2508 properarem.

110 2525 298 2571 Herous
324 2527 403 2583 ita,

175 2602 274 2648 Sed
295 2603 511 2666 quamvis
535 2620 620 2667 ego
638 2618 732 2664 per
754 2606 936 2646 montes
961 2597 1122 2644 alacer
1139 2611 1466 2658 properarem.

108 2678 257 2740 Cujus
295 2696 525 2725 mensurae
551 2688 621 2725 est
646 2679 736 2724 hoc
761 2693 953 2738 quoque
978 2682 1199 2729 metrum,
1221 2671 1346 2734 quod
1387 2671 1568 2716 Messe.-
1588 2684 1626 2712 24

162 2854 173 2882 l
194 2853 361 2907 Actium]
383 2854 537 2892 Accium
558 2855 598 2890 P.
755 2859 787 2878 m
807 2849 968 2897 inducit]
994 2848 1138 2885 induxit
1157 2849 1196 2884 P.
1350 2853 1369 2872 1¹
1391 2841 1566 2888 scindite]

111 2908 278 2946 scandite
299 2910 338 2946 P.
449 2915 468 2935 0
488 2907 726 2954 Alcmanem]
752 2905 967 2942 Alcmenein
990 2904 1029 2939 P.
