1962 3355
156 220 260 251 CAP.
288 215 330 251 2.
582 205 665 251 De
691 204 871 251 Metris
900 203 1174 250 oratorum.
1508 211 1603 261 397

220 327 412 372 cCicero
431 325 487 372 de
507 326 714 372 numeris
735 325 801 372 sic
817 325 958 371 dicit:
997 332 1024 350 ‘⁶
1041 326 1217 373 Versus
1234 325 1361 371 enim
1387 325 1455 371 illi
1481 334 1606 371 vete-
1627 342 1666 374 27

156 410 183 428 ‘⁶
211 421 280 448 res
305 404 353 448 in
381 403 468 448 hac
491 403 642 449 soluta
667 402 875 448 oratione
902 400 1265 465 propemodum,
1291 401 1382 447 hoc
1408 411 1492 455 est,
1520 419 1607 447 nu-

155 486 182 505 “
212 497 362 525 meros
387 478 615 542 quosdam
654 478 789 525 nobis
822 496 921 524 esse
958 476 1250 523 adhibendos
1287 477 1609 540 putaverunt.”

154 556 322 602 Postea
348 556 440 603 sic:
478 563 505 582 ‘⁴
533 556 684 618 quue
719 555 938 618 princeps
974 554 1206 600 Isocrates
1235 553 1495 600 instituisse
1519 553 1607 599 fer-

155 638 183 656 “
209 640 298 689 tur,
330 641 382 678 ut
418 632 709 678 inconditam
747 630 1046 693 antiquorum
1085 629 1268 676 dicendi
1306 629 1608 675 consuetudi-

155 714 182 733 “
208 726 317 754 nem
346 708 668 756 delectationis
705 717 846 770 atque
871 707 1055 753 aurium
1082 724 1246 753 caussa
1277 706 1608 769 (quemadmo-

154 790 182 809 “
207 783 321 830 dum
382 785 543 831 scribit
589 784 849 848 discipulus
903 782 1002 844 ejus
1061 782 1346 843 Naucrates)
1397 783 1605 829 numeris

153 866 181 884 “
208 860 499 923 astringeret.
568 860 795 922 Namque
843 859 944 906 haec
990 859 1083 906 duo
1122 860 1308 917 musici,
1346 861 1425 923 qui
1475 871 1606 908 erant

154 942 182 960 ‘⁴
208 936 449 998 quondam
477 937 590 983 item
618 946 785 1001 poetae,
804 935 1062 982 machinati
1090 936 1147 982 ad
1173 936 1468 1000 voluptatem
1495 946 1607 984 sunt

154 1018 182 1036 “
207 1029 394 1059 versum
432 1022 574 1076 atque
610 1023 823 1070 cantum,
847 1012 930 1059 dut
958 1021 1005 1058 et
1032 1013 1282 1058 verborum
1322 1031 1534 1071 numero,
1559 1023 1607 1060 et

152 1094 180 1112 “
206 1105 375 1134 vocum
399 1089 541 1136 modo
557 1099 604 1136 et
621 1089 933 1137 delectatione
949 1090 1194 1136 vincerent
1214 1091 1397 1137 aurium
1420 1092 1608 1138 satieta-

152 1170 180 1189 “
207 1172 318 1210 tem.
390 1165 511 1212 Haec
547 1166 690 1228 igitur
713 1166 823 1224 duo,
846 1167 974 1213 vocis
1010 1166 1116 1212 dico
1143 1167 1535 1224 moderationem,
1560 1177 1606 1214 et
1628 1184 1666 1212 28

152 1246 179 1264 ‘⁶
206 1242 456 1286 verborum
505 1242 877 1297 conclusionem,
913 1242 1069 1304 quoad
1116 1243 1339 1289 orationis
1387 1245 1606 1291 severitas

152 1323 179 1340 ‘⁶
205 1316 302 1378 pati
339 1326 513 1379 posset,
552 1336 577 1363 a
612 1318 798 1381 poetica
841 1318 897 1364 ad
945 1319 1263 1381 eloquentiam
1314 1320 1604 1367 traducenda

151 1398 178 1415 “
204 1391 481 1438 eduxerunt.
552 1393 607 1439 In
647 1412 741 1456 quo
777 1393 895 1440 illud
934 1403 1004 1440 est
1043 1396 1112 1441 vel
1158 1395 1441 1453 maximum,
1477 1397 1605 1459 quod

150 1474 178 1492 ‘⁶
203 1484 361 1514 versus
404 1469 452 1514 in
492 1470 719 1528 oratione,
757 1470 791 1516 si
830 1470 1030 1517 efficitur
1068 1472 1403 1534 conjunctione
1441 1473 1606 1519 verbo-

150 1551 177 1569 “
204 1562 326 1600 rum,
348 1545 517 1592 vitium
545 1556 630 1604 est,
650 1556 696 1593 et
720 1556 879 1593 tamen
906 1565 1009 1594 earn
1038 1548 1441 1610 conjunctionem,
1467 1549 1603 1595 sicuti

150 1628 177 1645 “
203 1638 389 1667 versum
427 1640 677 1669 numerose
713 1623 898 1670 fcadere
921 1634 969 1670 et
992 1624 1233 1687 quadrate,
1258 1635 1303 1671 et
1331 1627 1493 1689 perfici
1520 1645 1602 1673 vo-

151 1703 178 1722 “
204 1697 378 1744 lumus.
449 1699 621 1762 Neque
646 1709 716 1746 est
740 1717 797 1746 ex
825 1701 986 1746 multis
1023 1702 1160 1747 rebus
1186 1719 1290 1763 quae
1328 1703 1479 1765 magis
1505 1721 1606 1749 ora-

150 1781 178 1798 “
205 1782 352 1820 torem
382 1777 439 1821 ab
466 1775 685 1839 imperito
710 1776 895 1822 dicendi
922 1777 1183 1839 ignaroque
1207 1778 1507 1841 distinguat.’'

216 1850 351 1896 Idem
373 1851 593 1897 gCicero:
622 1859 648 1876 “
666 1854 791 1898 Nam
813 1853 953 1898 etiam
976 1862 1128 1916 poetae
1148 1854 1457 1915 quaestionem
1479 1864 1604 1902 attu-
1625 1883 1664 1913 τι)

152 1933 178 1951 “
205 1926 374 1981 lerunt,
399 1927 627 1988 quidnam
653 1937 775 1974 esset
810 1927 954 1974 hillud
992 1928 1106 1991 iquo
1129 1929 1249 1993 kipsi
1282 1930 1520 1979 differrent
1546 1934 1604 1979 ab

151 2009 178 2027 ‘⁶
206 2004 496 2049 oratoribus:
551 2021 746 2049 numero
787 2004 996 2050 maxime
1036 2005 1319 2052 videbantur
1360 2016 1497 2054 antea
1536 2008 1605 2055 let

151 2085 177 2103 “
202 2096 352 2134 versu,
379 2097 505 2125 nunc
541 2079 665 2143 apud
691 2088 895 2126 oratores
923 2081 1025 2142 jam
1063 2081 1163 2144 ipse
1200 2091 1466 2131 ¹¹¹numerus
1492 2103 1604 2132 con-

150 2163 177 2180 “
204 2155 401 2201 crebuit.
473 2155 713 2218 Quicquid
739 2157 864 2202 enim
893 2165 963 2202 est
988 2157 1114 2219 quod
1146 2159 1232 2204 sub
1259 2160 1441 2206 aurium
1469 2179 1604 2207 men-

150 2239 177 2256 “
206 2249 361 2277 suram
398 2231 605 2294 aliquam
632 2232 774 2290 cadit,
798 2233 984 2279 etiamsi
1021 2234 1153 2279 abest
1178 2253 1202 2280 a
1228 2253 1362 2281 versu
1389 2238 1517 2296 (nam
1557 2238 1603 2284 id

150 2315 177 2333 “
204 2307 396 2369 quidem
426 2308 592 2355 vitium
631 2310 853 2355 orationis
890 2314 978 2372 est)
1006 2327 1230 2358 numerus
1256 2321 1463 2370 vocatur,
1489 2315 1601 2376 nqui

150 2392 177 2410 ‘⁴
205 2385 373 2430 Graece
397 2384 569 2431 dicitur
590 2385 745 2448 ῥυθμός.
815 2386 985 2449 Itaque
1012 2386 1148 2433 video
1172 2388 1324 2434 visum
1353 2407 1453 2436 esse
1484 2409 1598 2437 non·
1623 2409 1665 2440 30

151 2469 177 2486 ‘⁶
205 2461 347 2506 nullis
373 2462 580 2508 Platonis
605 2471 652 2508 et
675 2462 942 2510 Democriti
968 2464 1275 2521 locutionem,
1300 2465 1385 2511 etsi
1424 2467 1545 2513 absit
1577 2485 1602 2513 a

150 2544 177 2562 “
203 2555 353 2591 versu,
389 2546 548 2584 tamen
586 2539 712 2601 quod
748 2539 989 2586 incitatius
1025 2540 1214 2598 feratur,
1249 2549 1297 2587 et
1332 2542 1603 2590 clarissimis

201 2714 217 2733 <³
238 2706 385 2753 Cicero]
408 2707 468 2742 De
488 2708 552 2743 Or.
574 2708 645 2743 ΙΙΙ.
667 2719 729 2755 44.
845 2708 865 2736 d
884 2718 926 2747 ut
945 2712 1000 2758 et]
1024 2719 1061 2748 et
1080 2719 1122 2747 ut
1143 2712 1237 2748 Ven.
1358 2719 1374 2738 e
1395 2713 1595 2761 duxerunt]

147 2760 378 2796 deduxerunt
393 2761 488 2796 Ven.
509 2759 572 2808 qui
594 2773 674 2809 sup.
697 2769 735 2797 et
749 2774 770 2797 a
791 2771 891 2810 poet.
960 2762 977 2790 f
993 2765 1140 2813 cadere]
1155 2765 1245 2802 cade
1260 2765 1356 2801 Ven.
1426 2773 1447 2801 g
1468 2765 1600 2801 Cicero

146 2815 252 2849 Orat.
273 2826 305 2849 c.
332 2825 392 2849 20.
476 2811 496 2838 h
515 2812 621 2860 illud]
644 2813 715 2849 illis
734 2815 830 2850 Ven.
914 2815 924 2842 i
943 2819 1035 2866 quo]
1059 2818 1159 2866 quod
1181 2819 1275 2854 Ven.
1297 2818 1382 2853 Ald.
1468 2816 1489 2843 k
1508 2818 1596 2867 ipsi]

147 2866 217 2915 ipsi
231 2867 320 2902 orbe
335 2867 431 2902 Ven.
505 2864 516 2892 1
532 2874 570 2902 et
581 2879 687 2902 versu
700 2879 774 2903 om.
789 2868 883 2905 Ven.
899 2869 983 2906 Ald.
1058 2877 1089 2897 1¹1
1103 2872 1298 2918 numerus]
1324 2870 1515 2919 rhythmus
1533 2883 1599 2906 nu-

149 2932 272 2955 merus
290 2920 382 2955 Ven.
458 2926 477 2944 n
496 2919 560 2968 qui
576 2920 705 2956 Graece
721 2919 855 2958 dicitur
872 2922 998 2969 ῥυθμός]
1020 2922 1117 2960 inter
1135 2936 1275 2974 graecos
1294 2931 1332 2960 et
1352 2923 1486 2959 latinos
1502 2923 1598 2960 Ven.
