1962 3355
338 189 434 238 256
891 189 1052 236 Marii
1074 189 1228 236 Plotiz·

678 311 811 351 Arma
831 312 1050 365 virumque
1069 324 1183 350 cano.

339 385 382 446 [c
394 383 503 445 Bis]
537 383 674 430 Binis
707 384 926 448 spondeis
952 401 1062 429 cum
1089 382 1183 428 suis
1210 379 1400 444 syllabis
1425 388 1471 425 et
1497 396 1588 425 una
1614 379 1661 425 in
1687 396 1787 425 me-

335 459 415 505 dio
440 461 560 523 pluS,
585 459 629 505 id
656 468 726 506 cst
752 459 799 505 in
825 461 919 505 fine
945 459 1108 522 primae
1134 473 1348 504 caesurae:

505 536 614 576 Mooe
634 541 671 575 et
673 535 916 589 frumentis
936 539 1009 583 est,
1031 547 1126 572 mox
1145 532 1441 586 etfi⁴umentis.

275 624 315 655 35
335 608 473 654 Binis
506 608 704 670 dactylis
740 616 788 653 et
823 607 946 652 binis
983 604 1202 668 spondeis
1239 621 1346 651 cum
1383 604 1478 651 suis
1514 603 1705 667 syllabis
1741 613 1789 649 et

337 701 430 730 una
454 684 560 747 plus
586 683 632 728 in
661 681 847 728 medio:

512 759 664 798 Omm'a
685 758 902 797 Mercurio
923 755 1051 796 delam
1071 756 1174 796 dant
1193 756 1336 796 Musae
1354 756 1506 795 dulces.

336 831 472 876 Binis
505 830 724 893 spondeis
757 840 804 875 et
842 829 964 875 binis
1001 829 1201 892 dactylis
1237 846 1345 875 cum
1381 828 1476 874 suis
1515 826 1708 890 syllabis
1742 836 1790 873 et

338 923 429 951 una
454 906 503 951 in
530 906 687 951 medio
712 905 832 968 plus.
901 905 1138 969 Exempla
1171 922 1279 950 vero
1314 922 1398 950 nos
1436 903 1597 949 omnia
1630 912 1790 949 nostra

336 981 517 1027 damus.
589 980 799 1043 Singulis
825 980 1023 1044 dactylis
1048 989 1094 1026 et
1119 980 1318 1043 singulis
1343 978 1562 1043 spondeis
1588 996 1645 1024 ex
1668 987 1791 1025 utra-

336 1075 428 1119 que
452 1066 584 1120 parte
615 1074 722 1103 cum
761 1056 856 1103 suis
893 1056 1086 1119 syllabis
1122 1065 1169 1102 et
1205 1073 1298 1102 una
1333 1056 1514 1119 syllaba
1550 1055 1596 1100 in
1630 1053 1790 1100 medio

335 1133 456 1196 plus,

507 1199 669 1239 Cuncta
690 1198 764 1238 tibi
784 1211 896 1237 nune
915 1198 966 1238 do
985 1199 1045 1239 sic
1064 1199 1255 1238 earmina
1275 1204 1312 1238 te
1331 1197 1480 1252 digna.

276 1292 318 1332 36
337 1281 546 1343 Singulis
584 1280 803 1344 spondeis
829 1290 876 1326 et
908 1281 1107 1344 singulis
1144 1280 1343 1344 dactylis
1377 1297 1485 1326 cum
1520 1278 1615 1325 suis
1652 1279 1791 1342 sylla-

338 1357 407 1402 bis
433 1366 480 1402 et
504 1374 596 1402 una
623 1356 669 1401 in
698 1357 855 1403 medio
880 1357 1013 1419 plus:

507 1433 733 1472 Musarum
756 1434 883 1472 cecini
905 1448 1016 1473 mmo
1035 1438 1181 1472 cuncta
1202 1438 1330 1472 metra
1351 1432 1438 1472 tibi.

336 1504 589 1567 eDactyIO,
606 1504 830 1568 spondeo,
850 1522 933 1550 sua
959 1505 1153 1568 syllaba,
1169 1515 1215 1549 et
1236 1521 1329 1549 una
1349 1504 1492 1549 altera
1512 1503 1633 1566 plus,
1651 1518 1792 1565 spon-

336 1580 440 1635 deo,
465 1579 671 1643 dacty10‚
696 1589 744 1626 et
769 1580 975 1643 syllaba:

511 1657 679 1711 Optima
701 1655 944 1696 fMusarum
965 1656 1016 1695 do
1038 1661 1170 1695 metra
1194 1654 1399 1696 Cleoerilz'i.

277 1754 317 1785 37
338 1728 605 1791 &SpondeQ
630 1728 837 1792 dactylo,
863 1745 945 1774 sua
978 1727 1172 1790 syllaba,
1197 1736 1244 1772 et
1282 1743 1375 1772 una
1412 1725 1555 1771 altera
1590 1725 1713 1789 plus,
1746 1733 1793 1770 et

336 1804 541 1868 dactylo,
567 1804 791 1868 spondeo,
817 1814 863 1849 et
889 1803 1094 1866 syllaba:

508 1880 725 1935 Praeeepta
746 1893 978 1920 memorans
998 1879 1046 1919 de
1060 1884 1223 1933 pectore
1244 1878 1409 1918 caelesti.

278 1959 319 1995 38
407 1947 530 1993 Haec
555 1957 665 1993 sunt
690 1947 934 1993 schemata
960 1946 1095 1992 metri
1121 1945 1356 1991 Choerilii.
1409 1944 1501 1991 Sed
1529 1962 1586 1990 ne
1605 1943 1685 2005 qui
1707 1960 1792 1988 nos

339 2023 589 2086 imperitiae
612 2032 777 2086 arguat
801 2022 926 2085 quod
952 2032 1176 2085 quattuor
1211 2025 1451 2069 schemata
1487 2019 1793 2084 promisimus

338 2117 437 2145 esse
464 2099 604 2160 hujus
632 2100 784 2155 metri,
809 2099 887 2145 sed
916 2099 1026 2144 bina
1051 2098 1248 2161 singulae
1272 2115 1478 2154 caesurae,
1503 2105 1551 2142 et
1574 2095 1794 2158 exempla

339 2175 586 2237 posuimus
611 2173 764 2229 hocto,
793 2175 882 2220 hoc
906 2174 1047 2220 debet
1082 2174 1202 2230 sciri,
1226 2173 1351 2236 quod
1384 2172 1578 2235 singulae
1607 2188 1793 2217 caesurae

343 2251 481 2311 hujus
521 2251 653 2296 metri
688 2268 919 2314 percussae
962 2259 1188 2312 quaterna
1237 2250 1479 2295 schemata
1516 2248 1710 2303 babent,
1746 2246 1791 2291 in

281 2347 323 2377 39
343 2345 389 2372 se
428 2337 588 2371 tamen
628 2327 849 2388 copulata
881 2326 1024 2371 altera
1061 2334 1304 2387 quaterna.
1374 2324 1504 2369 Nam
1542 2331 1622 2368 aut
1657 2329 1794 2384 quat-

341 2411 448 2448 tuor
483 2411 593 2448 sunt
623 2401 816 2464 dactyli,
840 2419 898 2448 ex
931 2411 1128 2463 utraque
1162 2411 1293 2465 parte
1327 2401 1440 2456 bini,
1467 2408 1548 2446 aut
1572 2406 1796 2461 quattuor

343 2488 452 2525 sunt
495 2478 706 2542 spondei,
740 2495 798 2524 ex
842 2487 1039 2540 utraque
1077 2487 1210 2541 parte
1247 2476 1361 2532 bini,
1396 2485 1477 2522 aut
1515 2474 1657 2538 primi
1699 2473 1795 2520 duo

397 2678 413 2697 0
434 2672 483 2706 bis
502 2684 576 2707 om.
597 2671 645 2707 L.
907 2668 926 2696 d
947 2670 1038 2707 dant
1058 2670 1165 2716 dant]
1192 2668 1252 2706 Sic
1271 2668 1317 2704 L.
1343 2667 1458 2704 semel
1478 2669 1567 2703 <lant
1587 2665 1794 2703 Putschius.

344 2733 360 2752 θ
381 2724 527 2772 dactylo
557 2723 743 2773 spondeo]
775 2724 939 2770 dactylus
964 2725 1138 2770 spondeus
1157 2723 1202 2758 L.
1224 2722 1286 2770 qui
1313 2729 1392 2757 tum
1414 2734 1488 2756 om.
1508 2733 1574 2755 sua
1601 2720 1796 2766 syllaba-—

343 2777 495 2824 syllaba.
651 2775 666 2802 f
679 2777 873 2812 Musarum
895 2776 943 2812 do
964 2785 1083 2812 metra
1102 2773 1286 2822 Choerilii]
1314 2780 1511 2809 metr-arum
1531 2772 1680 2808 demetri
1701 2771 1795 2806 Cho-

345 2832 403 2865 rili
424 2829 469 2866 L.
593 2836 614 2864 g
634 2829 779 2878 dactylo
800 2829 982 2877 spondeo]
1004 2830 1178 2876 spondeus
1197 2828 1360 2875 dactylus
1381 2827 1424 2863 L.
1481 2825 1646 2875 spondeo
1665 2823 1792 2872 dacty-

345 2883 397 2929 lo]
420 2883 585 2929 ‹lactylus
603 2884 776 2929 spondeus
797 2882 839 2918 L.
952 2880 972 2907 h
993 2883 1097 2929 octo]
1123 2887 1200 2918 octo
1223 2882 1303 2917 bina
1323 2880 1369 2916 L.
