1962 3355
317 1456 353 1477 10

372 180 466 218 448
971 173 1226 220 Diomedis
1636 186 1733 217 LIB.
1754 186 1829 217 111.

371 301 419 340 et
453 293 578 339 follis
621 311 731 340 cum
769 294 990 341 omnium
1028 293 1325 357 leguminum
1367 309 1564 354 genere3
1603 292 1753 337 inerat
1787 301 1834 337 et

371 386 542 415 corona
568 370 613 415 in
639 370 795 434 capite
823 380 870 416 et
905 371 952 416 in
990 387 1134 416 manu
1171 368 1348 431 pedum
1382 368 1652 421 clavatum3
1690 376 1833 429 atquc

371 446 437 493 ita
460 447 692 493 victorum
721 447 937 493 omnium
966 447 1087 492 fores
1113 443 1373 490 multitudo
1398 442 1714 499 icircumibat,
1734 461 1832 489 car-

372 540 481 568 men
518 523 566 568 in
606 522 866 578 victoriam,
899 538 1042 582 quam
1073 520 1230 583 adepti
1262 519 1464 575 fuerant,
1502 521 1752 575 canebant,
1785 529 1832 566 et

371 597 430 644 de
454 616 509 644 co
535 599 645 644 folle
670 598 839 644 limina
862 597 1078 660 frugibus
1105 597 1404 659 spargebant.
1452 596 1684 642 Nonnulli
1712 605 1759 642 et
1783 596 1830 641 in

371 674 557 720 Italiam
585 683 632 719 et
661 674 706 719 in
739 673 947 736 Lydiam
974 681 1021 718 et
1055 671 1101 717 in
1140 671 1444 736 kAEgyptum
1477 672 1701 718 transisse
1733 689 1832 718 crc-

371 749 561 805 duntur,
602 766 720 810 quos
767 748 1019 810 Lydiastas
1062 757 1108 794 et
1149 749 1418 796 Bucolistas
1458 749 1829 813 appellaverunt.

372 826 677 886 Quamquam
704 835 775 870 est
799 833 845 870 et
870 824 959 870 alia
982 824 1160 888 opiniO,
1185 824 1382 871 ¹circum
1414 842 1559 888 pagos
1585 833 1632 870 et
1655 822 1830 887 oppida

370 901 531 947 solitos
558 900 699 946 fuisse
728 908 937 964 pastores
963 900 1230 964 composito
1254 910 1436 947 meantu
1473 899 1650 964 precari
1690 916 1832 962 peco-

371 993 472 1022 rum
501 985 585 1022 nac
610 975 801 1038 frugum
827 976 1143 1039 omniumque
1178 994 1333 1022 rerum
1360 985 1662 1040 proventum,
1688 986 1830 1036 atque

371 1051 478 1097 inde
503 1051 549 1096 in
578 1051 705 1097 hunc
730 1051 858 1097 diem
895 1070 1086 1098 manere
1124 1070 1298 1099 nomen
1325 1062 1372 1099 et
1401 1053 1544 1098 ritum
1572 1051 1828 1098 Bucolico-

370 1145 489 1174 rum.
562 1129 738 1173 Putant
763 1137 919 1174 autem
948 1128 1139 1191 quidam
1178 1129 1267 1175 hoc
1304 1146 1451 1191 genus
1477 1126 1699 1174 carminis
1735 1125 1830 1190 pri-

369 1221 502 1249 mum
540 1202 791 1266 Daphnim
831 1204 1168 1267 composuisse,
1192 1204 1364 1251 deinde.
1396 1204 1509 1250 alios
1543 1202 1829 1266 complures,

367 1279 489 1325 inter
530 1297 648 1342 quos
689 1279 1000 1326 Theocritum
1045 1281 1412 1344 Syracusanum,
1455 1289 1624 1342 ⁰quem
1671 1288 1829 1326 noster

369 1355 597 1401 imitatur.

435 1431 689 1494 Tragoedia
720 1440 791 1476 est
830 1431 1029 1477 heroicae
1065 1431 1265 1478 fortunae
1301 1432 1347 1477 in
1386 1431 1589 1478 adversis
1616 1448 1829 1494 compre-

373 1507 551 1553 hensio.
621 1508 664 1553 A
689 1507 1021 1570 Theophrasto
1046 1508 1110 1554 ita
1143 1507 1340 1554 definita
1365 1517 1462 1554 est:
1499 1507 1734 1570 tragoedia
1759 1517 1830 1553 est

371 1586 562 1645 Ρὴρωϊκῆς
585 1584 711 1645 τύχης
735 1584 988 1645 περίστασις.
1025 1584 1294 1647 Tragoedia,
1319 1593 1371 1630 ut
1390 1583 1600 1646 quidam,
1620 1602 1646 1630 a
1664 1587 1830 1648 (Ιτράγῳ

372 1669 419 1705 et
442 1659 519 1723 ᾠδῇ
542 1660 665 1706 dicta
691 1669 774 1716 est,
798 1660 1022 1722 quoniam
1050 1660 1162 1706 olim
1191 1661 1427 1706 actoribus
1454 1660 1642 1723 tragicis
1668 1663 1828 1723 τράγος,

373 1734 418 1780 id
444 1745 513 1780 est
541 1735 713 1793 hircus,
734 1736 981 1798 praemium
1011 1746 1175 1782 cantus
1196 1737 1566 1800 proponebatur,
1582 1736 1661 1798 qui
1687 1736 1830 1782 Libe-

373 1811 562 1868 ralibus,
581 1811 656 1857 die
680 1812 800 1857 festo
819 1812 994 1858 Libero
1020 1813 1157 1876 patri,
1174 1813 1234 1858 ob
1262 1813 1351 1858 hoc
1371 1813 1528 1876 ipsum
1551 1813 1830 1859 immolaba-

375 1897 463 1944 tur,
489 1889 613 1951 quia,
638 1898 688 1935 ut
713 1889 885 1935 l”Varro
911 1889 989 1943 ait,
1014 1889 1277 1953 depascunt
1302 1890 1462 1936 vitem.
1508 1889 1573 1936 Et
1600 1889 1829 1937 Horatius

374 1964 420 2010 in
447 1965 562 2011 Arte
587 1966 787 2029 poetica,

377 2165 465 2201 AB.
496 2167 650 2201 omnium
666 2165 847 2213 feretrum
878 2167 1070 2213 imaginem
1100 2167 1300 2214 complexus
1336 2165 1389 2211 (in
1421 2179 1537 2217 marg.
1570 2169 1605 2202 in
1639 2168 1828 2213 imaginem

376 2220 506 2254 veretri
531 2223 622 2265 puto
641 2220 845 2265 dicendum)
872 2224 905 2254 et
933 2224 974 2254 ut
1002 2218 1055 2264 (in
1085 2232 1202 2269 marg.
1224 2221 1319 2265 uter)
1352 2232 1430 2255 cum
1458 2221 1540 2255 vino
1568 2225 1603 2255 et
1618 2219 1728 2267 follis
1750 2232 1829 2255 cum

377 2273 533 2306 omnium
554 2273 768 2317 legztmz'nwn
797 2284 926 2318 genere
946 2273 990 2308 C.
1009 2272 1176 2320 serarum
1203 2274 1378 2318 imaginec
1405 2274 1579 2319 ompletus
1598 2277 1633 2307 et
1662 2277 1740 2307 uter
1759 2285 1828 2309 ms.

377 2324 474 2372 apud
505 2323 722 2373 Scioppium
744 2325 847 2360 Lect.
874 2326 981 2374 Susp.
1002 2325 1050 2361 V.
1078 2337 1137 2361 12.
1165 2339 1199 2374 p.
1225 2325 1312 2367 267.
1340 2323 1400 2373 qui
1431 2337 1516 2360 mox
1542 2324 1640 2361 delet
1660 2337 1710 2360 eo.
1738 2326 1827 2362 Put-

377 2375 500 2412 schius
529 2377 631 2412 dedit
650 2383 684 2412 et
709 2379 962 2414 corona.—-Et
991 2380 1147 2424 imagine
1175 2379 1376 2424 complexus
1401 2383 1436 2413 et
1463 2390 1543 2413 cum
1570 2381 1652 2413 vino
1671 2383 1705 2414 et
1721 2378 1830 2427 foliis

378 2431 534 2464 omnium
556 2431 771 2475 leguminum
800 2442 929 2476 genere
948 2431 983 2465 V
985 2443 1045 2466 en.
1210 2428 1220 2455 i
1239 2430 1404 2466 carmine
1423 2430 1612 2473 circuibat,
1635 2430 1828 2468 victoriam

378 2483 509 2529 quam]
544 2483 751 2517 circumibat
773 2495 916 2518 carnem
942 2485 977 2518 in
1007 2484 1191 2519 victoriam
1223 2495 1329 2530 quam
1357 2484 1402 2519 A.
1448 2485 1657 2520 circumibat
1687 2497 1829 2521 carmen

379 2535 424 2570 B.
456 2547 597 2570 carmen
618 2536 846 2571 circuibatC.
876 2536 1050 2571 circu-ibat
1070 2549 1105 2571 in
1126 2548 1266 2572 carmen
1289 2536 1454 2585 Scioppii
1476 2550 1543 2573 ms.
1575 2549 1717 2573 carmen
1732 2539 1828 2574 Ven.

378 2585 399 2613 k
419 2588 647 2637 AEgyptuni]
674 2589 708 2623 in
729 2589 932 2635 AEgyptum
953 2590 1043 2625 A.C.
1183 2587 1193 2615 l
1213 2588 1351 2626 circum
1373 2590 1505 2639 pagos]
1529 2592 1624 2626 circa
1647 2592 1764 2638 potios
1783 2591 1828 2627 B.

379 2647 410 2666 m
430 2640 608 2686 carmine]
633 2646 739 2676 cantu
764 2641 896 2677 A.C.B.
1061 2648 1080 2667 n
1100 2649 1137 2678 et
1157 2641 1304 2692 frugum
1325 2642 1586 2692 omniumque]
1613 2656 1656 2679 ae
1672 2644 1829 2690 frugum

381 2693 631 2741 hominumque
649 2694 742 2730 AB.
773 2707 816 2729 ac
831 2693 988 2742 frugum
1018 2697 1242 2742 omniumque
1265 2702 1479 2743 proventum
1507 2701 1616 2744 atque
1635 2698 1679 2733 C.
1709 2709 1829 2732 rerum

379 2759 454 2782 om.
473 2747 570 2782 Ven.
707 2753 725 2772 ⁰
744 2759 855 2795 quem
878 2749 1019 2794 noster]
1043 2761 1142 2794 quem
1164 2754 1321 2784 nostrum
1343 2749 1390 2785 B.
1528 2756 1548 2784 P
1567 2750 1693 2797 ἡρωικῆς
1711 2749 1825 2796 τύχης]

379 2801 524 2835 erotices
553 2800 696 2847 thyches
714 2800 810 2836 ΑΒ.
975 2808 995 2836 q
1015 2800 1149 2838 dicitur
1168 2814 1188 2837 a
1206 2804 1322 2849 τράγος
1340 2809 1377 2838 et
1397 2803 1456 2846 ὠδῆ
1475 2801 1590 2849 dicta]
1621 2815 1644 2838 α
1665 2807 1828 2849 tragoeto

378 2854 517 2888 dedicta
539 2858 589 2888 est
609 2854 652 2889 A.
682 2854 778 2888 dicta
798 2858 849 2888 est
869 2853 911 2888 C.
1030 2860 1045 2879 Υ
1063 2862 1104 2889 ut
1123 2853 1176 2890 ait
1194 2855 1331 2901 Varro]
1359 2860 1399 2891 ut
1423 2856 1537 2891 Varro
1557 2857 1609 2891 ait
1629 2855 1771 2891 A.B.C.
