1962 3355
131 218 239 250 CAP.
267 214 311 250 5.
710 205 792 250 De
816 203 1043 266 Syllabis.
1520 217 1581 254 35

130 322 265 369 Idem
294 324 384 370 hoc
410 334 456 370 et
480 325 528 370 in
554 342 597 381 z,
623 331 689 380 ut,

463 400 678 447 Mezenti
702 400 836 445 ducis
863 400 1071 451 eoeuvias,

127 491 231 536 quae
256 474 382 537 apud
408 476 598 522 Graecos
624 474 800 537 duplex
826 483 910 521 est.
976 475 1101 521 Item
1127 475 1162 520 si
1189 475 1374 522 desinat
1398 477 1444 522 in
1472 495 1584 523 con-
1604 492 1641 524 35

128 559 391 608 sonantem,
415 562 462 597 et
497 551 760 615 excipiatur
796 570 821 597 a
856 552 1003 598 vocali
1042 552 1144 598 vice
1179 552 1383 615 mposita
1418 571 1584 599 conso-

127 626 298 683 nantis,
324 635 389 683 ut,

457 692 626 738 Inveni
645 709 881 755 germana
903 693 1046 739 viam.

127 778 175 823 Si
196 778 380 824 desinat
405 779 450 824 in
472 788 830 834 consonantem,
849 797 942 841 qua
962 797 1067 842 pars
1092 781 1315 827 orationis
1342 790 1361 809 ¹¹
1379 781 1583 839 finiatur,
1605 787 1645 825 36

130 862 196 910 ut,

280 918 455 964 Omnia
477 919 624 965 vincit
648 937 798 977 umor,
824 927 868 966 et
893 937 976 966 nos
1002 921 1225 967 cedamus
1248 923 1415 968 amori.

127 1003 174 1049 Si
203 1013 414 1068 correpta
437 1006 610 1052 vocalis
636 1024 719 1069 per
743 1023 790 1052 se
821 1015 1001 1069 partem
1039 1007 1261 1054 orationis
1299 1008 1582 1072 impleverit,
1604 1031 1642 1064 37

128 1087 195 1136 ut,

456 1145 701 1192 Horresco
725 1145 955 1210 referens.

462 1220 749 1284 Liminaque
774 1221 1038 1285 laurusque
1063 1223 1152 1267 dei.

126 1307 252 1353 Haec
292 1307 472 1370 syllaba
513 1316 560 1353 et
600 1308 722 1353 inter
763 1325 1042 1354 communes
1087 1309 1247 1354 haberi
1291 1319 1459 1372 potest.
1531 1312 1581 1358 Si
1600 1326 1641 1363 38

123 1383 334 1428 vocalem
374 1384 564 1428 brevem
590 1392 812 1445 sequatur
843 1385 894 1429 Οἱ
927 1384 1081 1430 littera
1106 1385 1206 1430 vice
1238 1386 1390 1448 posita
1416 1404 1581 1432 conso-

125 1458 295 1512 nantis,
320 1470 387 1514 ut,

455 1532 475 1562 P
491 1523 822 1588 Harpyioeque
847 1525 1023 1572 colunt.

125 1610 174 1655 Si
198 1619 305 1673 post
340 1611 529 1656 brevem
566 1612 777 1657 vocalem
815 1611 1066 1673 subjuncta
1102 1612 1162 1658 sit
1197 1616 1473 1660 consonanti
1500 1633 1582 1661 vo-
1602 1641 1642 1671 39

125 1686 252 1741 calis,
272 1696 319 1732 et
344 1686 553 1733 vocalem
581 1698 845 1750 correptam
873 1688 1078 1733 habeant
1104 1700 1493 1751 consequentem,
1515 1700 1580 1745 ut,

454 1762 737 1809 Parietibus
761 1769 943 1809 temtum
969 1764 1107 1809 caecis
1130 1764 1238 1810 iter.

191 1845 315 1890 Item
350 1862 630 1890 communes
663 1846 860 1907 syllabae
897 1854 1008 1890 sunt
1032 1855 1078 1891 et
1103 1863 1160 1891 ex
1188 1846 1258 1892 his
1283 1864 1389 1909 quae
1413 1857 1579 1893 natura
1598 1867 1639 1895 40

126 1920 278 1983 longae
304 1921 476 1976 qfiunt,
502 1930 547 1966 et
571 1938 630 1966 ex
657 1921 729 1966 his
755 1938 861 1983 quae
887 1921 1134 1983 positione.

191 1995 391 2053 Natura,
417 1996 454 2041 si
491 1995 720 2059 producta
753 1997 926 2042 vocalis
964 1996 1228 2059 excipiatur
1264 2017 1288 2043 a
1323 1999 1487 2055 vocali,
1511 2008 1635 2048 est41

126 2072 253 2118 enim
276 2072 418 2134 longa
443 2071 488 2117 in
517 2072 622 2128 hoc,

266 2146 448 2193 Glauco
475 2154 519 2193 et
543 2146 795 2208 Panopeae,
821 2155 866 2194 et
891 2149 1005 2194 Inoo
1031 2149 1336 2196 erIelicertoe.

125 2234 204 2279 Fit
228 2243 386 2280 autem
413 2234 462 2279 in
490 2233 579 2279 hoc
604 2233 770 2290 brevis,
1598 2272 1637 2299 42

196 2310 262 2356 Te
291 2309 512 2373 Corydon
534 2328 559 2356 o
583 2310 750 2368 Alexi,
770 2311 923 2357 trahit
947 2320 1064 2357 Ssua
1088 2329 1321 2376 quemque
1342 2314 1577 2377 voluptas.

124 2399 248 2444 Item
292 2409 474 2456 natura,
511 2416 618 2445 cum
662 2399 864 2462 geminae
903 2401 1100 2457 vocales,
1140 2418 1256 2462 quas
1296 2402 1454 2448 Graeci
1481 2403 1580 2449 tdi-
1598 2423 1638 2452 43

124 2475 398 2539 phthongos
440 2486 625 2533 vocant,
665 2495 690 2522 a
731 2477 880 2522 vocali
924 2477 1239 2540 excipiuntur.
1320 2478 1408 2524 Est
1447 2479 1574 2524 enin}

124 2553 266 2615 longa
290 2553 469 2615 syllaba
494 2553 542 2598 in
568 2553 673 2608 hoc,

177 2703 208 2721 m
230 2696 471 2732 consonantis
492 2695 629 2745 posita]
654 2697 776 2744 posita
794 2695 1035 2732 consonantis
1056 2697 1096 2732 P.
1117 2705 1155 2733 et
1174 2696 1225 2732 sic
1244 2695 1352 2732 infra.
1455 2704 1475 2722 ¹¹
1496 2698 1578 2733 fini-

124 2749 200 2795 tur]
224 2747 373 2784 finiatur
394 2749 438 2784 P.
586 2756 604 2775 0
625 2749 635 2785 i
656 2748 794 2796 littera]
817 2763 841 2798 y
863 2749 984 2786 littera
1004 2750 1043 2785 P.
1179 2756 1199 2784 P
1222 2749 1487 2798 Harpyiaeque]
1510 2751 1576 2785 Ar-

123 2801 293 2850 pyiaeque
315 2802 355 2837 P.
519 2809 539 2835 q
555 2802 658 2848 sunt]
684 2803 778 2839 fiunt
798 2803 838 2838 P.
1003 2810 1018 2828 r
1036 2801 1258 2849 Melicertae]
1283 2801 1514 2838 Melicbertae
1535 2803 1574 2837 P.

125 2860 140 2879 s
160 2866 226 2889 sua
255 2867 428 2903 quenque
456 2854 643 2905 voluptas]
677 2870 704 2892 s.
726 2869 760 2905 q.
781 2869 813 2891 v.
836 2857 876 2891 P.
1100 2854 1115 2880 t
1135 2854 1379 2905 diphtongos]
1413 2855 1575 2903 dypton-

123 2919 191 2956 gos
212 2906 257 2943 P.

803 2980 882 3015 F2
