<?xml version="1.0" encoding="UTF-8"?>
<!DOCTYPE html PUBLIC "-//W3C//DTD XHTML 1.0 Transitional//EN"
    "http://www.w3.org/TR/xhtml1/DTD/xhtml1-transitional.dtd">
<html xmlns="http://www.w3.org/1999/xhtml" xml:lang="en" lang="en">
 <head>
  <title>
</title>
<meta http-equiv="Content-Type" content="text/html;charset=utf-8" />
  <meta name='ocr-system' content='tesseract 3.04.00' />
  <meta name='ocr-capabilities' content='ocr_page ocr_carea ocr_par ocr_line ocrx_word'/>
</head>
<body>
  <div class='ocr_page' id='page_1' title='image "./scriptoreslatini00gaisuoft_0098.png"; bbox 0 0 1962 3355; ppageno 0'>
   <div class='ocr_carea' id='block_1_1' title="bbox 368 186 1822 236">
    <p class='ocr_par' dir='ltr' id='par_1_1' title="bbox 368 186 1822 236">
     <span class='ocr_line' id='line_1_1' title="bbox 368 186 1822 236; baseline -0.001 0"><span class='ocrx_word' id='word_1_1' title='bbox 368 198 431 236; x_wconf 91' lang='grc'>80</span> <span class='ocrx_word' id='word_1_2' title='bbox 879 186 1035 235; x_wconf 78' lang='lat' dir='ltr'>Marii</span> <span class='ocrx_word' id='word_1_3' title='bbox 1062 189 1302 236; x_wconf 78' lang='lat' dir='ltr'><em>Victorini</em></span> <span class='ocrx_word' id='word_1_4' title='bbox 1669 204 1767 234; x_wconf 79' lang='lat' dir='ltr'>Lm.</span> <span class='ocrx_word' id='word_1_5' title='bbox 1790 204 1822 234; x_wconf 94' lang='lat'>1-</span> 
     </span>
    </p>
   </div>
   <div class='ocr_carea' id='block_1_2' title="bbox 326 310 1825 2175">
    <p class='ocr_par' dir='ltr' id='par_1_2' title="bbox 326 310 1825 2175">
     <span class='ocr_line' id='line_1_2' title="bbox 367 310 1825 373; baseline -0.001 -17"><span class='ocrx_word' id='word_1_6' title='bbox 367 310 547 373; x_wconf 86' lang='lat' dir='ltr'>species</span> <span class='ocrx_word' id='word_1_7' title='bbox 573 318 720 357; x_wconf 74' lang='lat' dir='ltr'>‘lsunt</span> <span class='ocrx_word' id='word_1_8' title='bbox 738 319 974 373; x_wconf 87' lang='lat' dir='ltr'>quattuor,</span> <span class='ocrx_word' id='word_1_9' title='bbox 995 328 1103 357; x_wconf 88' lang='lat' dir='ltr'>nam</span> <span class='ocrx_word' id='word_1_10' title='bbox 1140 319 1220 357; x_wconf 89' lang='lat' dir='ltr'>aut</span> <span class='ocrx_word' id='word_1_11' title='bbox 1257 310 1591 357; x_wconf 85' lang='lat' dir='ltr'>racatalectum</span> <span class='ocrx_word' id='word_1_12' title='bbox 1630 320 1715 367; x_wconf 89' lang='lat' dir='ltr'>est,</span> <span class='ocrx_word' id='word_1_13' title='bbox 1744 319 1825 355; x_wconf 89' lang='lat' dir='ltr'>aut</span> 
     </span>
     <span class='ocr_line' id='line_1_3' title="bbox 365 387 1825 451; baseline 0 -18"><span class='ocrx_word' id='word_1_14' title='bbox 365 387 737 443; x_wconf 75' lang='lat' dir='ltr'>Scatalecticum,</span> <span class='ocrx_word' id='word_1_15' title='bbox 759 396 840 432; x_wconf 89' lang='lat' dir='ltr'>aut</span> <span class='ocrx_word' id='word_1_16' title='bbox 865 392 878 416; x_wconf 66' lang='lat' dir='ltr'>t</span> <span class='ocrx_word' id='word_1_17' title='bbox 893 387 1375 450; x_wconf 83' lang='lat' dir='ltr'>brachycatalectum‚</span> <span class='ocrx_word' id='word_1_18' title='bbox 1393 396 1473 433; x_wconf 89' lang='lat' dir='ltr'>aut</span> <span class='ocrx_word' id='word_1_19' title='bbox 1499 387 1825 451; x_wconf 85' lang='lat' dir='ltr'>hypercatale-</span> 
     </span>
     <span class='ocr_line' id='line_1_4' title="bbox 365 463 1823 521; baseline -0.001 -11"><span class='ocrx_word' id='word_1_20' title='bbox 365 472 524 510; x_wconf 88' lang='lat' dir='ltr'>ctum:</span> <span class='ocrx_word' id='word_1_21' title='bbox 562 463 607 510; x_wconf 90' lang='lat' dir='ltr'>id</span> <span class='ocrx_word' id='word_1_22' title='bbox 646 473 731 521; x_wconf 85' lang='lat' dir='ltr'>est,</span> <span class='ocrx_word' id='word_1_23' title='bbox 756 481 864 510; x_wconf 88' lang='lat' dir='ltr'>cum</span> <span class='ocrx_word' id='word_1_24' title='bbox 893 464 938 509; x_wconf 91' lang='lat' dir='ltr'>in</span> <span class='ocrx_word' id='word_1_25' title='bbox 965 464 1060 509; x_wconf 99' lang='lat' dir='ltr'>fine</span> <span class='ocrx_word' id='word_1_26' title='bbox 1085 480 1306 509; x_wconf 89' lang='lat' dir='ltr'>versuum</span> <span class='ocrx_word' id='word_1_27' title='bbox 1332 480 1460 508; x_wconf 89' lang='lat' dir='ltr'>nunc</span> <span class='ocrx_word' id='word_1_28' title='bbox 1483 463 1670 520; x_wconf 82' lang='lat' dir='ltr'><strong>desunt,</strong></span> <span class='ocrx_word' id='word_1_29' title='bbox 1696 479 1823 508; x_wconf 91' lang='lat' dir='ltr'>nunc</span> 
     </span>
     <span class='ocr_line' id='line_1_5' title="bbox 327 538 1824 604; baseline -0.003 -16"><span class='ocrx_word' id='word_1_30' title='bbox 327 565 346 591; x_wconf 89' lang='lat'>4</span> <span class='ocrx_word' id='word_1_31' title='bbox 365 542 626 587; x_wconf 81' lang='lat' dir='ltr'>exuberant</span> <span class='ocrx_word' id='word_1_32' title='bbox 645 541 854 604; x_wconf 73' lang='lat' dir='ltr'>syllabae,</span> <span class='ocrx_word' id='word_1_33' title='bbox 870 548 951 586; x_wconf 91' lang='lat' dir='ltr'>aut</span> <span class='ocrx_word' id='word_1_34' title='bbox 973 548 1167 585; x_wconf 89' lang='lat' dir='ltr'>manent</span> <span class='ocrx_word' id='word_1_35' title='bbox 1182 539 1393 601; x_wconf 87' lang='lat' dir='ltr'>integrae.</span> <span class='ocrx_word' id='word_1_36' title='bbox 1429 539 1518 584; x_wconf 90' lang='lat' dir='ltr'>Est</span> <span class='ocrx_word' id='word_1_37' title='bbox 1537 538 1682 601; x_wconf 88' lang='lat' dir='ltr'>igitur</span> <span class='ocrx_word' id='word_1_38' title='bbox 1699 547 1824 584; x_wconf 85' lang='lat' dir='ltr'>cata-</span> 
     </span>
     <span class='ocr_line' id='line_1_6' title="bbox 365 614 1823 679; baseline -0.002 -16"><span class='ocrx_word' id='word_1_39' title='bbox 365 617 603 672; x_wconf 77' lang='lat' dir='ltr'>lecticum‚</span> <span class='ocrx_word' id='word_1_40' title='bbox 628 616 882 679; x_wconf 87' lang='lat' dir='ltr'>uquotiens</span> <span class='ocrx_word' id='word_1_41' title='bbox 908 616 957 661; x_wconf 91' lang='lat' dir='ltr'>in</span> <span class='ocrx_word' id='word_1_42' title='bbox 982 616 1077 660; x_wconf 90' lang='lat' dir='ltr'>fine</span> <span class='ocrx_word' id='word_1_43' title='bbox 1101 631 1260 660; x_wconf 88' lang='lat' dir='ltr'>versus</span> <span class='ocrx_word' id='word_1_44' title='bbox 1287 614 1469 676; x_wconf 88' lang='lat' dir='ltr'>syllaba</span> <span class='ocrx_word' id='word_1_45' title='bbox 1497 632 1588 660; x_wconf 89' lang='lat' dir='ltr'>una</span> <span class='ocrx_word' id='word_1_46' title='bbox 1613 632 1698 678; x_wconf 91' lang='lat' dir='ltr'>pro</span> <span class='ocrx_word' id='word_1_47' title='bbox 1722 623 1823 660; x_wconf 87' lang='lat' dir='ltr'>toto</span> 
     </span>
     <span class='ocr_line' id='line_1_7' title="bbox 364 690 1824 757; baseline -0.001 -18"><span class='ocrx_word' id='word_1_48' title='bbox 364 693 484 757; x_wconf 89' lang='lat' dir='ltr'>pede</span> <span class='ocrx_word' id='word_1_49' title='bbox 506 692 749 756; x_wconf 82' lang='lat' dir='ltr'>accipitur,</span> <span class='ocrx_word' id='word_1_50' title='bbox 769 700 910 753; x_wconf 87' lang='lat' dir='ltr'>atque</span> <span class='ocrx_word' id='word_1_51' title='bbox 929 690 994 735; x_wconf 91' lang='lat' dir='ltr'>ita</span> <span class='ocrx_word' id='word_1_52' title='bbox 1019 690 1172 753; x_wconf 90' lang='lat' dir='ltr'>posita</span> <span class='ocrx_word' id='word_1_53' title='bbox 1196 690 1326 736; x_wconf 89' lang='lat' dir='ltr'>velut</span> <span class='ocrx_word' id='word_1_54' title='bbox 1350 690 1553 736; x_wconf 87' lang='lat' dir='ltr'>refrenat</span> <span class='ocrx_word' id='word_1_55' title='bbox 1568 700 1614 736; x_wconf 91' lang='lat' dir='ltr'>et</span> <span class='ocrx_word' id='word_1_56' title='bbox 1633 690 1824 737; x_wconf 84' lang='lat' dir='ltr'>cohibet</span> 
     </span>
     <span class='ocr_line' id='line_1_8' title="bbox 327 766 1821 829; baseline -0.001 -14"><span class='ocrx_word' id='word_1_57' title='bbox 327 790 344 820; x_wconf 86' lang='lat'>5</span> <span class='ocrx_word' id='word_1_58' title='bbox 364 772 501 815; x_wconf 82' lang='lat' dir='ltr'>metri</span> <span class='ocrx_word' id='word_1_59' title='bbox 524 786 732 815; x_wconf 89' lang='lat' dir='ltr'>cursum.</span> <span class='ocrx_word' id='word_1_60' title='bbox 786 766 1113 813; x_wconf 89' lang='lat' dir='ltr'>Acatalectum</span> <span class='ocrx_word' id='word_1_61' title='bbox 1136 775 1311 824; x_wconf 86' lang='lat' dir='ltr'>autem,</span> <span class='ocrx_word' id='word_1_62' title='bbox 1326 767 1490 829; x_wconf 74' lang='lat' dir='ltr'>unod</span> <span class='ocrx_word' id='word_1_63' title='bbox 1509 767 1821 814; x_wconf 87' lang='lat' dir='ltr'>novissimum</span> 
     </span>
     <span class='ocr_line' id='line_1_9' title="bbox 366 841 1820 908; baseline -0.001 -17"><span class='ocrx_word' id='word_1_64' title='bbox 366 845 535 908; x_wconf 89' lang='lat' dir='ltr'>pedem</span> <span class='ocrx_word' id='word_1_65' title='bbox 562 845 800 907; x_wconf 86' lang='lat' dir='ltr'>integrum</span> <span class='ocrx_word' id='word_1_66' title='bbox 837 861 922 906; x_wconf 89' lang='lat' dir='ltr'>pro</span> <span class='ocrx_word' id='word_1_67' title='bbox 943 841 1219 889; x_wconf 79' lang='lat' dir='ltr'>‚conditione</span> <span class='ocrx_word' id='word_1_68' title='bbox 1256 843 1325 888; x_wconf 90' lang='lat' dir='ltr'>sui</span> <span class='ocrx_word' id='word_1_69' title='bbox 1361 843 1494 889; x_wconf 89' lang='lat' dir='ltr'>metri</span> <span class='ocrx_word' id='word_1_70' title='bbox 1524 844 1723 902; x_wconf 86' lang='lat' dir='ltr'>obtinet,</span> <span class='ocrx_word' id='word_1_71' title='bbox 1747 844 1820 890; x_wconf 91' lang='lat' dir='ltr'>cui</span> 
     </span>
     <span class='ocr_line' id='line_1_10' title="bbox 364 918 1819 982; baseline 0.001 -16"><span class='ocrx_word' id='word_1_72' title='bbox 364 921 482 966; x_wconf 86' lang='lat' dir='ltr'>nihil</span> <span class='ocrx_word' id='word_1_73' title='bbox 511 919 721 966; x_wconf 84' lang='lat' dir='ltr'>abundat</span> <span class='ocrx_word' id='word_1_74' title='bbox 746 929 827 965; x_wconf 90' lang='lat' dir='ltr'>aut</span> <span class='ocrx_word' id='word_1_75' title='bbox 851 919 996 965; x_wconf 84' lang='lat' dir='ltr'>deest.</span> <span class='ocrx_word' id='word_1_76' title='bbox 1056 918 1534 982; x_wconf 86' lang='lat' dir='ltr'>Brachycatalectum</span> <span class='ocrx_word' id='word_1_77' title='bbox 1563 938 1687 977; x_wconf 83' lang='lat' dir='ltr'>vero,</span> <span class='ocrx_word' id='word_1_78' title='bbox 1712 938 1819 967; x_wconf 91' lang='lat' dir='ltr'>cum</span> 
     </span>
     <span class='ocr_line' id='line_1_11' title="bbox 365 995 1823 1060; baseline 0.001 -19"><span class='ocrx_word' id='word_1_79' title='bbox 365 1013 459 1041; x_wconf 88' lang='lat' dir='ltr'>uno</span> <span class='ocrx_word' id='word_1_80' title='bbox 484 995 619 1059; x_wconf 79' lang='lat' dir='ltr'>pede,</span> <span class='ocrx_word' id='word_1_81' title='bbox 645 995 689 1042; x_wconf 91' lang='lat' dir='ltr'>id</span> <span class='ocrx_word' id='word_1_82' title='bbox 717 1005 801 1051; x_wconf 86' lang='lat' dir='ltr'>est,</span> <span class='ocrx_word' id='word_1_83' title='bbox 826 995 1010 1043; x_wconf 89' lang='lat' dir='ltr'>duabus</span> <span class='ocrx_word' id='word_1_84' title='bbox 1046 996 1239 1060; x_wconf 81' lang='lat' dir='ltr'>syllabis</span> <span class='ocrx_word' id='word_1_85' title='bbox 1265 1005 1472 1042; x_wconf 87' lang='lat' dir='ltr'>metrum</span> <span class='ocrx_word' id='word_1_86' title='bbox 1506 997 1823 1054; x_wconf 81' lang='lat' dir='ltr'>imminuitur,</span> 
     </span>
     <span class='ocr_line' id='line_1_12' title="bbox 365 1072 1822 1137; baseline 0 -19"><span class='ocrx_word' id='word_1_87' title='bbox 365 1082 411 1118; x_wconf 87' lang='lat' dir='ltr'>et</span> <span class='ocrx_word' id='word_1_88' title='bbox 436 1091 520 1136; x_wconf 90' lang='lat' dir='ltr'>pro</span> <span class='ocrx_word' id='word_1_89' title='bbox 544 1072 736 1137; x_wconf 86' lang='lat' dir='ltr'>dipodia</span> <span class='ocrx_word' id='word_1_90' title='bbox 761 1091 842 1136; x_wconf 87' lang='lat' dir='ltr'>pes</span> <span class='ocrx_word' id='word_1_91' title='bbox 868 1090 990 1120; x_wconf 90' lang='lat' dir='ltr'>unus</span> <span class='ocrx_word' id='word_1_92' title='bbox 1027 1073 1234 1136; x_wconf 80' lang='lat' dir='ltr'>ponitur,</span> <span class='ocrx_word' id='word_1_93' title='bbox 1259 1072 1437 1118; x_wconf 88' lang='lat' dir='ltr'>scilicet</span> <span class='ocrx_word' id='word_1_94' title='bbox 1472 1090 1578 1119; x_wconf 89' lang='lat' dir='ltr'>cum</span> <span class='ocrx_word' id='word_1_95' title='bbox 1618 1072 1822 1136; x_wconf 84' lang='lat' dir='ltr'>dipodiae</span> 
     </span>
     <span class='ocr_line' id='line_1_13' title="bbox 328 1148 1821 1212; baseline 0.001 -18"><span class='ocrx_word' id='word_1_96' title='bbox 328 1161 348 1193; x_wconf 93' lang='lat'><strong>6</strong></span> <span class='ocrx_word' id='word_1_97' title='bbox 367 1148 614 1195; x_wconf 89' lang='lat' dir='ltr'>feriuntur.</span> <span class='ocrx_word' id='word_1_98' title='bbox 700 1149 810 1195; x_wconf 88' lang='lat' dir='ltr'>Hoc</span> <span class='ocrx_word' id='word_1_99' title='bbox 851 1157 1058 1196; x_wconf 87' lang='lat' dir='ltr'>metrum</span> <span class='ocrx_word' id='word_1_100' title='bbox 1102 1149 1296 1212; x_wconf 86' lang='lat' dir='ltr'>quidam</span> <span class='ocrx_word' id='word_1_101' title='bbox 1340 1157 1362 1178; x_wconf 84' lang='lat' dir='ltr'>x</span> <span class='ocrx_word' id='word_1_102' title='bbox 1379 1150 1579 1195; x_wconf 91' lang='lat' dir='ltr'>colobon</span> <span class='ocrx_word' id='word_1_103' title='bbox 1620 1159 1821 1196; x_wconf 88' lang='lat' dir='ltr'>vocant:</span> 
     </span>
     <span class='ocr_line' id='line_1_14' title="bbox 368 1225 1825 1289; baseline 0.001 -18"><span class='ocrx_word' id='word_1_104' title='bbox 368 1225 553 1271; x_wconf 78' lang='lat' dir='ltr'>miuron</span> <span class='ocrx_word' id='word_1_105' title='bbox 586 1226 713 1271; x_wconf 91' lang='lat' dir='ltr'>enim</span> <span class='ocrx_word' id='word_1_106' title='bbox 752 1243 844 1272; x_wconf 90' lang='lat' dir='ltr'>una</span> <span class='ocrx_word' id='word_1_107' title='bbox 876 1227 929 1272; x_wconf 86' lang='lat' dir='ltr'>fit</span> <span class='ocrx_word' id='word_1_108' title='bbox 967 1226 1146 1288; x_wconf 83' lang='lat' dir='ltr'>syllaba</span> <span class='ocrx_word' id='word_1_109' title='bbox 1185 1225 1407 1272; x_wconf 89' lang='lat' dir='ltr'>detracta.</span> <span class='ocrx_word' id='word_1_110' title='bbox 1479 1226 1825 1289; x_wconf 87' lang='lat' dir='ltr'>Hypercatale-</span> 
     </span>
     <span class='ocr_line' id='line_1_15' title="bbox 365 1301 1822 1365; baseline 0.001 -18"><span class='ocrx_word' id='word_1_111' title='bbox 365 1310 495 1348; x_wconf 89' lang='lat' dir='ltr'>ctum</span> <span class='ocrx_word' id='word_1_112' title='bbox 534 1311 712 1358; x_wconf 81' lang='lat' dir='ltr'>contra,</span> <span class='ocrx_word' id='word_1_113' title='bbox 737 1319 846 1348; x_wconf 89' lang='lat' dir='ltr'>cum</span> <span class='ocrx_word' id='word_1_114' title='bbox 884 1311 1091 1348; x_wconf 85' lang='lat' dir='ltr'>metrum</span> <span class='ocrx_word' id='word_1_115' title='bbox 1130 1301 1176 1347; x_wconf 92' lang='lat' dir='ltr'>in</span> <span class='ocrx_word' id='word_1_116' title='bbox 1220 1311 1457 1365; x_wconf 86' lang='lat' dir='ltr'>postrema</span> <span class='ocrx_word' id='word_1_117' title='bbox 1493 1311 1625 1365; x_wconf 89' lang='lat' dir='ltr'>parte</span> <span class='ocrx_word' id='word_1_118' title='bbox 1663 1319 1822 1348; x_wconf 87' lang='lat' dir='ltr'>versus</span> 
     </span>
     <span class='ocr_line' id='line_1_16' title="bbox 365 1378 1823 1442; baseline 0.001 -18"><span class='ocrx_word' id='word_1_119' title='bbox 365 1395 459 1423; x_wconf 85' lang='lat' dir='ltr'>una</span> <span class='ocrx_word' id='word_1_120' title='bbox 493 1379 673 1440; x_wconf 88' lang='lat' dir='ltr'>syllaba</span> <span class='ocrx_word' id='word_1_121' title='bbox 707 1378 916 1425; x_wconf 89' lang='lat' dir='ltr'>abundat</span> <span class='ocrx_word' id='word_1_122' title='bbox 938 1379 1061 1425; x_wconf 87' lang='lat' dir='ltr'>ultra</span> <span class='ocrx_word' id='word_1_123' title='bbox 1086 1396 1226 1441; x_wconf 87' lang='lat' dir='ltr'>quam</span> <span class='ocrx_word' id='word_1_124' title='bbox 1255 1379 1403 1442; x_wconf 81' lang='lat' dir='ltr'>exigit</span> <span class='ocrx_word' id='word_1_125' title='bbox 1427 1378 1631 1442; x_wconf 86' lang='lat' dir='ltr'>dipodiae</span> <span class='ocrx_word' id='word_1_126' title='bbox 1656 1397 1823 1426; x_wconf 90' lang='lat' dir='ltr'>nume-</span> 
     </span>
     <span class='ocr_line' id='line_1_17' title="bbox 330 1455 1823 1519; baseline 0.003 -21"><span class='ocrx_word' id='word_1_127' title='bbox 330 1471 457 1510; x_wconf 80' lang='lat' dir='ltr'>7rus‚</span> <span class='ocrx_word' id='word_1_128' title='bbox 482 1471 567 1517; x_wconf 89' lang='lat' dir='ltr'>pro</span> <span class='ocrx_word' id='word_1_129' title='bbox 604 1455 705 1518; x_wconf 87' lang='lat' dir='ltr'>lege</span> <span class='ocrx_word' id='word_1_130' title='bbox 735 1473 893 1501; x_wconf 91' lang='lat' dir='ltr'>versus</span> <span class='ocrx_word' id='word_1_131' title='bbox 930 1455 1135 1519; x_wconf 85' lang='lat' dir='ltr'>oppositi</span> <span class='ocrx_word' id='word_1_132' title='bbox 1176 1456 1471 1502; x_wconf 88' lang='lat' dir='ltr'>terminatus.</span> <span class='ocrx_word' id='word_1_133' title='bbox 1543 1455 1599 1502; x_wconf 92' lang='lat' dir='ltr'>Id</span> <span class='ocrx_word' id='word_1_134' title='bbox 1639 1465 1689 1502; x_wconf 90' lang='lat' dir='ltr'>ut</span> <span class='ocrx_word' id='word_1_135' title='bbox 1725 1456 1823 1518; x_wconf 86' lang='lat' dir='ltr'>pla-</span> 
     </span>
     <span class='ocr_line' id='line_1_18' title="bbox 366 1530 1823 1595; baseline 0.002 -20"><span class='ocrx_word' id='word_1_136' title='bbox 366 1530 471 1575; x_wconf 89' lang='lat' dir='ltr'>nius</span> <span class='ocrx_word' id='word_1_137' title='bbox 508 1532 596 1577; x_wconf 90' lang='lat' dir='ltr'>sub</span> <span class='ocrx_word' id='word_1_138' title='bbox 637 1532 857 1595; x_wconf 84' lang='lat' dir='ltr'>exemplo</span> <span class='ocrx_word' id='word_1_139' title='bbox 896 1532 1069 1578; x_wconf 86' lang='lat' dir='ltr'>heroici</span> <span class='ocrx_word' id='word_1_140' title='bbox 1112 1549 1272 1577; x_wconf 90' lang='lat' dir='ltr'>versus</span> <span class='ocrx_word' id='word_1_141' title='bbox 1314 1531 1502 1588; x_wconf 79' lang='lat' dir='ltr'>faciam,</span> <span class='ocrx_word' id='word_1_142' title='bbox 1541 1532 1628 1577; x_wconf 86' lang='lat' dir='ltr'>erit</span> <span class='ocrx_word' id='word_1_143' title='bbox 1668 1541 1823 1578; x_wconf 88' lang='lat' dir='ltr'>acata-</span> 
     </span>
     <span class='ocr_line' id='line_1_19' title="bbox 364 1607 1820 1672; baseline 0.001 -19"><span class='ocrx_word' id='word_1_144' title='bbox 364 1607 558 1665; x_wconf 82' lang='lat' dir='ltr'>lectum,</span> <span class='ocrx_word' id='word_1_145' title='bbox 592 1608 755 1671; x_wconf 69' lang='lat' dir='ltr'>Yquod</span> <span class='ocrx_word' id='word_1_146' title='bbox 789 1608 983 1672; x_wconf 83' lang='lat' dir='ltr'>integris</span> <span class='ocrx_word' id='word_1_147' title='bbox 1020 1608 1114 1653; x_wconf 90' lang='lat' dir='ltr'>suis</span> <span class='ocrx_word' id='word_1_148' title='bbox 1150 1607 1351 1672; x_wconf 88' lang='lat' dir='ltr'>pedibus</span> <span class='ocrx_word' id='word_1_149' title='bbox 1377 1618 1422 1654; x_wconf 86' lang='lat' dir='ltr'>et</span> <span class='ocrx_word' id='word_1_150' title='bbox 1451 1608 1605 1654; x_wconf 87' lang='lat' dir='ltr'>modis</span> <span class='ocrx_word' id='word_1_151' title='bbox 1632 1609 1820 1656; x_wconf 87' lang='lat' dir='ltr'>finitur:</span> 
     </span>
     <span class='ocr_line' id='line_1_20' title="bbox 364 1695 432 1739; baseline 0 -11"><span class='ocrx_word' id='word_1_152' title='bbox 364 1695 432 1739; x_wconf 93' lang='lat' dir='ltr'>ut,</span> 
     </span>
     <span class='ocr_line' id='line_1_21' title="bbox 429 1749 1732 1813; baseline 0.002 -18"><span class='ocrx_word' id='word_1_153' title='bbox 429 1749 591 1795; x_wconf 83' lang='lat' dir='ltr'>Arma</span> <span class='ocrx_word' id='word_1_154' title='bbox 614 1750 864 1813; x_wconf 82' lang='lat' dir='ltr'>virumque</span> <span class='ocrx_word' id='word_1_155' title='bbox 888 1766 1016 1807; x_wconf 76' lang='grc' dir='ltr'><em>εαηο,</em></span> <span class='ocrx_word' id='word_1_156' title='bbox 1047 1750 1199 1812; x_wconf 69' lang='lat' dir='ltr'>Trqjoe</span> <span class='ocrx_word' id='word_1_157' title='bbox 1225 1751 1306 1813; x_wconf 79' lang='lat' dir='ltr'>qui</span> <span class='ocrx_word' id='word_1_158' title='bbox 1327 1751 1511 1812; x_wconf 75' lang='lat' dir='ltr'>primus</span> <span class='ocrx_word' id='word_1_159' title='bbox 1536 1751 1595 1797; x_wconf 81' lang='lat' dir='ltr'>ab</span> <span class='ocrx_word' id='word_1_160' title='bbox 1621 1751 1732 1797; x_wconf 79' lang='lat' dir='ltr'>oris.</span> 
     </span>
     <span class='ocr_line' id='line_1_22' title="bbox 329 1846 1599 1911; baseline 0 -17"><span class='ocrx_word' id='word_1_161' title='bbox 329 1864 347 1894; x_wconf 86' lang='lat'>8</span> <span class='ocrx_word' id='word_1_162' title='bbox 365 1846 709 1893; x_wconf 89' lang='lat' dir='ltr'>Catalecticum</span> <span class='ocrx_word' id='word_1_163' title='bbox 737 1848 771 1893; x_wconf 87' lang='lat' dir='ltr'>si</span> <span class='ocrx_word' id='word_1_164' title='bbox 799 1865 894 1893; x_wconf 91' lang='lat' dir='ltr'>una</span> <span class='ocrx_word' id='word_1_165' title='bbox 919 1848 1100 1911; x_wconf 84' lang='lat' dir='ltr'>syllaba</span> <span class='ocrx_word' id='word_1_166' title='bbox 1125 1849 1165 1894; x_wconf 90' lang='lat' dir='ltr'>ei</span> <span class='ocrx_word' id='word_1_167' title='bbox 1192 1847 1495 1895; x_wconf 83' lang='lat' dir='ltr'>detrahatur:</span> <span class='ocrx_word' id='word_1_168' title='bbox 1532 1859 1599 1904; x_wconf 81' lang='lat' dir='ltr'>ut,</span> 
     </span>
     <span class='ocr_line' id='line_1_23' title="bbox 431 1934 1665 2000; baseline 0.002 -20"><span class='ocrx_word' id='word_1_169' title='bbox 431 1934 587 1981; x_wconf 81' lang='lat' dir='ltr'>Arma</span> <span class='ocrx_word' id='word_1_170' title='bbox 611 1935 860 2000; x_wconf 78' lang='lat' dir='ltr'>virumque</span> <span class='ocrx_word' id='word_1_171' title='bbox 884 1953 1015 1992; x_wconf 82' lang='lat' dir='ltr'>cano,</span> <span class='ocrx_word' id='word_1_172' title='bbox 1047 1935 1201 2000; x_wconf 70' lang='lat' dir='ltr'>Trqjce</span> <span class='ocrx_word' id='word_1_173' title='bbox 1226 1936 1308 2000; x_wconf 80' lang='lat' dir='ltr'>qui</span> <span class='ocrx_word' id='word_1_174' title='bbox 1326 1937 1516 1999; x_wconf 76' lang='lat' dir='ltr'>primus</span> <span class='ocrx_word' id='word_1_175' title='bbox 1541 1937 1599 1982; x_wconf 78' lang='lat' dir='ltr'>ab</span> <span class='ocrx_word' id='word_1_176' title='bbox 1625 1954 1665 1982; x_wconf 88' lang='grc' dir='ltr'>ο.</span> 
     </span>
     <span class='ocr_line' id='line_1_24' title="bbox 326 2021 1182 2085; baseline 0.001 -17"><span class='ocrx_word' id='word_1_177' title='bbox 326 2036 346 2068; x_wconf 92' lang='lat'>9</span> <span class='ocrx_word' id='word_1_178' title='bbox 365 2021 857 2085; x_wconf 70' lang='lat' dir='ltr'>Biacliycatalectum,</span> <span class='ocrx_word' id='word_1_179' title='bbox 883 2023 918 2069; x_wconf 92' lang='lat' dir='ltr'>si</span> <span class='ocrx_word' id='word_1_180' title='bbox 947 2023 1078 2069; x_wconf 86' lang='lat' dir='ltr'>duae:</span> <span class='ocrx_word' id='word_1_181' title='bbox 1115 2031 1182 2080; x_wconf 83' lang='lat' dir='ltr'>ut,</span> 
     </span>
     <span class='ocr_line' id='line_1_25' title="bbox 430 2109 1622 2175; baseline 0.003 -20"><span class='ocrx_word' id='word_1_182' title='bbox 430 2109 590 2155; x_wconf 78' lang='lat' dir='ltr'>Arma</span> <span class='ocrx_word' id='word_1_183' title='bbox 616 2112 865 2174; x_wconf 73' lang='lat' dir='ltr'>virumque</span> <span class='ocrx_word' id='word_1_184' title='bbox 890 2129 1020 2166; x_wconf 79' lang='lat' dir='ltr'>ccmo,</span> <span class='ocrx_word' id='word_1_185' title='bbox 1057 2110 1212 2175; x_wconf 77' lang='lat' dir='ltr'>Trojoe</span> <span class='ocrx_word' id='word_1_186' title='bbox 1237 2112 1320 2175; x_wconf 77' lang='lat' dir='ltr'>qui</span> <span class='ocrx_word' id='word_1_187' title='bbox 1336 2113 1526 2174; x_wconf 76' lang='lat' dir='ltr'>primus</span> <span class='ocrx_word' id='word_1_188' title='bbox 1550 2113 1622 2159; x_wconf 81' lang='lat' dir='ltr'>ab.</span> 
     </span>
    </p>
   </div>
   <div class='ocr_carea' id='block_1_3' title="bbox 311 2193 1822 2334">
    <p class='ocr_par' dir='ltr' id='par_1_3' title="bbox 311 2193 1822 2334">
     <span class='ocr_line' id='line_1_26' title="bbox 311 2193 1822 2262; baseline 0.003 -22"><span class='ocrx_word' id='word_1_189' title='bbox 311 2214 347 2234; x_wconf 89' lang='lat'>¹0</span> <span class='ocrx_word' id='word_1_190' title='bbox 366 2193 818 2258; x_wconf 87' lang='lat' dir='ltr'>Hypercatalectum</span> <span class='ocrx_word' id='word_1_191' title='bbox 847 2197 882 2242; x_wconf 86' lang='lat' dir='ltr'>si</span> <span class='ocrx_word' id='word_1_192' title='bbox 909 2215 1017 2251; x_wconf 84' lang='lat' dir='ltr'>una,</span> <span class='ocrx_word' id='word_1_193' title='bbox 1045 2198 1249 2261; x_wconf 89' lang='lat' dir='ltr'>amplius</span> <span class='ocrx_word' id='word_1_194' title='bbox 1276 2216 1420 2260; x_wconf 89' lang='lat' dir='ltr'>quam</span> <span class='ocrx_word' id='word_1_195' title='bbox 1450 2216 1607 2244; x_wconf 89' lang='lat' dir='ltr'>versus</span> <span class='ocrx_word' id='word_1_196' title='bbox 1641 2199 1822 2262; x_wconf 83' lang='lat' dir='ltr'>integer</span> 
     </span>
     <span class='ocr_line' id='line_1_27' title="bbox 364 2271 1107 2334; baseline 0.005 -18"><span class='ocrx_word' id='word_1_197' title='bbox 364 2271 526 2334; x_wconf 78' lang='lat' dir='ltr'>exigit,</span> <span class='ocrx_word' id='word_1_198' title='bbox 550 2272 728 2334; x_wconf 88' lang='lat' dir='ltr'>syllaba</span> <span class='ocrx_word' id='word_1_199' title='bbox 752 2274 1002 2319; x_wconf 87' lang='lat' dir='ltr'>exuberet:</span> <span class='ocrx_word' id='word_1_200' title='bbox 1041 2284 1107 2329; x_wconf 88' lang='lat' dir='ltr'>ut,</span> 
     </span>
    </p>
   </div>
   <div class='ocr_carea' id='block_1_4' title="bbox 431 2358 1819 2425">
    <p class='ocr_par' dir='ltr' id='par_1_4' title="bbox 431 2358 1819 2425">
     <span class='ocr_line' id='line_1_28' title="bbox 431 2358 1819 2425; baseline 0.003 -21"><span class='ocrx_word' id='word_1_201' title='bbox 431 2358 588 2405; x_wconf 80' lang='lat' dir='ltr'>Arma</span> <span class='ocrx_word' id='word_1_202' title='bbox 612 2359 859 2422; x_wconf 82' lang='lat' dir='ltr'>virumque</span> <span class='ocrx_word' id='word_1_203' title='bbox 883 2377 1014 2417; x_wconf 82' lang='lat' dir='ltr'>cano,</span> <span class='ocrx_word' id='word_1_204' title='bbox 1048 2360 1202 2424; x_wconf 77' lang='lat' dir='ltr'>Trojce</span> <span class='ocrx_word' id='word_1_205' title='bbox 1227 2362 1310 2425; x_wconf 80' lang='lat' dir='ltr'>qui</span> <span class='ocrx_word' id='word_1_206' title='bbox 1326 2362 1516 2424; x_wconf 77' lang='lat' dir='ltr'>primus</span> <span class='ocrx_word' id='word_1_207' title='bbox 1541 2362 1600 2408; x_wconf 81' lang='lat' dir='ltr'>ab</span> <span class='ocrx_word' id='word_1_208' title='bbox 1618 2362 1819 2425; x_wconf 77' lang='lat' dir='ltr'>orisque.</span> 
     </span>
    </p>
   </div>
   <div class='ocr_carea' id='block_1_5' title="bbox 364 2511 1818 2721">
    <p class='ocr_par' dir='ltr' id='par_1_5' title="bbox 364 2511 1818 2721">
     <span class='ocr_line' id='line_1_29' title="bbox 418 2511 1818 2560; baseline 0.004 -15"><span class='ocrx_word' id='word_1_209' title='bbox 418 2518 437 2545; x_wconf 91' lang='lat' dir='ltr'>q</span> <span class='ocrx_word' id='word_1_210' title='bbox 457 2511 632 2559; x_wconf 86' lang='lat' dir='ltr'>quatuor]</span> <span class='ocrx_word' id='word_1_211' title='bbox 658 2519 744 2546; x_wconf 84' lang='lat' dir='ltr'>sunt</span> <span class='ocrx_word' id='word_1_212' title='bbox 764 2519 939 2560; x_wconf 84' lang='lat' dir='ltr'>quattuor</span> <span class='ocrx_word' id='word_1_213' title='bbox 959 2512 1000 2547; x_wconf 93' lang='lat' dir='ltr'>P.</span> <span class='ocrx_word' id='word_1_214' title='bbox 1076 2519 1090 2538; x_wconf 89' lang='lat' dir='ltr'>r</span> <span class='ocrx_word' id='word_1_215' title='bbox 1110 2513 1406 2560; x_wconf 82' lang='lat' dir='ltr'>acatalecticum]</span> <span class='ocrx_word' id='word_1_216' title='bbox 1431 2514 1674 2551; x_wconf 83' lang='lat' dir='ltr'>acatalectum</span> <span class='ocrx_word' id='word_1_217' title='bbox 1699 2515 1739 2551; x_wconf 92' lang='lat' dir='ltr'>P.</span> <span class='ocrx_word' id='word_1_218' title='bbox 1761 2514 1818 2551; x_wconf 89' lang='lat' dir='ltr'>ed.</span> 
     </span>
     <span class='ocr_line' id='line_1_30' title="bbox 364 2563 1816 2617; baseline 0.003 -18"><span class='ocrx_word' id='word_1_219' title='bbox 364 2565 469 2600; x_wconf 87' lang='lat' dir='ltr'>Cam.</span> <span class='ocrx_word' id='word_1_220' title='bbox 599 2569 613 2588; x_wconf 85' lang='lat' dir='ltr'>s</span> <span class='ocrx_word' id='word_1_221' title='bbox 634 2563 910 2611; x_wconf 81' lang='lat' dir='ltr'>catalecticum]</span> <span class='ocrx_word' id='word_1_222' title='bbox 934 2564 1191 2602; x_wconf 84' lang='lat' dir='ltr'>katalecticum</span> <span class='ocrx_word' id='word_1_223' title='bbox 1214 2567 1254 2602; x_wconf 91' lang='lat' dir='ltr'>P.</span> <span class='ocrx_word' id='word_1_224' title='bbox 1405 2567 1419 2593; x_wconf 75' lang='grc' dir='ltr'>’ί</span> <span class='ocrx_word' id='word_1_225' title='bbox 1440 2567 1816 2617; x_wconf 78' lang='lat' dir='ltr'>brachycatalectum]</span> 
     </span>
     <span class='ocr_line' id='line_1_31' title="bbox 365 2616 1817 2670; baseline 0.003 -17"><span class='ocrx_word' id='word_1_226' title='bbox 365 2616 701 2654; x_wconf 83' lang='lat' dir='ltr'>braclicatalectum</span> <span class='ocrx_word' id='word_1_227' title='bbox 724 2617 764 2652; x_wconf 88' lang='lat' dir='ltr'>P.</span> <span class='ocrx_word' id='word_1_228' title='bbox 900 2624 921 2643; x_wconf 93' lang='lat' dir='ltr'>u</span> <span class='ocrx_word' id='word_1_229' title='bbox 941 2617 1103 2667; x_wconf 86' lang='lat' dir='ltr'>quoties]</span> <span class='ocrx_word' id='word_1_230' title='bbox 1133 2620 1306 2668; x_wconf 85' lang='lat' dir='ltr'>quotiens</span> <span class='ocrx_word' id='word_1_231' title='bbox 1329 2621 1367 2656; x_wconf 89' lang='lat' dir='ltr'>P.</span> <span class='ocrx_word' id='word_1_232' title='bbox 1504 2627 1532 2645; x_wconf 87' lang='lat' dir='ltr'>w</span> <span class='ocrx_word' id='word_1_233' title='bbox 1552 2621 1669 2670; x_wconf 88' lang='lat' dir='ltr'>quod]</span> <span class='ocrx_word' id='word_1_234' title='bbox 1693 2621 1754 2668; x_wconf 83' lang='lat' dir='ltr'>qui</span> <span class='ocrx_word' id='word_1_235' title='bbox 1777 2621 1817 2657; x_wconf 88' lang='lat' dir='ltr'>P.</span> 
     </span>
     <span class='ocr_line' id='line_1_32' title="bbox 364 2669 1230 2721; baseline 0.003 -16"><span class='ocrx_word' id='word_1_236' title='bbox 364 2677 384 2696; x_wconf 74' lang='grc' dir='ltr'><strong>Χ</strong></span> <span class='ocrx_word' id='word_1_237' title='bbox 403 2670 582 2717; x_wconf 83' lang='lat' dir='ltr'>colobon]</span> <span class='ocrx_word' id='word_1_238' title='bbox 606 2669 756 2706; x_wconf 87' lang='lat' dir='ltr'>colofon</span> <span class='ocrx_word' id='word_1_239' title='bbox 778 2670 818 2706; x_wconf 91' lang='lat' dir='ltr'>P.</span> <span class='ocrx_word' id='word_1_240' title='bbox 924 2678 944 2705; x_wconf 89' lang='lat' dir='ltr'>y</span> <span class='ocrx_word' id='word_1_241' title='bbox 965 2672 1082 2720; x_wconf 89' lang='lat' dir='ltr'>quod]</span> <span class='ocrx_word' id='word_1_242' title='bbox 1107 2671 1169 2721; x_wconf 91' lang='lat' dir='ltr'>qui</span> <span class='ocrx_word' id='word_1_243' title='bbox 1190 2673 1230 2709; x_wconf 90' lang='lat' dir='ltr'>P.</span> 
     </span>
    </p>
   </div>
   <div class='ocr_carea' id='block_1_6' title="bbox 361 2778 1816 2989">
    <p class='ocr_par' dir='ltr' id='par_1_6' title="bbox 361 2778 1816 2989">
     <span class='ocr_line' id='line_1_33' title="bbox 417 2778 1816 2829; baseline 0 -13"><span class='ocrx_word' id='word_1_244' title='bbox 417 2780 454 2816; x_wconf 82' lang='lat'>6.</span> <span class='ocrx_word' id='word_1_245' title='bbox 495 2778 668 2825; x_wconf 87' lang='lat' dir='ltr'>Miuron]</span> <span class='ocrx_word' id='word_1_246' title='bbox 707 2781 842 2825; x_wconf 66' lang='grc' dir='ltr'>μείουρον</span> <span class='ocrx_word' id='word_1_247' title='bbox 876 2787 964 2814; x_wconf 89' lang='lat' dir='ltr'>sunt</span> <span class='ocrx_word' id='word_1_248' title='bbox 998 2780 1061 2827; x_wconf 84' lang='lat' dir='ltr'>qui</span> <span class='ocrx_word' id='word_1_249' title='bbox 1117 2778 1188 2815; x_wconf 84' lang='lat' dir='ltr'>isse</span> <span class='ocrx_word' id='word_1_250' title='bbox 1207 2779 1474 2816; x_wconf 81' lang='lat' dir='ltr'>Terentianum</span> <span class='ocrx_word' id='word_1_251' title='bbox 1503 2780 1659 2829; x_wconf 81' lang='lat' dir='ltr'>primam</span> <span class='ocrx_word' id='word_1_252' title='bbox 1682 2779 1717 2816; x_wconf 84' lang='lat' dir='ltr'>in</span> <span class='ocrx_word' id='word_1_253' title='bbox 1741 2793 1816 2817; x_wconf 78' lang='lat' dir='ltr'>ver-</span> 
     </span>
     <span class='ocr_line' id='line_1_34' title="bbox 361 2831 1816 2882; baseline 0.001 -14"><span class='ocrx_word' id='word_1_254' title='bbox 361 2836 487 2879; x_wconf 64' lang='lat' dir='ltr'>,uv‘npw</span> <span class='ocrx_word' id='word_1_255' title='bbox 514 2831 678 2868; x_wconf 79' lang='lat' dir='ltr'>scribant</span> <span class='ocrx_word' id='word_1_256' title='bbox 705 2844 724 2867; x_wconf 93' lang='lat' dir='ltr'>a</span> <span class='ocrx_word' id='word_1_257' title='bbox 749 2831 876 2867; x_wconf 79' lang='lat' dir='ltr'>caudae</span> <span class='ocrx_word' id='word_1_258' title='bbox 902 2832 1059 2868; x_wconf 84' lang='lat' dir='ltr'>musculi</span> <span class='ocrx_word' id='word_1_259' title='bbox 1118 2833 1165 2868; x_wconf 94' lang='lat' dir='ltr'>bo</span> <span class='ocrx_word' id='word_1_260' title='bbox 1186 2832 1378 2882; x_wconf 72' lang='lat' dir='ltr'>syllabam,</span> <span class='ocrx_word' id='word_1_261' title='bbox 1402 2833 1464 2869; x_wconf 72' lang='lat' dir='ltr'>secl</span> <span class='ocrx_word' id='word_1_262' title='bbox 1496 2832 1593 2869; x_wconf 86' lang='lat' dir='ltr'>idem</span> <span class='ocrx_word' id='word_1_263' title='bbox 1626 2833 1704 2869; x_wconf 89' lang='lat' dir='ltr'>aliis</span> <span class='ocrx_word' id='word_1_264' title='bbox 1724 2847 1816 2882; x_wconf 91' lang='lat' dir='ltr'>quo-</span> 
     </span>
     <span class='ocr_line' id='line_1_35' title="bbox 363 2884 1816 2935; baseline 0.001 -14"><span class='ocrx_word' id='word_1_265' title='bbox 363 2884 617 2927; x_wconf 84' lang='lat' dir='ltr'>similitudine,</span> <span class='ocrx_word' id='word_1_266' title='bbox 648 2884 712 2921; x_wconf 86' lang='lat' dir='ltr'>sed</span> <span class='ocrx_word' id='word_1_267' title='bbox 742 2898 816 2921; x_wconf 89' lang='lat' dir='ltr'>non</span> <span class='ocrx_word' id='word_1_268' title='bbox 850 2893 959 2927; x_wconf 84' lang='lat' dir='ltr'>recte,</span> <span class='ocrx_word' id='word_1_269' title='bbox 989 2884 1061 2921; x_wconf 88' lang='lat' dir='ltr'>nisi</span> <span class='ocrx_word' id='word_1_270' title='bbox 1118 2898 1190 2935; x_wconf 92' lang='lat' dir='ltr'>que</span> <span class='ocrx_word' id='word_1_271' title='bbox 1211 2885 1248 2921; x_wconf 90' lang='lat' dir='ltr'>in</span> <span class='ocrx_word' id='word_1_272' title='bbox 1271 2885 1414 2922; x_wconf 85' lang='lat' dir='ltr'>Graecis</span> <span class='ocrx_word' id='word_1_273' title='bbox 1443 2886 1563 2922; x_wconf 79' lang='lat' dir='ltr'>verbis</span> <span class='ocrx_word' id='word_1_274' title='bbox 1593 2886 1816 2935; x_wconf 80' lang='lat' dir='ltr'>syllabarum</span> 
     </span>
     <span class='ocr_line' id='line_1_36' title="bbox 364 2937 1791 2989; baseline 0.001 -15"><span class='ocrx_word' id='word_1_275' title='bbox 364 2938 481 2981; x_wconf 80' lang='lat' dir='ltr'>fallor,</span> <span class='ocrx_word' id='word_1_276' title='bbox 503 2937 570 2975; x_wconf 82' lang='lat' dir='ltr'>etsi</span> <span class='ocrx_word' id='word_1_277' title='bbox 594 2951 667 2974; x_wconf 88' lang='lat' dir='ltr'>nou</span> <span class='ocrx_word' id='word_1_278' title='bbox 687 2937 782 2988; x_wconf 85' lang='lat' dir='ltr'>fugit</span> <span class='ocrx_word' id='word_1_279' title='bbox 810 2950 868 2974; x_wconf 88' lang='lat' dir='ltr'>me</span> <span class='ocrx_word' id='word_1_280' title='bbox 894 2938 1062 2988; x_wconf 88' lang='lat' dir='ltr'>corripu-</span> <span class='ocrx_word' id='word_1_281' title='bbox 1118 2938 1366 2987; x_wconf 85' lang='lat' dir='ltr'>quantitatem</span> <span class='ocrx_word' id='word_1_282' title='bbox 1388 2939 1562 2989; x_wconf 82' lang='lat' dir='ltr'>neglexit.</span> <span class='ocrx_word' id='word_1_283' title='bbox 1594 2940 1791 2976; x_wconf 86' lang='lat' dir='ltr'><strong>CAMER.</strong></span> 
     </span>
    </p>
   </div>
  </div>
 </body>
</html>
