1962 3355
136 250 243 281 CAP.
262 244 306 282 3.
574 233 658 280 De
680 232 844 278 metris
867 231 1174 277 Horatianis.
1495 241 1589 287 229

204 347 505 393 Laudabunt
531 346 617 393 alii
642 346 825 392 claram
850 344 1056 391 Rhodon
1081 350 1167 390 aut
1193 343 1482 407 Mitylenen,

135 424 311 470 dehinc
335 422 526 486 epodos,

203 500 307 545 Aut
332 499 570 560 Epheson,
599 498 851 544 bimarisve
883 497 1115 543 Corinthi.

137 576 229 622 Cui
256 576 292 621 si
318 575 434 621 duos
461 574 603 638 pedes
628 574 820 620 ultimos
849 573 1054 634 adjicias,
1074 574 1156 618 fiet
1175 573 1493 627 hexametrus,
1515 571 1594 626 sic,

201 652 312 698 Aut
337 651 562 713 Epheson
589 650 841 696 bimarisve
870 648 1092 696 Corinthi
1117 648 1290 694 moem'a
1317 664 1473 693 cerno.

202 727 383 773 Octava
408 726 497 773 ode
533 727 751 773 similiter
777 744 884 772 cum
912 725 1064 789 epodo
1089 725 1338 780 xdimetro,
1363 723 1489 785 quod
1527 732 1595 769 ta·
1616 738 1653 766 35

136 821 245 849 men
283 802 536 866 προεπῳδικδν
568 803 746 849 factum
785 812 870 858 est,
897 819 1005 847 nam
1047 800 1211 861 majori
1251 809 1402 845 metro
1439 800 1595 846 minus

136 879 388 942 praelatum
415 890 499 935 est,
527 879 652 941 quod
690 888 873 925 constat
909 896 966 924 ex
1003 877 1280 924 choriambo
1313 885 1360 921 et
1384 877 1596 922 bacchio.

138 955 249 1002 Hoc
274 974 463 1019 quoque
500 955 719 1002 carminis
756 973 902 1017 genus
935 954 1121 1000 dicoton
1158 954 1215 998 ab
1240 952 1401 998 Alcaeo
1426 953 1598 1016 lyricus

137 1041 294 1078 noster
318 1033 515 1094 accepit,
541 1031 668 1093 quod
694 1041 763 1077 est
791 1030 1078 1092 hujusmodi,

268 1107 435 1170 Lydia
460 1108 535 1154 dic
552 1125 645 1169 per
668 1124 827 1153 omne-s·

269 1183 381 1229 Hoc
405 1184 514 1229 deos
536 1200 658 1236 vere,
683 1182 897 1245 Sybarin
924 1199 1010 1227 cm·
1033 1190 1296 1242 >properas
1321 1181 1541 1227 onzsmdo.

137 1259 269 1304 Prior
305 1277 481 1314 versu&
509 1272 561 1304 ut
596 1258 820 1312 diximus,
852 1276 909 1303 ex
945 1258 1221 1303 choriambo
1257 1268 1304 1302 et
1336 1257 1533 1302 bacchio
1575 1264 1658 1303 2135

137 1334 265 1391 bre-vi
302 1334 575 1398 incipiente,
608 1351 808 1395 sequens
846 1353 870 1379 e
900 1334 1049 1379 tribus
1083 1333 1369 1379 choriambis
1407 1333 1601 1394 adaeque

136 1411 383 1457 claudente
411 1428 595 1457 versum
625 1411 838 1465 bacchio,
866 1410 1142 1456 subsistunt.
1215 1409 1356 1461 Quod
1395 1421 1599 1454 metrum

136 1496 294 1533 utrum
330 1505 482 1533 errore
520 1505 602 1532 seu
639 1486 794 1532 studio
827 1495 981 1550 poetae
1016 1504 1150 1532 secus
1184 1502 1327 1548 quam
1372 1485 1489 1531 ratio
1531 1494 1603 1530 est

137 1564 393 1626 processit?
451 1563 579 1609 Nam
630 1563 741 1609 fecit
788 1562 905 1608 illud
954 1563 1178 1625 asperius,
1227 1579 1319 1608 uno
1366 1562 1602 1607 inmutato

136 1640 255 1703 pede
296 1640 341 1685 in
392 1640 626 1703 principio
674 1639 867 1685 secundi
911 1656 1088 1694 versus,
1134 1656 1220 1702 pro
1267 1639 1426 1684 iambo
1472 1637 1597 1682 enim

136 1716 399 1778 spondeum
444 1716 647 1771 induxit,
688 1716 753 1761 sic
795 1716 879 1761 hoe
920 1716 1030 1762 deos
1069 1733 1139 1771 ve,
1178 1732 1323 1778 quem
1367 1713 1600 1760 choriam-

138 1793 251 1838 bum
286 1810 386 1837 esse
422 1805 722 1838 convenerat.
793 1792 921 1837 Nam
957 1809 1117 1837 versus
1152 1800 1342 1837 auctore
1377 1790 1539 1835 Alcaeo
1575 1805 1659 1834 e37

138 1868 287 1913 tribus
334 1868 621 1913 choriambis
669 1878 715 1913 et
763 1868 977 1923 bacchio,
1018 1868 1064 1912 in
1107 1885 1202 1928 quo
1243 1865 1467 1911 catalexis
1516 1875 1600 1920 est,

137 1943 387 2000 clauditur,
413 1943 493 2005 qui
521 1944 625 2000 erit,

272 2018 385 2065 Hoc
409 2020 517 2065 deos
540 2036 648 2065 vere
672 2018 886 2082 Sybarin,
912 2036 997 2065 cur
1015 2035 1253 2081 properas
1277 2018 1493 2064 amando.

137 2095 330 2141 Etenim
368 2095 405 2140 si
441 2095 654 2140 imitatus
686 2105 808 2140 esset
838 2096 1071 2152 Alcaeum,
1103 2095 1169 2140 ita
1203 2095 1491 2158 protulisset,
1518 2093 1601 2139 hoc¹

138 2172 226 2217 dea
251 2183 404 2217 Zvere.
450 2170 594 2216 Error
617 2180 778 2216 tamen
804 2171 919 2231 ejus,
946 2171 982 2216 si
1010 2189 1103 2216 non
1131 2171 1286 2217 studio
1312 2172 1488 2217 factum
1517 2181 1602 2226 est,

137 2248 281 2294 habet
305 2247 676 2302 exeusationem,
703 2247 828 2308 quod
867 2247 1094 2293 continuo
1123 2247 1331 2293 carmine
1367 2246 1413 2292 id
1450 2263 1599 2309 genus

190 2403 207 2419 Χ
227 2396 426 2442 di-metros]
452 2395 612 2431 dimetro
634 2396 673 2431 P.
851 2403 870 2430 y
891 2397 1083 2445 properes]
1109 2409 1285 2446 properas
1306 2398 1347 2433 P.
1369 2405 1407 2432 et
1427 2395 1478 2432 sic
1502 2409 1597 2431 mox.

138 2456 154 2474 Ζ
179 2449 347 2495 veneror]
371 2461 452 2484 vere
472 2461 574 2484 error
594 2449 634 2484 P.
693 2448 779 2484 Vid.
803 2447 890 2484 Atii.
914 2450 1013 2485 Fort.
1036 2450 1065 2485 I.
1088 2462 1125 2497 9,
1150 2461 1206 2497 17.
1228 2451 1279 2485 Il.
1306 2449 1366 2492 28,
1386 2450 1446 2485 26.
1468 2460 1527 2496 27.

191 2573 254 2608 35.
285 2562 364 2596 Hoc
384 2563 466 2596 cleos
486 2563 582 2608 vere]
620 2563 738 2611 Supra
767 2563 837 2609 [II.
897 2562 1029 2598 riorem
1048 2562 1292 2599 mutationem
1313 2563 1488 2599 indic-ire.
1519 2564 1600 2599 (IA-

137 2615 173 2656 6,
197 2614 259 2660 10]
283 2627 368 2649 cum
388 2622 485 2650 esset
510 2615 546 2649 in
569 2616 768 2664 archetypo
795 2615 837 2650 li-
895 2616 1028 2651 MER.

137 2676 229 2709 tura,
275 2667 482 2702 curavimus
522 2668 653 2703 excudi
696 2680 840 2703 versum
951 2669 1014 2715 36.
1038 2668 1147 2707 Quod
1171 2671 1349 2717 metrum]
1373 2669 1459 2705 Vid.
1483 2670 1599 2704 Bent-

138 2718 388 2756 Horatianum
432 2720 528 2756 sicut
574 2720 757 2769 legeretur
803 2721 840 2756 iu
898 2721 1008 2757 leium
1032 2721 1076 2756 ad
1105 2722 1236 2758 Horat.
1266 2735 1302 2770 p.
1321 2733 1408 2769 710.
1431 2722 1493 2769 qui
1517 2735 1599 2756 mox

139 2771 297 2822 vulgatis
316 2771 530 2818 codicibus,
563 2774 627 2809 sed
657 2786 741 2809 cum
771 2774 840 2809 hoc
899 2787 963 2822 pro
994 2775 1057 2809 hoc
1083 2776 1188 2810 (leam
1215 2787 1362 2811 veneror
1382 2774 1531 2810 exhibet
1554 2774 1600 2808 Te

138 2826 223 2861 loco
240 2824 383 2861 diversa
403 2825 481 2860 haec
498 2824 679 2874 scriptura
695 2834 731 2861 et
751 2839 841 2862 con-
899 2828 985 2862 deus
1005 2839 1024 2862 o
1045 2840 1120 2863 non
1149 2829 1197 2863 Te
1216 2829 1299 2863 deos
1319 2840 1351 2863 o.
1373 2835 1410 2862 et
1432 2839 1505 2862 om.
1524 2826 1599 2870 ejus

142 2886 244 2913 stans
271 2885 309 2913 et
335 2876 474 2925 liquida
502 2879 734 2926 reperiretur,
765 2879 843 2928 pla'-
900 2887 938 2915 et
957 2881 1337 2916 continuo—versibus
1357 2885 1403 2915 et,

141 2929 217 2967 cuit
243 2938 279 2967 et
307 2930 426 2979 ipsam
452 2929 659 2979 relinquere
679 2939 717 2966 et
736 2944 845 2981 supe-
