1962 3355
370 191 454 230 548
808 188 855 226 F
854 188 881 227 l.
904 186 1092 227 Mallius
1117 187 1364 227 Theodorus

336 316 355 343 4
375 301 457 342 Sed
488 300 747 341 liberioribus
777 309 931 355 Xatque
961 298 1281 339 absolutioribus
1312 296 1491 338 numeris
1511 306 1552 337 et
1578 297 1630 337 ad
1662 312 1725 338 res
1754 312 1825 338 ex-

373 367 583 424 plicandas
622 365 1065 407 adcommodatioribus
1106 365 1334 405 trochaicus
1372 379 1511 404 versus
1553 373 1626 414 est,
1667 364 1708 404 in
1744 378 1829 418 quo

374 436 556 491 inparem
578 434 713 475 locum
736 434 954 482 trochaeus,
976 447 1115 488 parem
1140 447 1249 480 vero,
1270 431 1311 471 in
1334 440 1535 486 quantum
1573 445 1732 472 necesse
1753 440 1827 478 est,

377 502 573 559 spondius
594 511 782 556 occupat,
803 510 850 541 ut
871 510 930 541 est
951 499 1081 539 Yillud
1104 497 1368 538 Terentiani:

593 571 708 605 Nulla
729 583 797 605 vox
817 569 975 604 humana
996 572 1135 603 constat
1154 568 1285 613 absque
1304 572 1438 614 septem
1459 567 1598 601 litteris.

343 653 359 683 5
379 637 517 678 ZFieri
547 637 668 677 etiam
699 635 951 676 trochaicum
983 644 1176 683 metrum,
1207 633 1263 674 ita
1289 644 1335 673 ut
1365 633 1407 673 in
1438 649 1485 673 eo
1506 632 1727 673 adsiduum
1759 632 1830 672 tri-

379 704 555 760 brachys
576 704 790 743 aobteneat
811 702 963 751 locum,
987 711 1033 742 ut
1054 712 1114 742 est
1133 700 1264 741 billud
1286 701 1397 756 apud
1419 700 1600 740 Jubam:

540 773 695 813 (Qualis
716 773 838 819 aquila
859 773 931 807 cita
951 772 1121 807 celeribus
1140 772 1247 807 avida
1265 771 1385 818 pinnis
1406 769 1617 805 transvolat.

345 842 496 882 6dSed
527 840 698 881 offendit
729 855 847 880 aures
879 839 962 880 sine
994 839 1079 880 ulla
1109 839 1276 896 syllabae
1305 838 1439 894 longae
1469 836 1748 893 interjectione
1770 844 1833 876 eet

348 925 363 956 7
382 908 568 950 brevium
601 907 848 963 syllabarum
878 906 1039 962 prolixa
1067 905 1367 961 conjunctione.
1429 905 1561 945 Nobis
1582 914 1720 945 autem
1741 918 1834 959 pro-

382 975 562 1032 positum
588 972 653 1015 est
677 990 701 1015 a
727 974 895 1014 metrica
925 973 1140 1029 disciplina
1172 972 1313 1028 procul
1344 972 1480 1013 omnia
1510 971 1718 1027 repellere,
1740 985 1834 1026 quae

384 1043 462 1084 fab
500 1041 735 1083 auditorum
770 1040 1039 1082 delectatione
1071 1040 1315 1096 discrepent,
1346 1048 1365 1077 g
1377 1039 1566 1095 quamvis
1599 1054 1646 1079 ea
1680 1038 1834 1094 pedum

382 1225 489 1276 quasi
510 1225 689 1275 passibuS,
711 1224 924 1261 absolvitur.
967 1226 1086 1273 Spon-

388 1280 445 1316 dei
476 1292 570 1322 vero,
603 1278 778 1327 anapaesti
808 1286 845 1314 et
874 1277 1023 1327 dactyli,
1046 1286 1086 1313 ut

390 1332 581 1374 tardiores,
597 1333 649 1367 ita
670 1331 882 1379 grandiores
903 1339 991 1366 sunt
1012 1338 1087 1366 tro-

391 1385 513 1422 chaeis.
545 1385 697 1420 HEUs.

446 1445 465 1464 X
486 1444 594 1485 atque
614 1437 887 1472 absolutioribus
912 1437 1082 1482 numeris]

392 1491 498 1528 Nihil
533 1490 649 1526 verius
679 1498 735 1525 est
764 1489 919 1525 consilio
954 1489 1085 1524 Ruhn-

391 1543 495 1580 kenii
515 1544 562 1580 V.
584 1544 626 1578 C.
647 1543 876 1578 solutioribus
896 1555 962 1590 pro
984 1542 1086 1576 abso-

1143 1223 1303 1273 Guelpb.
1343 1224 1442 1259 enini
1478 1231 1516 1259 et
1551 1222 1667 1258 Paris.
1709 1229 1835 1270 poste-

1143 1276 1236 1312 riore
1256 1285 1333 1312 erat
1357 1277 1488 1317 Quales
1518 1277 1652 1322 aquila,
1673 1274 1773 1324 quod
1800 1282 1837 1310 et

1142 1337 1327 1365 sententia
1374 1341 1548 1364 carminis
1595 1337 1632 1364 et
1675 1337 1835 1364 metrum

1143 1391 1371 1432 aspernatur.
1432 1382 1551 1417 Poeta
1581 1395 1692 1430 quum
1723 1380 1838 1416 vellet

1144 1435 1242 1470 hunc
1279 1447 1421 1470 versum
1459 1433 1726 1482 comparationi
1763 1446 1836 1468 ser-

1145 1489 1228 1530 vire,
1249 1487 1472 1523 creberrima
1494 1487 1682 1535 utriusque
1703 1486 1838 1535 linguae

1144 1542 1365 1589 scriptorum
1395 1540 1563 1589 exempla
1592 1548 1741 1575 secutus
1771 1538 1836 1574 ad-

395 1597 582 1633 lutioribus
628 1608 696 1631 nos
744 1595 864 1644 legeie
905 1595 1086 1644 jubentis.
1138 1593 1278 1643 jectivo
1308 1595 1423 1641 qualis
1452 1593 1613 1629 adverbii
1635 1592 1737 1628 vices
1768 1591 1836 1627 im-

396 1650 551 1686 HEUS.

449 1710 467 1737 y
497 1703 588 1738 illud
620 1701 843 1747 Terentiani]
880 1700 1003 1736 Locus
1035 1708 1092 1735 est

396 1755 492 1805 apud
513 1754 730 1791 Putschium
753 1765 913 1802 p.2411.
936 1753 1090 1789 HEUS.

450 1815 467 1834 Ζ
490 1809 584 1844 Fieri
610 1808 735 1854 etiam]
763 1807 933 1842 Fortasse
963 1805 1090 1854 legen-

396 1861 483 1898 dum
506 1862 561 1896 Fit
582 1863 702 1901 etiam,
723 1868 765 1896 ut
785 1859 881 1895 infra
900 1859 1090 1907 c.V111.5.

397 1927 430 1951 c.
452 1915 503 1950 X.
526 1926 561 1960 3.
593 1914 748 1950 HEUS.

452 1976 471 1995 a
500 1967 663 2002 obteneat
693 1966 824 2012 locum]
854 1965 969 2001 MSS.
992 1970 1090 2012 opte-

397 2026 495 2056 neat.
530 2019 615 2055 Vid.
636 2031 716 2068 cap.
737 2019 803 2054 IV.
824 2030 882 2054 12.
911 2018 1064 2054 HEUS.

452 2071 471 2099 b
497 2074 587 2108 illud
615 2074 712 2120 apud
731 2072 883 2118 Jubum]
907 2072 1034 2110 Quum
1055 2070 1092 2107 in

400 2125 561 2175 Guelph.
580 2138 653 2161 non
675 2124 733 2161 hic
748 2124 883 2168 solum,
901 2125 963 2160 sed
980 2125 1092 2159 etiam

399 2179 494 2215 infra
522 2191 602 2227 cap.
624 2179 673 2214 X.
698 2190 729 2214 1.
759 2186 930 2226 corrupte
953 2177 1094 2227 legere-

400 2238 459 2268 tur
479 2232 646 2268 Juliam:
677 2243 696 2266 e
726 2230 825 2266 libris
853 2229 966 2266 Paris.
988 2229 1094 2266 resti-

401 2284 580 2320 tuendum
602 2284 671 2319 fuit
691 2296 826 2319 nomen
847 2282 1093 2333 grammatici,

402 2349 511 2385 quem
533 2337 678 2373 Servius
698 2336 744 2372 ad
763 2336 913 2372 AEneid.
938 2336 982 2371 V.
1004 2347 1094 2383 522.

402 2388 579 2426 Priscian.
619 2389 665 2424 de
708 2388 837 2424 versib.
876 2389 1009 2424 comic.
1058 2401 1093 2436 p.

407 2453 521 2488 1322.
543 2442 640 2477 Mar.
655 2440 834 2476 Victorin.
852 2441 903 2476 ΙΙ,
925 2454 961 2489 p.
980 2450 1093 2487 2541.

405 2493 549 2530 Plotius
569 2493 613 2529 de
635 2502 742 2529 metr.
765 2506 799 2542 p.
826 2493 937 2538 2664.
969 2493 1095 2528 Rufin.

403 2547 450 2584 de
471 2554 577 2583 metr.
597 2558 692 2581 com.
723 2558 759 2594 p.
784 2556 896 2592 2711.
922 2556 1033 2592 2713.
1060 2553 1098 2581 et

404 2612 502 2648 saepe
548 2598 752 2647 Pompeius
798 2597 835 2633 in
882 2606 1098 2634 commento

405 2653 494 2689 artis
532 2651 685 2694 Donati,
718 2652 757 2686 in
795 2659 918 2699 partes
952 2659 1097 2687 vocant.

406 2705 562 2742 HEUS.

460 2765 477 2784 c
498 2758 626 2798 Qualis
653 2757 777 2805 aquila
805 2757 895 2803 cita]
926 2756 1002 2793 Hic
1023 2769 1098 2792 ver-
1147 2755 1337 2803 jiciebam.

407 2823 467 2847 sus
492 2810 573 2847 sine
598 2809 788 2846 mentione
815 2810 976 2845 auctoris
1005 2808 1096 2858 legi-

407 2871 467 2900 tur
503 2863 601 2913 apud
643 2863 740 2899 Mar.
778 2862 1013 2899 Victorinum
1062 2875 1097 2910 p.

410 2926 524 2964 2531.
549 2915 649 2953 unde
677 2928 761 2952 eum
791 2915 996 2952 emendavi.
1054 2915 1099 2950 In

1144 1645 1280 1695 posuit.
1313 1646 1469 1682 HEUS.

1200 1696 1220 1724 d
1249 1699 1320 1734 Sed
1349 1699 1513 1746 offendit]
1537 1698 1704 1747 Uterque
1724 1696 1837 1733 Paris.

1146 1753 1206 1787 secl
1227 1752 1390 1799 offendet.
1422 1752 1577 1787 HEUS.

1201 1811 1217 1830 e
1252 1810 1286 1840 et
1318 1806 1471 1840 brevium
1502 1805 1720 1852 syllabarum
1752 1816 1840 1851 pro-

1149 1859 1222 1894 lixa
1244 1857 1506 1905 conjunctione]
1531 1855 1685 1904 Abjeeta
1707 1856 1841 1906 copula

1148 1917 1195 1953 et,
1235 1911 1432 1960 legendum
1473 1910 1616 1947 videtur
1652 1911 1726 1946 sine
1763 1911 1841 1945 ulla

1147 1965 1292 2012 syllabae
1320 1965 1433 2011 longae
1458 1963 1702 2009 interjectione
1729 1964 1841 1999 brevi-

1150 2030 1206 2053 um
1226 2018 1446 2064 syllabarum
1464 2018 1610 2065 prolixa
1629 2015 1840 2062 conjunctio.

1149 2069 1383 2106 Vocabulum
1418 2071 1564 2117 prolixa
1603 2068 1718 2105 Paris.
1758 2081 1843 2118 pos-

1149 2124 1261 2159 terior
1307 2125 1344 2158 in
1398 2125 1564 2171 proxima
1619 2122 1841 2171 depravavit.

1152 2176 1305 2212 HEUS.

1203 2227 1218 2255 f
1257 2229 1302 2264 ab
1342 2229 1548 2263 auditorum
1587 2228 1837 2274 delectatione]

1150 2281 1346 2318 Variandae
1370 2279 1547 2316 orationis
1576 2293 1722 2316 mernor
1741 2279 1842 2315 Mal-

1151 2335 1222 2370 lius
1256 2335 1461 2369 auditorum
1490 2334 1758 2369 delectationem
1789 2333 1843 2369 hic

1150 2389 1248 2428 dicit,
1271 2398 1379 2434 quam
1402 2385 1438 2421 in
1460 2386 1598 2435 praefat.
1621 2399 1658 2422 n.
1679 2398 1715 2433 4.
1737 2388 1841 2421 audi-

1150 2442 1241 2475 entis
1275 2440 1567 2474 delectamentum
1601 2447 1639 2475 et
1669 2452 1751 2488 cap.
1771 2439 1843 2475 XI.

1157 2493 1214 2528 16.
1230 2494 1369 2527 aurium
1387 2493 1667 2528 delectationem.
1691 2492 1843 2528 HEUS.

1207 2552 1227 2579 g
1261 2547 1420 2592 quamvis
1448 2558 1489 2581 ea
1512 2547 1645 2593 pedum
1668 2547 1843 2581 rationem

1153 2599 1346 2645 recipiant]
1380 2597 1466 2634 Sine
1497 2611 1606 2634 sensu
1637 2600 1778 2633 ratione
1806 2597 1843 2633 in

1155 2651 1315 2700 Guelph.
1347 2650 1524 2699 scriptum
1554 2659 1643 2692 erat,
1673 2664 1739 2699 pro
1770 2663 1845 2699 quo

1154 2706 1331 2740 rationem
1360 2703 1613 2753 reponendum
1644 2716 1724 2740 esse
1752 2716 1844 2739 con-

1410 2757 1467 2799 ld,
1515 2755 1684 2806 suffragio
1729 2755 1845 2792 Paris.

1154 2808 1369 2859 posterioris
1388 2810 1685 2858 comprobatum,
1707 2807 1743 2844 in
1764 2821 1846 2844 ora-

1156 2863 1268 2899 tionis
1288 2861 1478 2898 Mallianae
1503 2870 1717 2898 contextum
1744 2874 1845 2897 nunc

1156 2916 1287 2964 recepi.
1346 2914 1500 2952 Klotzio
1520 2916 1563 2950 V.
1578 2916 1622 2951 C.
1642 2914 1845 2974 emendan-
