1962 3355
1512 183 1594 221 555

143 191 239 218 CAl'.
265 192 330 218 X1.
574 182 642 220 DC
663 187 793 220 metro
816 181 962 221 lonico
984 182 1155 220 „linore-

140 291 240 330 eEx
272 307 356 332 uno
385 292 506 332 etiam
530 291 672 332 Ionico
704 292 855 347 majore
885 291 955 332 det
984 292 1149 332 duobus
1177 291 1379 342 trochaeis,
1402 292 1485 333 sive
1509 303 1592 333 tro-
1613 302 1633 330 4

141 357 255 399 chaeo
276 369 315 400 et
335 359 507 415 spondio
527 360 573 400 fit
595 359 671 400 hoc
691 368 868 399 metrum
891 359 970 399 ita:

619 430 743 465 Altum
753 428 865 476 ferar
883 434 923 464 ut
943 429 1121 464 modestae.

445 555 551 594 CAP.
577 554 665 594 XI.
696 554 788 593 eDe
807 560 935 594 ‘metro
956 555 1097 594 Ionico
1118 555 1292 594 minore.

198 632 305 670 Cum
331 646 426 671 vero
456 630 659 671 fmetrum
691 641 731 671 et
761 631 1096 680 choriambicum,
1123 640 1163 672 et
1193 630 1521 686 antispasticum,
1553 640 1593 671 et

141 698 328 737 Ionicum
350 713 374 738 a
395 699 561 753 majore,
594 699 697 739 sicut
727 699 994 747 ostendimus,
1025 699 1084 740 ita
1112 698 1289 755 propriis
1318 707 1593 739 contexantur

137 764 328 819 pedibus,
350 776 410 816 ut,
431 766 506 806 nisi
533 766 831 806 conclusionem
861 766 1029 807 aliunde
1058 767 1273 822 accipiant,
1292 766 1501 821 inelegans
1528 777 1591 807 at·

137 847 220 887 que
239 833 451 873 horridum
474 833 538 880 sit,
561 834 692 874 solum
722 849 772 874 ex
802 834 864 874 his
885 834 1037 884 metris,
1059 850 1153 890 quae
1174 833 1504 889 quadrisyllabos
1525 849 1590 873 re-

135 899 295 955 cipiunt
324 901 463 955 pedes,
488 901 675 942 Ionicum
698 918 721 942 a
742 901 897 942 minore
929 917 1003 942 suo
1038 918 1079 942 se
1110 901 1215 957 pede
1244 901 1301 942 ita
1331 903 1482 957 explet,
1513 910 1594 941 gut

135 967 462 1008 additamentum
500 984 581 1008 non
618 969 801 1024 requirat
835 969 1021 1011 aliorum.
1086 969 1156 1010 Fit
1186 969 1292 1009 enim
1330 984 1379 1009 ex
1412 978 1593 1024 quatuor
1614 982 1629 1002 2

138 1035 289 1075 Ionicis
310 1035 537 1075 minoribus
558 1036 614 1076 ita
632 1053 640 1076 ε

371 1106 482 1142 Vocat
502 1119 629 1149 omnes,
654 1107 743 1142 bona
754 1108 868 1154 justis
886 1119 951 1142 sua
971 1120 1107 1154 semper
1127 1108 1213 1142 deus
1233 1107 1367 1154 adfert.

136 1173 249 1213 Huic
271 1183 402 1213 metro
423 1189 558 1229 neque
579 1174 789 1229 spondius,
811 1190 944 1229 neque
965 1174 1168 1230 dactylus,
1196 1174 1217 1202 h
1232 1190 1364 1230 neque
1386 1173 1593 1215 trochaeus
1610 1187 1629 1216 3

132 1240 387 1296 adjungitur.
450 1241 674 1281 Penultimi
699 1242 806 1282 enim
838 1241 954 1297 pedis
984 1251 1190 1297 postrema
1217 1242 1374 1298 syllaba
1395 1249 1435 1282 et
1457 1241 1590 1281 ultimi
1611 1254 1630 1280 4

132 1307 288 1363 priores
323 1307 418 1348 duae
454 1308 664 1364 dactylum
700 1318 905 1358 resonant,
942 1308 1185 1364 posteriores
1215 1324 1313 1349 vero
1343 1309 1439 1349 duae
1470 1323 1592 1364 spon-

132 1375 246 1416 dium
268 1376 332 1416 vel
356 1377 596 1417 trochaeum.
647 1378 796 1432 anue
817 1377 869 1417 de
888 1392 1011 1417 causa
1031 1376 1108 1416 hoc
1130 1386 1306 1417 metrum
1331 1376 1590 1426 suavitatem,
1611 1396 1627 1426 5

133 1512 292 1547 Versum
314 1510 651 1559 corruptissimum,
670 1522 738 1546 nec
760 1510 834 1546 ulla

133 1572 237 1613 parte
268 1563 338 1615 legi
373 1564 573 1613 propositae
602 1563 832 1600 satisfacien-

133 1625 222 1659 tem,
272 1617 324 1653 ita
370 1617 531 1660 exhibui,
580 1626 620 1653 ut
668 1616 706 1652 in
745 1617 830 1653 MS.

133 1670 297 1719 Guelph.
323 1670 470 1719 legitur.
527 1670 635 1706 Nihil
665 1670 724 1706 hic
753 1669 832 1719 opis

132 1723 299 1760 adfertur
331 1736 351 1759 e
384 1723 486 1759 libris
520 1723 640 1773 regiis,
674 1736 831 1772 quorum

133 1776 233 1826 prior
270 1775 373 1812 dedit
413 1777 561 1812 Summo
601 1778 688 1812 bono
719 1779 835 1823 ‘magis

120 1830 292 1877 fruatur,
314 1832 429 1865 altum
448 1829 559 1878 ferar
578 1835 619 1865 ut
638 1831 803 1865 modestae
817 1845 828 1864 .-

132 1883 225 1919 alter
246 1884 432 1920 Summum
453 1885 591 1919 bonum.
650 1883 736 1918 Pars
766 1895 827 1918 ca-

133 1936 220 1986 pitis
241 1935 351 1982 hujus
372 1935 613 1979 intercidisse,
635 1935 829 1971 omnibus-

132 2003 203 2038 que
236 1989 426 2025 codicibus
465 1988 601 2025 nostris
641 1989 710 2024 hoc
748 1988 830 2024 loco

131 2041 250 2078 fraudi
271 2042 382 2078 fuisse
403 2042 543 2078 videtur
572 2041 655 2077 talis
685 2042 829 2077 aberra-

134 2096 185 2131 tio
216 2095 352 2131 librarii
383 2094 550 2141 alicujus,
573 2094 691 2143 qualis
722 2107 832 2144 supra

132 2161 165 2185 c.
186 2149 257 2184 IX.
279 2158 315 2196 5.
360 2147 556 2184 Parisiensi
577 2148 741 2184 secundo
763 2160 831 2183 no-

132 2202 219 2238 cuit.
284 2202 540 2251 Adscripserat
576 2201 732 2237 Mallius
771 2200 831 2237 hic

134 2268 277 2291 versum
309 2254 468 2304 aliquem
499 2255 571 2291 hoc
601 2254 737 2303 pedum
764 2267 833 2290 nu-

134 2321 260 2344 mero:
296 2309 395 2344 Tunc
422 2309 471 2343 sic
494 2321 588 2355 puer
615 2308 731 2343 (ethra
759 2309 833 2342 ruit

132 2374 252 2409 (equor
271 2363 307 2396 in
328 2363 456 2397 altum.
497 2361 727 2410 Sequebatur
747 2359 832 2397 novi

134 2415 243 2450 metri
283 2414 494 2457 declaratio,
533 2413 569 2450 in
617 2414 716 2450 bunc
758 2414 832 2450 fere

135 2467 287 2502 modum
306 2482 312 2502 :
348 2469 405 2502 Ex
426 2468 539 2503 tribus
563 2468 691 2503 Ionicis
714 2466 829 2513 ’νηρίθ-

132 2521 230 2555 ribus
267 2522 375 2555 etiam
414 2525 448 2555 et
485 2522 620 2556 (luobus
658 2521 830 2563 trochaeis‚

131 2575 203 2608 sive
239 2574 390 2608 trochoeo
428 2578 463 2608 et
490 2575 720 2622 spondio,fit
752 2576 830 2609 ita:

135 2626 283 2662 Sumam
321 2627 423 2668 bona,
456 2628 596 2672 magnis
616 2626 744 2673 fruar,
776 2628 830 2661 αἰ-

135 2679 342 2727 &miseran
364 2687 404 2714 at
423 2681 589 2714 modeste.
635 2680 829 2720 Praeterea,

133 2731 203 2767 nisi
230 2732 349 2775 fallor,
371 2731 627 2781 designaverat
655 2739 829 2774 metrum,

132 2785 237 2832 cujus
260 2786 330 2821 hoc
351 2798 432 2821 esse
452 2784 576 2834 potuit
593 2784 802 2833 exemplum
821 2799 827 2819 ι

134 2839 283 2885 Magnis
309 2838 439 2887 fruar,
481 2840 595 2873 altum
628 2837 752 2885 ferar,
793 2843 833 2872 at

133 2893 300 2927 modeste.
333 2891 489 2927 HEUS.

942 1517 959 1536 ⁰
979 1512 1037 1546 Ex
1064 1523 1135 1545 uno
1164 1510 1290 1557 etiam]
1327 1510 1420 1546 Haec
1450 1509 1591 1547 sanavit

889 1564 990 1612 prior
1034 1564 1147 1599 Paris.
1223 1564 1266 1599 In
1316 1563 1465 1612 reliquis
1512 1572 1591 1600 erat

891 1618 1034 1652 Emeum
1054 1619 1175 1652 etiam.
1208 1617 1366 1653 HEUS.

943 1668 962 1695 d
1010 1675 1045 1705 et
1091 1671 1227 1705 duobus
1270 1670 1449 1716 trochoez‘s]
1519 1670 1590 1705 Pa-

891 1722 949 1758 ris.
990 1735 1063 1758 sec.
1100 1727 1134 1758 et
1167 1724 1210 1758 (Ie
1243 1724 1379 1759 duob-us
1415 1723 1586 1758 trochoez's.

892 1776 1045 1812 HEUS.

938 1830 1021 1864 eDe
1034 1834 1145 1864 metro
1160 1829 1282 1864 Ionico
1296 1829 1447 1874 minore]
1464 1828 1587 1864 Voca-

887 1881 1013 1918 bulum
1050 1887 1162 1917 metro
1197 1881 1401 1930 aGuelph.
1440 1889 1478 1917 et
1517 1882 1587 1917 Pa-

887 1936 947 1971 ris.
978 1948 1032 1984 pr.
1059 1935 1175 1971 abest.
1217 1935 1372 1970 HEUS.

941 1986 957 2013 f
994 1993 1148 2023 metrum
1195 1993 1229 2023 et
1286 1987 1581 2035 choriambicum]

886 2041 1125 2090 Interjectam
1147 2041 1246 2077 inter
1266 2041 1344 2076 haec
1366 2039 1584 2089 particulam

887 2100 921 2129 et
942 2094 1054 2130 Paris.
1083 2094 1182 2143 prior
1208 2093 1379 2130 extrudit.
1437 2094 1586 2129 Deinde

887 2160 932 2183 ex
947 2149 1218 2195 antispasticum
1232 2147 1396 2196 Guelph.
1418 2154 1456 2182 et
1469 2146 1585 2183 Paris.

887 2212 959 2236 sec.
995 2200 1090 2237 male
1124 2201 1291 2237 fecerunt
1329 2201 1585 2247 anopesticum.

892 2254 1047 2290 HEUS.

943 2314 964 2341 g
994 2312 1035 2342 ut
1073 2306 1378 2352 additamentum]
1422 2305 1587 2355 Guelph.

890 2365 930 2396 ut
951 2362 1220 2396 (lictamentum.
1252 2359 1406 2395 HEUS.

942 2412 963 2439 h
1000 2426 1112 2460 neque
1142 2413 1316 2448 trochaeus
1348 2411 1580 2459 adjungitur]

889 2467 1057 2515 Uterque
1098 2466 1210 2502 Paris.
1263 2477 1376 2513 neque
1414 2466 1587 2501 trochaeus

888 2522 1102 2556 extrinsecus
1148 2519 1373 2566 adjungitur.
1443 2519 1585 2554 Adver-

889 2573 988 2609 bium
1038 2575 1254 2608 extrinsecus
1295 2585 1315 2607 a
1350 2570 1496 2613 Mallio,
1538 2584 1585 2607 an

885 2625 1131 2677 grammatico
1168 2625 1374 2675 profectum
1405 2623 1466 2667 sit,
1498 2624 1586 2660 licet

887 2680 1067 2715 affirmare
1103 2692 1167 2728 pro
1200 2685 1302 2714 certo
1338 2690 1413 2713 non
1452 2676 1583 2719 ausim,

887 2740 1027 2774 tamen,
1052 2741 1091 2767 ut
1117 2733 1163 2768 ab
1189 2731 1390 2780 interprete
1416 2728 1583 2765 additum

887 2797 968 2821 esse
1014 2785 1176 2828 credam,
1223 2783 1368 2819 animus
1413 2781 1582 2817 inclinat.

889 2838 1041 2874 HEUS.

802 2957 921 2992 41³2
