1962 3355
133 184 231 211 CAP.
256 185 308 210 11.

132 282 231 323 trica
266 282 479 338 disciplina
512 280 630 321 alieni
664 280 763 321 sint.

701 169 772 209 De
797 169 988 223 pedibus.

1496 169 1580 209 533

824 281 893 320 Ex
929 279 992 319 his
1024 288 1160 319 autem
1196 278 1387 334 pedibus,
1420 279 1493 334 qui
1528 294 1579 319 ex
1601 291 1617 311 2

130 349 325 391 brevibus
355 359 426 390 aut
447 364 497 390 ex
518 347 650 403 longis
680 346 845 403 syllabis
874 346 932 387 ita
952 345 1240 396 conficiuntur,
1261 346 1337 387 kut
1362 346 1425 386 his
1449 347 1582 387 brevi-

131 416 226 456 tatis
246 427 286 457 et
306 414 574 472 longitudinis
594 414 767 455 varietas
787 413 901 454 nulla
922 413 986 464 sit,
1007 412 1083 453 nisi
1104 429 1154 454 ex
1174 413 1306 468 longis
1327 423 1366 454 et
1387 413 1582 454 brevibus

131 483 297 538 syllabis
328 481 540 539 temperati
571 480 872 537 ladjungantur
901 480 1041 536 pedes,
1071 489 1249 521 metrum
1280 480 1448 521 omnino
1479 481 1579 522 effici

131 565 212 590 non
233 560 381 605 potest.

443 551 551 591 Nam
573 564 666 591 cum
686 563 751 589 ars
771 548 940 598 musica,
961 563 1055 603 quae
1076 559 1135 588 est
1155 548 1196 588 in
1217 548 1328 589 omni
1348 548 1458 589 vocis
1483 564 1582 589 sono

131 617 466 658 mmoderationis
486 632 532 657 ac
554 615 765 657 suavitatis
784 614 1006 665 inventrix,
1028 615 1207 657 metricae
1227 630 1394 671 quoque
1413 616 1581 657 rationis

131 683 321 739 princeps
354 699 400 724 ac
431 684 626 740 magistra
658 683 732 730 sit;
782 682 923 723 eadem
954 698 1051 723 vero
1083 682 1141 723 ita
1172 698 1318 724 nervos
1352 683 1580 724 ”testudini

131 751 384 805 adjunxerit,
406 761 453 791 ut
473 766 615 791 eorum
645 750 712 791 alii
741 760 924 800 acutum,
946 756 964 774 ⁰
973 765 1142 806 gravem
1173 749 1240 791 alii
1271 765 1415 791 sonum
1436 750 1581 792 redde-

131 826 248 865 rent3
283 818 566 873 Peandemque
588 832 733 859 vocum
764 817 1063 858 distinctionem
1095 817 1289 859 tibiarum
1310 818 1582 859 foraminibus

186 951 207 978 k
244 958 282 988 ut
317 953 369 988 liis
401 953 600 1000 brevitatis]
640 952 753 988 Paris.
791 957 830 988 ut

133 1007 170 1041 in
190 1006 254 1041 liis.
287 1005 443 1042 HEUS.

186 1057 198 1084 1
223 1057 472 1106 adjungantur
487 1059 611 1106 pedes]
638 1058 742 1094 Idem
765 1070 828 1094 co-

133 1112 203 1148 dex
224 1112 486 1158 adjunguntur.
521 1111 681 1148 HEUS.

187 1172 218 1190 m
258 1166 511 1200 moderationis
544 1177 586 1199 ac
618 1165 825 1212 suavitatis]

135 1218 398 1254 Modulationis
413 1217 534 1267 legere
555 1217 660 1253 malit
674 1216 729 1252 vir
743 1217 830 1253 doc-

134 1279 193 1306 tus
232 1272 333 1306 Mz'se.
371 1271 460 1307 Crit.
495 1283 574 1317 cap.
597 1270 684 1306 VII.
755 1269 828 1306 Sed

133 1326 332 1360 moderatio
353 1332 390 1360 et
410 1325 601 1366 moderari,
620 1331 660 1358 ut
674 1321 828 1372 origine,

134 1376 186 1412 sic
223 1378 258 1412 vi
296 1384 333 1412 et
371 1384 559 1425 potestate
598 1375 831 1411 conveniunt

134 1442 219 1466 cum
250 1431 461 1472 modulatio,
491 1430 682 1471 modulari,
714 1436 751 1464 et
783 1428 829 1464 de

132 1484 245 1518 modis
264 1484 405 1518 musicis
426 1490 523 1519 recte
545 1481 730 1518 dicuntur.
767 1482 831 1517 Ci-

133 1548 217 1572 cero
254 1537 298 1571 de
333 1537 435 1571 Orat.
467 1536 497 1571 I.
529 1535 592 1572 60.
639 1536 832 1571 adstrictus

135 1595 232 1624 certa
252 1590 408 1637 quadam
423 1601 652 1625 numerorum
666 1590 830 1624 modera-

135 1643 228 1677 tione
258 1647 292 1678 et
317 1644 461 1689 pedum.
518 1641 614 1678 Ibid.
636 1642 687 1678 Il.
713 1641 747 1677 8.
765 1641 831 1688 *qui

135 1697 227 1730 enim
266 1700 393 1730 cantus
429 1697 621 1730 mocleratae
659 1696 832 1730 orationis

130 1750 428 1795 pronuntiatione
447 1749 586 1782 dulcior
599 1749 749 1782 inveniri
763 1760 830 1795 po-

137 1806 216 1836 test.
275 1799 426 1836 Anthol.
458 1800 542 1835 Lat.
572 1801 642 1835 III.
669 1800 753 1835 182.
794 1813 829 1848 p.

136 1854 226 1901 625.
256 1852 357 1899 cujus
385 1855 626 1889 moderamine
653 1866 755 1888 sacro
782 1853 831 1889 U-

135 1919 221 1942 num.
241 1919 283 1942 ex
302 1908 447 1941 dirersis
476 1919 542 1942 vox
569 1908 745 1953 digitique
772 1919 831 1941 ca-

136 1965 237 1995 nunt.
272 1959 410 2009 Hygin.
423 1959 529 2007 praef.
540 1960 684 1994 Astron.
699 1971 833 2008 p.403.

138 2014 220 2048 Etsi
241 2018 273 2048 te
295 2025 456 2049 versuum
478 2014 719 2047 moderatione
738 2025 834 2059 prce-

135 2072 233 2102 stare
254 2067 362 2101 video.
405 2064 467 2101 ubi
489 2065 560 2101 alia
578 2065 747 2114 exempla
768 2066 832 2101 ha-

138 2120 202 2155 bet
238 2118 481 2154 Riuiickerus.
521 2117 615 2154 Add.
652 2119 831 2154 Burman.

137 2172 183 2208 ad
222 2170 332 2207 Ovid.
365 2172 457 2207 Met.
488 2171 559 2207 XI.
586 2182 673 2219 154.
723 2172 832 2220 Apud

137 2224 330 2262 Claudian.
351 2226 394 2260 (Ie
420 2226 512 2260 Bell.
541 2226 652 2260 Getic.
672 2237 721 2260 vs.
745 2236 833 2272 230.

137 2291 268 2314 omnes
290 2277 373 2314 libri
400 2278 560 2314 habent:
598 2278 694 2318 Quid
722 2280 834 2314 medi-

139 2337 260 2368 tentur
280 2344 373 2374 aves,
399 2332 484 2378 quid
513 2343 592 2367 cum
622 2332 833 2367 mortalibus

137 2385 248 2420 aether
279 2385 461 2420 Fulmineo
494 2386 579 2420 velit
608 2386 690 2431 igne
724 2386 831 2432 loqui.

138 2437 248 2475 Quod
278 2437 412 2472 durum
440 2445 497 2473 est
524 2436 561 2473 in
583 2438 693 2474 verbo
720 2439 832 2473 medi-

139 2495 271 2532 tentur,
292 2488 570 2538 interpretando
602 2490 718 2527 lenire
748 2498 830 2527 ten-

138 2542 226 2578 tavit
266 2555 422 2590 magnus
460 2543 660 2580 Gesnerus.
723 2544 834 2581 Forte

138 2595 220 2644 quis
250 2594 371 2644 capiat
397 2607 463 2643 pro
493 2601 650 2638 cantent,
677 2604 718 2632 ut
747 2598 831 2633 Ser-

141 2649 217 2684 vius
255 2647 354 2697 cepit
386 2647 423 2683 in
460 2647 587 2697 Virgil.
618 2649 701 2685 Ecl.
734 2650 766 2685 I.
799 2661 833 2685 2.

140 2702 206 2737 vl.
230 2702 290 2737 82.
350 2700 422 2736 Sed
453 2701 540 2736 mihi
565 2701 763 2751 legendum
784 2701 835 2737 vi-

139 2755 267 2791 detur:
303 2755 399 2794 Quid
420 2756 659 2796 moderentur,
680 2754 739 2790 vel
761 2767 833 2790 mo-

139 2809 311 2844 dulentur
333 2819 425 2843 aveS.
485 2807 694 2843 Verborum
725 2810 834 2843 medi-

141 2863 225 2904 tari,
246 2861 438 2902 moderari,
460 2861 640 2895 modulari
659 2868 837 2909 perpetua

141 2922 197 2950 est
216 2912 399 2957 confusio,
420 2913 534 2949 etiarn
559 2913 654 2962 apud
684 2913 836 2950 Claudi-

884 965 1010 995 anum,
1033 960 1074 988 ut
1102 952 1212 989 docet
1240 952 1371 989 Burm.
1403 953 1427 989 l.
1446 965 1476 989 c,
1507 953 1580 989 Or-

885 1006 1003 1054 pheus
1032 1005 1078 1042 de
1105 1005 1240 1055 Lapid.
1262 1018 1419 1055 prooem.
1442 1018 1494 1043 vs.
1515 1016 1580 1054 45.

885 1072 922 1107 p.
947 1058 1036 1107 296.
1061 1058 1182 1095 εὈσει-οι
1211 1074 1248 1094 τε
1279 1059 1463 1106 κεκλήγασι
1491 1061 1581 1105 μετὰ

885 1114 1000 1160 σφίσιν
1027 1113 1219 1161 ἦεροφοΐται.
1249 1110 1312 1148 ubi
1344 1111 1394 1147 H.
1417 1111 1578 1161 Stepha-

887 1177 955 1200 nus
977 1165 1072 1200 bene
1091 1164 1262 1213 repudiat
1281 1163 1469 1214 vulgatum
1490 1167 1581 1211 μετὰ

885 1219 1008 1265 φρεσίν.
1067 1217 1169 1253 Nam
1209 1216 1261 1253 sic
1294 1216 1381 1253 alibi
1420 1230 1456 1266 p.
1490 1227 1579 1265 350.

883 1270 972 1305 ὅσσα
989 1286 1026 1305 τε
1040 1275 1148 1319 κοῦφοι
1158 1269 1299 1318 νΟρνιθες
1311 1273 1495 1315 κλάζουσιν,
1512 1273 1580 1307 ἐπί-

885 1335 1029 1369 σταμαι·
1059 1322 1147 1358 ὅσσα
1166 1339 1203 1359 τε
1223 1325 1309 1371 θῆρες
1332 1323 1505 1369 Ὠμησταῖ
1525 1340 1580 1359 τε-

884 1378 1032 1424 τράπεζοι
1058 1377 1101 1412 ἐνὶ
1124 1379 1240 1424 σφίσιν
1266 1378 1426 1424 ὠρύονται.
1466 1376 1582 1426 Apol·

884 1428 960 1464 lon.
982 1429 1108 1465 Rhod.
1138 1429 1189 1465 II.
1217 1429 1329 1465 1282.
1366 1428 1423 1477 ἇῖρη
1453 1430 1479 1465 δ’
1508 1426 1583 1474 ἧμιν

886 1484 929 1518 ἐνὶ
941 1484 1040 1531 σφίσι
1054 1484 1277 1528 μητιάασθαι.
1290 1482 1581 1518 RUHNKEN.

926 1542 946 1561 n
968 1537 1138 1571 testudini
1157 1534 1381 1583 adjunxerit]
1401 1537 1459 1571 Ita
1476 1536 1582 1572 resti-

887 1587 958 1624 tuit
995 1588 1108 1625 Paris.
1147 1588 1252 1624 liber.
1327 1589 1371 1624 In
1417 1588 1580 1638 Guelph.

887 1649 966 1677 erat
997 1643 1182 1678 testudinis
1214 1640 1453 1687 adjuncxerit,
1483 1642 1582 1690 quod

888 1694 1073 1731 recentior
1111 1707 1243 1730 manus
1282 1702 1403 1730 mutat
1440 1695 1478 1730 in
1517 1697 1584 1731 ad-

877 1747 1087 1794 juncxerat.
1118 1748 1272 1784 HEUS.

931 1807 949 1826 0
967 1813 1114 1848 gravem
1135 1801 1216 1848 alii]
1236 1799 1425 1836 Librarius
1445 1799 1583 1837 codicis

887 1853 1049 1902 Guelph.
1081 1852 1278 1902 scripserat
1310 1866 1458 1900 gravem
1491 1855 1583 1890 aliis.

886 1907 1076 1943 Posterius
1095 1906 1321 1942 vocabulum
1350 1919 1474 1942 rasura
1501 1919 1583 1943 cor-

890 1968 1011 1996 rector
1057 1960 1279 2001 obscuravit,
1324 1958 1584 2009 rescripsitque

889 2014 953 2048 alii
983 2025 1144 2059 gravem,
1166 2025 1275 2061 quern
1306 2012 1473 2049 ordinem
1504 2026 1583 2048 am-

888 2066 1062 2115 plectitur
1075 2065 1185 2102 etiarn
1199 2066 1283 2102 MS.
1298 2066 1411 2101 Paris.
1428 2065 1501 2102 HE
1509 2066 1583 2102 US.

942 2126 962 2153 P
991 2120 1208 2167 eandemque
1233 2131 1358 2155 vocum
1386 2120 1584 2155 distinctio-

889 2173 984 2219 nem]
1028 2173 1134 2211 Quos
1173 2178 1273 2208 tonos
1311 2170 1440 2208 musici
1484 2185 1584 2208 nunc

891 2224 1090 2274 appellant,
1124 2238 1223 2261 voces
1253 2224 1362 2274 prisci
1396 2225 1583 2262 dicebant.

890 2278 1020 2315 Cicero
1041 2279 1086 2315 de
1106 2279 1210 2315 Orat.
1232 2279 1262 2315 Ι.
1284 2290 1347 2325 42.
1376 2279 1424 2314 Ut
1452 2280 1489 2314 in
1509 2291 1585 2314 mu-

887 2333 978 2375 sicis,
1012 2334 1162 2375 numeri,
1195 2337 1230 2367 et
1262 2344 1373 2374 voees,
1406 2336 1440 2367 et
1478 2334 1584 2368 modi.

892 2385 1019 2435 Virgil.
1039 2386 1132 2421 AEn.
1153 2386 1222 2421 VI.
1245 2384 1334 2431 646.
1372 2385 1585 2432 Obloquitur
1627 2402 1631 2408 ·

889 2440 1044 2474 numeris
1063 2451 1188 2474 vocum
1216 2439 1422 2474 discrimina
1441 2444 1584 2486 septem.

888 2504 998 2540 quem
1032 2491 1154 2528 locum
1185 2499 1398 2540 opportune
1431 2491 1492 2528 hic
1521 2492 1584 2528 ad-

889 2544 1036 2594 scripsit
1076 2543 1364 2580 humanissimus
1403 2543 1585 2581 Ruhnke-

890 2597 986 2634 nius.
1044 2597 1220 2634 Klotzius
1241 2597 1292 2633 ita
1312 2598 1462 2645 refingit
1479 2599 1587 2634 verba

888 2650 1107 2687 Theodori:
1139 2652 1331 2698 eademque
1360 2663 1486 2686 vocum
1513 2652 1585 2685 (Iis-

892 2705 1095 2739 tinctionem
1137 2705 1306 2739 tibiarum
1341 2703 1587 2751 foraminibus

890 2758 1082 2803 aptaverit.
1123 2756 1307 2805 Equidem
1331 2755 1367 2791 in
1391 2757 1500 2792 verbo
1521 2768 1586 2802 ap-

892 2811 1048 2845 taverint
1076 2809 1245 2859 intelligo
1276 2809 1444 2851 homines,
1471 2809 1588 2856 artifi-

891 2874 959 2904 ces,
989 2864 1139 2898 musici:
1181 2860 1423 2898 usitatissima
1453 2859 1586 2896 utrius-

891 2927 962 2963 que
981 2915 1116 2966 linguae
1136 2913 1377 2964 scriptoribus
1392 2912 1524 2963 ellipsi,
1542 2913 1588 2950 de
