1962 3355
362 231 427 278 66
880 230 1038 277 Marii
1066 230 1305 278 Victorini
1657 243 1754 273 Lm.
1780 242 1811 274 1.

363 353 488 399 facta
505 370 638 399 versu
654 351 961 398 dhexametro
977 351 1460 415 comprehenduntur,
1478 348 1629 411 equod
1650 349 1816 394 Graeea

365 429 711 492 significatione
736 429 915 474 dictum
937 437 1106 492 putant
1120 427 1197 474 ἀπὸ
1212 433 1279 474 τοῦ
1297 427 1459 473 ἕπεσθαι
1486 427 1521 472 ἐν
1539 425 1645 488 αὐτῷ
1658 426 1710 470 τὰ
1729 426 1816 481 ἑξῆς

364 507 464 568 μέρη
489 511 570 556 τοῖς
593 504 770 565 πρώτοις,
797 504 841 549 id
869 514 952 560 est,
977 503 1100 565 quod
1128 503 1303 566 primas
1329 510 1483 566 partes
1508 500 1606 562 ejus
1631 501 1816 546 fceterae

327 595 344 625 5
365 581 687 644 insequantur.
758 581 870 626 Hoc
899 589 1051 626 metro
1077 579 1319 625 Homerus
1354 578 1582 623 &virtutes
1618 577 1816 622 heroum

365 666 434 702 est
458 656 783 719 hprosecutus,
808 656 930 702 sieut
955 657 1185 703 Horatius
1211 656 1351 702 refert
1375 654 1552 708 dicens,

464 733 562 778 Res
583 740 731 796 gestm
755 749 1015 796 regumque
1040 732 1304 795 ducumque
1330 738 1376 777 et
1401 731 1559 777 tristia
1586 728 1724 785 bella,

469 809 577 857 Quo
600 809 746 854 scribi
764 815 955 869 possent
979 825 1191 864 numero,
1214 808 1500 854 monstravit
1524 807 1780 853 Homerus.

328 883 502 930 6Idem
545 893 593 929 et
634 884 878 946 Pythium,
917 883 1043 945 quod
1084 884 1333 930 interfecto
1369 883 1544 945 Pythio
1589 882 1821 927 kdracone

366 957 684 1020 compositum
734 976 834 1003 esse
887 958 1084 1014 dicatur,
1132 976 1239 1005 cum
1290 958 1590 1021 Delphorum
1652 956 1818 1003 incolae

365 1034 553 1080 laudem
579 1034 817 1097 Apollinis
844 1034 909 1080 ita
934 1044 1343 1098 persequerentur,

712 1110 750 1166 ἴη
773 1113 908 1165 παιάν,
934 1111 972 1168 ἴη
995 1114 1132 1167 παιάν,
1159 1110 1197 1167 ἴη
1221 1113 1357 1165 παιάν,

333 1187 493 1249 7quod
537 1197 720 1233 constat
761 1205 818 1233 ex
862 1188 1083 1250 spondeis
1134 1205 1230 1233 sex.
1302 1186 1435 1232 Idem
1486 1187 1571 1231 erit
1618 1194 1663 1230 et
1705 1184 1820 1229 iam-

367 1263 526 1309 bicum
553 1263 837 1320 trimetrum,
863 1264 897 1309 si
936 1286 947 1310 ι
980 1265 1200 1320 litteram,
1227 1281 1330 1325 quae
1356 1262 1583 1309 dichrona
1609 1272 1693 1317 est,
1719 1278 1821 1307 cor-

366 1340 522 1402 ripias,
592 1342 647 1386 In
692 1340 764 1386 his
803 1341 929 1386 enim
972 1339 1185 1404 ¹daetylo
1226 1348 1272 1385 et
1314 1338 1518 1385 iambico
1563 1348 1818 1383 metrorum

367 1416 583 1462 omnium
608 1416 920 1463 fundamenta
947 1416 1221 1463 subsistunt.
1292 1415 1403 1462 Hoc
1428 1414 1621 1477 quidam
1649 1432 1673 1459 a
1697 1413 1822 1459 Lino

369 1492 604 1555 Apollinis
642 1493 866 1550 antistite,
907 1492 983 1538 alii
1026 1493 1084 1539 ab
1121 1491 1333 1555 Orpheo,
1370 1490 1584 1537 nonnulli
1623 1491 1680 1535 ab
1718 1489 1823 1535 Ho-

333 1580 352 1611 8
373 1586 501 1615 mero
525 1569 770 1615 inventum
800 1579 983 1633 putant.
1055 1568 1285 1614 Melicum
1314 1576 1469 1613 autem
1505 1567 1571 1613 sic
1606 1575 1659 1612 ut
1685 1566 1824 1628 Lyri-

369 1663 495 1700 cum,
521 1646 646 1708 quod
673 1647 728 1691 ad
757 1646 1130 1692 modulationem
1166 1647 1275 1708 lyrae
1303 1646 1553 1692 citharaeve
1576 1645 1824 1708 componi-

370 1731 462 1777 tur,
498 1723 619 1766 sicut
655 1721 765 1767 fecit
806 1723 993 1768 Alcaeus
1032 1732 1079 1768 et
1119 1723 1369 1786 mSappho,
1405 1740 1522 1784 quos
1560 1721 1821 1785 plurimum

334 1807 443 1843 9est
507 1805 725 1843 nsecutus
783 1798 1025 1844 Horatius.
1097 1799 1302 1845 Carmen
1362 1809 1518 1844 autem
1575 1798 1823 1861 Lyrieum,

371 1883 507 1919 ⁰eum
556 1884 705 1919 metro
745 1876 982 1931 subsistat,
1023 1884 1179 1938 potest
1209 1885 1370 1922 tamen
1411 1874 1553 1920 videri
1590 1883 1722 1920 extra
1756 1875 1823 1920 le-

370 1968 479 2011 gem
528 1950 665 1995 metri
713 1969 829 2007 esse,
871 1952 981 2013 quia
1028 1952 1176 1997 libero
1217 1951 1462 1998 scribentis
1510 1950 1701 1997 arbitrio
1741 1968 1825 2013 per

315 2041 353 2063 ¹0
372 2025 624 2088 rhythmos
660 2027 879 2089 exigitur.
948 2027 1202 2090 Tragicum
1243 2038 1419 2083 autem,
1453 2026 1579 2089 quod
1613 2026 1826 2072 trimetro

373 2103 521 2163 magis
560 2119 694 2148 versu
733 2103 1049 2165 componitur,
1087 2121 1182 2165 quo
1219 2103 1288 2148 usi
1331 2112 1441 2149 sunt
1479 2103 1739 2166 Sophocles
1778 2111 1825 2148 et

315 2196 347 2216 11
370 2176 638 2238 Euripides.
707 2179 957 2224 Cornicum
985 2196 1093 2223 vero
1117 2178 1243 2223 varia
1268 2195 1487 2223 versuum
1525 2188 1572 2223 et
1605 2178 1822 2223 modulo—

370 2269 476 2297 rum
503 2251 605 2314 lege
630 2253 949 2315 compositum
975 2255 1218 2316 reperitur,
1243 2254 1363 2300 sicut
1396 2255 1677 2318 plerumque
1701 2255 1824 2315 apud

316 2349 352 2370 η
373 2327 711 2382 Menandrum,
755 2328 833 2373 sed
883 2339 928 2374 et
969 2330 1099 2383 alios,
1135 2331 1484 2392 cognoscimus.
1555 2331 1822 2377 Men-orum

373 2420 542 2465 genera
569 2403 658 2448 alia
691 2420 715 2447 a
751 2403 840 2448 Dis
878 2404 1124 2467 appellata,
1160 2415 1209 2450 ut
1244 2405 1646 2467 dithyrambicon,
1671 2407 1826 2453 PPria—

372 2480 513 2541 pion:
551 2479 640 2524 alia
678 2480 735 2523 ab
778 2479 1115 2537 inventoribus,
1155 2491 1206 2526 ut
1242 2482 1652 2539 qArchilochium,
1689 2482 1826 2529 Sota-

427 2575 446 2603 d
466 2578 700 2624 hexametro]
722 2587 908 2614 exametro
930 2580 970 2615 P.
1073 2587 1088 2605 θ
1110 2581 1226 2628 quod]
1248 2594 1329 2629 quae
1346 2582 1375 2617 P
1419 2581 1510 2617 Mox
1531 2581 1655 2618 addidi
1671 2589 1723 2618 est
1742 2591 1828 2632 post

373 2633 423 2666 id.
534 2629 551 2656 f
567 2632 726 2677 caeterae]
751 2639 873 2667 cetere
894 2633 933 2667 P.
1030 2639 1050 2666 g
1070 2634 1223 2669 virtutes
1243 2634 1414 2680 heroum]
1440 2635 1592 2671 heroum
1615 2636 1765 2672 virtutes
1786 2637 1826 2672 P.

374 2681 396 2708 h
416 2684 678 2731 prosequutus]
699 2692 916 2732 prosecutus
937 2685 975 2719 P.
1062 2684 1083 2710 k
1104 2686 1279 2734 dracone]
1301 2687 1499 2723 draconem
1520 2689 1561 2724 P.
1642 2687 1828 2725 liambico

375 2744 414 2772 et
433 2736 596 2784 dactylo]
621 2736 756 2772 dactilo
776 2745 812 2772 et
832 2736 992 2773 iambico
1013 2739 1052 2773 P.
1176 2745 1206 2764 m
1228 2740 1367 2788 Sapho]
1393 2740 1547 2789 Sappho
1570 2742 1611 2778 P.
1730 2749 1750 2767 n
1770 2754 1828 2777 se-

376 2790 530 2837 quutus]
553 2798 701 2825 secutus
721 2791 761 2825 P.
865 2796 883 2815 o
903 2791 1036 2838 quum]
1060 2803 1142 2826 cum
1166 2791 1206 2826 P.
1318 2799 1337 2826 P
1360 2793 1549 2841 Pri-apion]
1574 2793 1763 2842 priapieou
1787 2795 1826 2829 Ρ.

377 2841 435 2876 ed.
447 2842 552 2878 Cam.
564 2842 751 2891 Priapium
765 2855 858 2878 corr.
875 2844 1117 2878 Camerarius.
1175 2851 1195 2877 q
1209 2844 1500 2893 Archilochium]
1518 2846 1769 2882 Archilocium
1787 2848 1826 2883 P.

590 2927 625 2961 6.
647 2927 797 2976 Pythio]
821 2927 845 2962 f.
869 2927 1032 2974 Pythone
1052 2929 1205 2964 Santen.
1225 2929 1311 2964 Ter.
1333 2929 1455 2965 Maur.
1479 2944 1513 2979 p.
1533 2942 1617 2978 139.
