1962 3355
572 464 781 527 ARS
856 466 1192 528 CAESII
1268 467 1593 530 BASSI

797 672 917 724 DE
983 673 1370 726 METRIS.

888 862 1275 888 ——*—-

974 1006 1108 1058 CAP.
1140 1007 1185 1058 I.

679 1129 926 1176 Mecoenas
950 1129 1106 1175 atavis
1132 1129 1257 1176 edite
1280 1130 1489 1194 regibus.

351 1228 695 1293 Asclepiadeon
722 1227 1190 1292 duodecasyllabum‚
1209 1229 1342 1291 cujus
1367 1229 1538 1276 divisio
1562 1229 1689 1277 varia
1707 1230 1811 1293 qui-

353 1305 460 1351 dem
489 1306 580 1352 sic:
615 1305 768 1352 Mcece
795 1304 1021 1368 sponde0‚
1058 1322 1145 1351 nas
1175 1306 1332 1352 atavis
1367 1306 1660 1363 choriambO,
1687 1307 1810 1353 edite

352 1399 407 1428 re
442 1381 585 1438 idem,
615 1382 759 1445 gibus
792 1381 1084 1445 pyrrhichi0‚
1122 1383 1192 1428 vel
1230 1382 1404 1438 iambo,
1440 1391 1630 1445 propter
1671 1381 1811 1428 indif-

352 1460 602 1506 ferentiam
628 1460 834 1523 syllabae.
905 1458 1000 1504 Alii
1026 1476 1109 1522 per
1141 1458 1355 1522 dipodias
1392 1459 1482 1504 ita:
1514 1458 1756 1505 fllecoenas
1781 1476 1810 1505 α

354 1535 520 1582 debuit
555 1536 859 1600 antispastica
899 1535 1039 1599 podia
1075 1553 1189 1590 esse,
1229 1544 1275 1581 et
1316 1535 1539 1599 produxit
1577 1536 1807 1600 syllabam

354 1613 577 1675 primam,
613 1621 659 1659 et
693 1613 805 1659 fecit
840 1612 1080 1675 epitritum
1116 1620 1337 1674 quartum
1375 1628 1432 1657 ex
1468 1612 1619 1657 tribus
1655 1612 1809 1675 longis

354 1697 400 1734 et
449 1688 605 1734 brevi:
642 1689 767 1735 lavis
803 1688 878 1734 edi
913 1687 1198 1751 antispastus
1241 1697 1312 1734 est
1346 1704 1404 1733 ex
1442 1687 1587 1745 brevi,
1625 1687 1809 1734 duabus

353 1766 523 1829 longis,
550 1774 596 1811 et
633 1765 787 1811 brevi:
825 1771 871 1811 te
900 1765 1097 1828 regibus
1131 1782 1268 1828 paeon
1307 1764 1540 1810 secundus
1577 1782 1633 1810 ex
1666 1764 1810 1818 brevi,

354 1851 401 1888 et
437 1842 592 1905 longa,
629 1851 675 1887 et
712 1841 896 1887 duabus
933 1842 1169 1897 brevibus,
1208 1842 1280 1887 vel
1317 1841 1352 1887 si
1388 1841 1530 1905 longa
1563 1841 1703 1888 fuerit
1739 1840 1811 1886 ul-

353 1919 471 1964 tima
517 1917 605 1963 erit
652 1917 851 1974 iambus,
898 1918 935 1964 si
983 1935 1091 1964 vero
1139 1917 1197 1963 ad
1255 1917 1572 1980 penultimam
1628 1926 1809 1981 partem

353 1995 534 2041 ultimae
570 1993 774 2058 dipodiae
811 1994 964 2041 brevis
1001 1995 1183 2058 syllaba
1221 1993 1434 2052 addatur,
1466 1995 1548 2040 fiet
1577 1994 1811 2058 elegiacus

354 2090 513 2118 versus
537 2081 847 2136 pentameter,
872 2072 953 2128 sic,

583 2148 638 2188 M
639 2162 794 2188 cecenas
814 2149 952 2189 atavis
973 2148 1077 2188 edite
1098 2147 1340 2203 remigibus.

353 2220 598 2268 Dividitur
632 2220 866 2284 prioribus
899 2229 980 2266 aut
1005 2220 1195 2283 dactylo
1220 2229 1267 2265 et
1302 2217 1528 2283 sponde0‚
1554 2227 1634 2264 aut
1669 2235 1811 2281 spon-

354 2296 443 2343 deo
468 2306 515 2342 et
539 2296 745 2360 dactylo,
769 2308 931 2342 tamen
961 2296 1145 2342 medius
1182 2295 1418 2359 spondeus
1447 2294 1589 2340 debet
1625 2312 1812 2359 semper

354 2390 470 2431 esse,
491 2373 796 2434 sequentibus
822 2372 1137 2437 anapaesticis.

624 2513 742 2559 Jam
764 2514 885 2560 satis
908 2513 1054 2560 terris
1078 2513 1213 2567 nivis,
1240 2518 1383 2576 atque
1406 2512 1540 2558 dim,

355 2605 648 2669 Sapphicum
688 2605 1134 2669 hendecasyllabon,
1159 2603 1284 2668 quod
1323 2612 1394 2650 est
1422 2604 1670 2650 trimetron
1696 2604 1810 2650 cho-

355 2682 615 2728 riambicon
658 2682 981 2739 catalecticon,
1018 2681 1151 2743 cujus
1200 2680 1430 2744 syllabam
1474 2680 1662 2726 tertiam
1703 2698 1811 2743 pro-

355 2757 492 2805 duxit
526 2758 573 2804 in
605 2758 757 2822 prima
793 2758 1000 2822 dipodia,
1026 2775 1169 2821 quam
1203 2757 1435 2820 corripere
1467 2755 1645 2813 debuit,
1673 2774 1812 2820 opor-

355 2834 446 2881 tuit
469 2834 596 2881 enim
628 2834 692 2881 ita
720 2852 836 2892 esse,
863 2835 981 2881 «Iam
1017 2835 1135 2880 satis
1167 2841 1264 2888 tem·
1303 2833 1462 2898 posuit
1498 2841 1654 2879 autem
1690 2832 1810 2878 Jam

353 2912 473 2959 satis
503 2917 578 2958 ter
613 2928 697 2975 pro
729 2910 1004 2958 choriambo
1041 2910 1284 2974 epitritum
1322 2909 1603 2961 secundum,
1639 2907 1686 2954 id
1723 2917 1808 2961 est,
