1962 3355
118 232 222 263 cAP.
241 224 286 263 3.
539 214 620 260 De
643 212 810 260 metris
833 210 1141 258 Horatianis.
1475 220 1562 258 231

117 337 241 390 dQui
269 335 461 398 adjectis
486 334 670 381 duobus
695 332 897 397 pedibus
924 333 1006 377 fiet
1031 331 1319 385 hexameter,
1344 331 1422 388 ita,

250 412 476 459 Maxima
497 412 566 458 sic
590 411 682 458 cito
689 408 910 474 flumina
935 407 1234 454 constiterint
1259 413 1304 452 et
1328 413 1481 453 acuto.

120 489 311 551 Recipit
335 497 381 534 et
406 488 599 534 alteram
625 484 921 540 divisionem,
941 492 993 528 ut
1029 482 1087 529 ad
1124 483 1241 527 duos
1276 481 1490 545 dactylos
1525 490 1571 528 et
1589 499 1629 528 43

78 583 83 588 ·
119 563 426 627 semipedem,
457 562 536 625 qui
574 570 645 608 est
679 578 785 624 pars
824 558 1021 605 dimidia
1058 557 1359 621 pentametri,
1386 557 1573 619 adjicia-

120 648 196 684 tur
219 656 346 685 nunc
372 639 587 694 creticus,
611 655 740 684 nunc
771 634 1158 699 amphibrachys,
1182 634 1293 695 quia
1318 651 1410 679 non
1450 651 1573 679 sem-

119 732 204 777 per
228 714 274 759 in
302 714 443 777 longa
475 714 670 777 syllaba,
696 711 774 759 sed
809 710 1047 757 interdum
1074 720 1121 756 et
1150 710 1195 755 in
1232 709 1359 755 brevi
1385 708 1571 755 desinit.

123 789 551 853 Hendecasyllabis
587 790 731 852 igitur
764 787 968 834 Alcaicis
1005 803 1115 831 usus
1153 794 1223 831 est
1262 785 1381 831 libro
1417 785 1573 848 primo

121 865 309 928 septies,
335 865 542 911 secundo
567 865 737 920 decies,
760 864 899 910 tertio
923 863 1092 918 decies,
1117 872 1284 925 quarto
1310 871 1393 908 ter.
1437 860 1573 907 Idem

121 941 334 987 dimetris
360 941 576 987 iambicis
603 939 1058 1004 hypercatalecticis,
1083 948 1134 984 ut
1160 938 1254 995 hic,

320 1017 465 1064 Silvce
491 1017 763 1063 laborantes
783 1016 1009 1080 geluque,

123 1111 234 1140 usus
259 1102 329 1140 est
354 1094 473 1139 libro
502 1094 658 1156 primo
690 1092 876 1155 septies,
901 1090 1110 1136 secundo
1134 1089 1304 1143 decies,
1329 1090 1467 1136 tertio
1490 1107 1576 1135 un-

122 1169 292 1224 decies,
317 1178 485 1231 quarto
510 1179 594 1215 ter.
663 1166 934 1214 eTrimetris
958 1183 1148 1227 quoque
1173 1165 1318 1228 epicis
1345 1166 1574 1229 hyperca-
1593 1190 1634 1218 44

122 1245 319 1302 talectis,
344 1253 396 1290 ut
420 1254 490 1290 est
516 1244 610 1299 hic,

321 1319 552 1365 Flamina
576 1318 874 1364 constiterint
898 1324 1054 1373 acuto,

123 1413 235 1442 usus
268 1404 337 1442 est
373 1396 492 1441 libro
525 1395 680 1458 primo
705 1409 796 1450 VII,
823 1393 1030 1440 secundo
1056 1410 1106 1448 x,
1132 1393 1271 1438 tertio
1302 1408 1373 1447 xi,
1410 1401 1578 1454 quarto

122 1481 206 1517 ter.

189 1547 393 1594 Decima
417 1546 506 1592 ode
530 1563 638 1592 cum
666 1545 822 1610 epodo
846 1554 932 1601 est,
956 1544 1090 1606 cujus
1116 1545 1325 1601 initium,
1598 1570 1637 1601 45

323 1622 389 1668 M
394 1622 552 1669 ercuri
556 1619 785 1686 facunde
807 1638 951 1683 nepos
973 1621 1212 1668 Atlantis.

125 1698 351 1745 sConstat
386 1709 545 1744 autem
586 1698 985 1761 hendecasyllabo
1018 1697 1278 1762 Sapphic0,
1311 1698 1369 1744 de
1401 1716 1496 1761 quo
1533 1699 1579 1744 in

126 1774 333 1820 secunda
365 1774 454 1820 ode
485 1773 591 1820 libri
630 1774 770 1837 primi
811 1773 1084 1836 plenissime
1119 1773 1441 1830 disseruimus,
1466 1775 1580 1837 gqui

126 1859 211 1906 est,

321 1913 440 1959 Jam
463 1914 584 1960 satis
609 1913 754 1960 terris
778 1914 901 1959 nivis
925 1920 1067 1976 atque
1091 1913 1221 1960 dirce.

128 2000 289 2062 Hujus
332 2017 550 2046 mensura
591 2009 758 2061 quarto
802 2000 907 2045 colo
945 2000 1272 2047 concluditur:
1321 2009 1413 2046 tres
1455 2001 1581 2047 enim

126 2078 207 2140 qui
256 2087 366 2123 sunt
412 2094 545 2139 pares
594 2075 974 2138 hendecasyllabi
1024 2076 1253 2131 existunt,
1294 2077 1374 2139 qui
1429 2077 1583 2141 epodo

127 2153 424 2209 clauduntur,
449 2151 576 2214 quod
614 2160 821 2197 metrum
859 2160 1052 2197 vocatur
1087 2150 1356 2197 hdimoeron
1397 2153 1583 2216 epicon,

128 2231 232 2276 ideo
274 2228 400 2292 quod
441 2228 559 2274 duos
601 2228 743 2291 pedes
787 2228 954 2273 heroos
995 2227 1209 2290 accipiat,
1251 2228 1493 2291 dactylum
1538 2238 1584 2275 et

127 2305 406 2369 spondeum.
478 2304 827 2367 Monostropha
865 2312 1022 2349 autem
1050 2313 1280 2350 vocantur
1306 2304 1406 2350 haec
1432 2322 1584 2350 asma-
1602 2318 1643 2355 46

127 2393 190 2438 ta,
215 2381 327 2428 hhde
351 2399 446 2443 qua
482 2381 538 2427 ad
571 2381 771 2444 primam
814 2380 1039 2443 strophen
1066 2388 1219 2426 cetera
1256 2379 1583 2443 {respondent

128 2459 263 2504 Idem
290 2458 368 2504 ket
385 2458 442 2504 de
467 2457 748 2504 duodecima
768 2457 857 2503 ode
881 2456 1064 2502 dictum
1091 2457 1176 2502 sit:
1213 2454 1378 2517 kkquae
1400 2468 1585 2503 constat

128 2534 324 2596 adaeque
349 2533 748 2596 hendecasyllabo
773 2533 1030 2596 Sapphico,
1056 2531 1189 2592 cujus
1214 2532 1422 2589 initium,

328 2610 482 2659 Quem
506 2610 664 2656 virum
690 2616 775 2656 aut
801 2609 946 2655 heroa
972 2608 1082 2671 lyra
1105 2606 1182 2654 vel
1202 2608 1319 2654 acri.

194 2685 465 2732 Undecima
489 2685 577 2731 ode
602 2686 861 2748 lyricorum
888 2692 1121 2730 asmatum
1142 2701 1152 2728 :
1603 2700 1643 2731 47

182 2815 202 2842 d
223 2816 316 2864 Qui]
347 2816 447 2864 quod
468 2817 508 2852 P.
701 2821 717 2840 e
736 2815 1120 2863 Trimetris—-quarto
1141 2821 1197 2849 ter
1216 2814 1255 2849 P.
1278 2814 1390 2849 habet
1410 2813 1445 2848 in
1468 2825 1583 2862 marg.

132 2869 337 2915 sConstat]
361 2877 508 2905 constat
528 2876 650 2903 autem
673 2868 713 2903 P.
835 2875 856 2902 g
875 2868 955 2916 qui]
977 2867 1074 2916 quod
1098 2867 1137 2903 P.
1258 2864 1277 2891 h
1298 2865 1500 2910 dimetron]
1526 2865 1583 2900 di-

133 2935 274 2957 moeron
297 2923 335 2957 P.
392 2920 435 2947 hh
455 2922 500 2957 de
519 2921 609 2968 qua]
633 2920 690 2955 An
708 2921 784 2955 ideo
805 2923 898 2966 quod
912 2923 933 2957 ,9
961 2932 1070 2968 supra
1089 2932 1146 2956 10.
1165 2920 1344 2967 quoniam.
1401 2916 1411 2943 i
1433 2930 1583 2965 respon-

132 2975 238 3021 dent]
264 2975 492 3023 respondent
512 2972 571 3009 xi}
595 2974 632 3008 P.
739 2970 759 2997 k
781 2980 817 3008 et
839 2973 902 3020 de]
927 2973 972 3009 de
992 2986 1068 3009 om.
1090 2973 1129 3007 P.
1240 2969 1283 2996 kk
1305 2970 1401 3018 qnae]
1424 2969 1522 3017 quod
1544 2970 1582 3006 P.
