1962 3355
275 970 318 1001 60

274 1524 309 1555 61

341 179 434 227 264
896 184 1054 230 Marii
1076 184 1233 231 Plotiz'

341 301 431 347 hoc
455 319 564 348 vero
588 302 1116 352 fmonoschematistum
1144 315 1241 351 est:
1280 322 1388 351 nam
1428 322 1614 367 semper
1644 305 1791 351 tribus

339 375 539 440 dactylis
564 380 825 442 percutitur
849 390 895 426 et
919 390 1085 443 quarto
1110 380 1229 444 pede
1253 379 1477 443 spondeo.
1521 380 1669 441 Cujus
1696 398 1793 426 me-

339 453 396 499 tri
420 455 698 518 exemplum
725 456 944 502 Graecum
972 466 1056 512 est,

603 531 849 592 g‘ARvpaeak
873 531 1079 593 χαρίεσσα
1103 532 1270 592 χελιδοῖ.

337 604 563 651 Latinum
593 608 866 670 exemplum
896 607 1001 660 hoc,

568 683 603 721 O
624 683 725 721 milzi-
740 684 982 737 prseteritos
1003 682 1159 736 ''firaff
1177 683 1230 722 si.

339 753 576 805 Quoniam
623 753 681 799 de
723 755 1006 800 tetrametris
1054 754 1300 818 dactylicis
1349 755 1593 818 speciebus
1631 755 1793 802 docui-

337 846 470 882 mus;
508 846 636 875 nunc
659 832 717 875 de
739 830 963 876 trimetris
987 830 1232 892 dactylicis
1257 831 1525 877 doceamus.

493 959 575 1005 De
598 960 859 1006 hemideoeio
884 962 1101 1007 trimetro
1126 961 1390 1008 acatalecto
1414 961 1661 1025 dactylico.

403 1057 754 1104 Hemideoeium
791 1059 1062 1105 trimetrum
1099 1058 1404 1122 dactylicum,
1427 1068 1481 1105 ut
1507 1059 1788 1121 quibusdam

336 1133 507 1196 placet,
535 1135 1045 1181 monoschematistum
1072 1144 1158 1192 est,
1177 1146 1231 1181 ut
1255 1153 1440 1200 semper
1463 1137 1611 1182 tribus
1631 1136 1792 1198 dacty-

337 1210 390 1254 lis
432 1210 734 1272 percutiatur,
778 1211 1058 1273 negantibus
1106 1211 1294 1274 aliquod
1336 1222 1539 1258 metrum
1589 1212 1791 1276 speciale

337 1286 442 1348 plus
468 1304 608 1348 quarn
638 1305 783 1333 unum
813 1288 1005 1334 schema
1029 1305 1167 1350 posse
1193 1290 1397 1352 recipere
1422 1288 1789 1352 imperitissime.

335 1361 464 1407 Nam
494 1363 736 1408 heroicum
763 1381 871 1409 cum
907 1364 965 1409 sit
991 1364 1207 1426 speciale,
1232 1373 1391 1410 tamen
1419 1365 1548 1410 nullo
1574 1364 1790 1426 quamvis

336 1438 693 1501 imperitissimo
724 1448 886 1485 contra
912 1440 1099 1486 dicente
1136 1440 1277 1486 habet
1315 1441 1556 1486 schemata
1591 1439 1790 1486 hXXXII.

334 1515 464 1579 Ergo
489 1526 536 1561 et
562 1515 886 1562 hemidexium
925 1517 1191 1563 trimetrum
1219 1517 1507 1579 dactylicum
1548 1517 1790 1564 schemata

338 1593 480 1638 habet
505 1603 626 1638 octo.
697 1593 774 1638 De
799 1594 972 1656 quibus
1012 1611 1155 1640 unum
1186 1594 1335 1639 solum
1365 1611 1538 1657 ponam
1567 1593 1787 1639 Graecum

334 1669 610 1732 exemplum
649 1669 992 1723 hemidexium,
1018 1670 1143 1733 quod
1181 1670 1378 1733 repperi,
1404 1670 1553 1715 tribus
1588 1669 1789 1733 dactylis

334 1756 569 1803 constans,
595 1756 662 1801 ut,

665 1822 780 1877 ἰξεῖνε
804 1822 867 1869 τᾶν
889 1822 1136 1885 Ἀρχιλόχου
1160 1825 1301 1881 τάφον.

333 1898 560 1945 Latinum
599 1900 876 1961 exemplum
922 1898 1247 1945 hemidexium
1289 1898 1555 1945 trimetrum
1593 1898 1792 1961 dactyli-

334 1993 440 2022 cum
471 1977 560 2022 lioc
585 1977 672 2023 erit
698 1976 1205 2023 monoschematistum
1232 1975 1540 2038 dactylicum,
1568 1984 1632 2031 ut,

561 2053 623 2092 Et
646 2053 781 2093 Chaos
801 2059 839 2093 et
860 2053 1087 2108 Plelegeton
1106 2053 1207 2093 loca.

334 2125 551 2171 Secunda
587 2126 765 2189 species
801 2126 1001 2171 trimetri
1039 2125 1258 2189 dactylici
1287 2124 1522 2188 Glyconia
1547 2141 1791 2186 nuncupa-

334 2210 425 2257 tur,
448 2200 538 2246 kde
563 2218 656 2263 qua
681 2201 956 2247 brevissime
981 2201 1249 2247 doceamus.

632 2331 714 2377 De
746 2331 981 2395 Glyconio
1007 2331 1222 2377 trimetro
1247 2330 1494 2393 dactylico.

406 2427 692 2491 Glyconz'um
738 2429 1008 2475 trimetrum
1055 2427 1343 2491 dactylicum
1391 2428 1792 2474 monoschemati-

334 2515 459 2549 stum
488 2513 570 2550 est.
641 2504 840 2550 Constat
866 2506 991 2550 enim
1020 2522 1206 2568 semper
1229 2504 1453 2567 spondeo,
1473 2504 1657 2551 duobus
1683 2505 1792 2552 dac-

335 2580 462 2643 tylis,
487 2580 608 2626 sicut
633 2579 854 2626 omnibus
875 2581 1171 2643 peritissimis
1192 2581 1400 2644 placuit;
1436 2592 1487 2627 ut
1507 2581 1789 2644 quibusdam

388 2755 403 2782 f
422 2757 818 2793 inunoschematistum
841 2758 928 2805 est.]
956 2757 1016 2792 Sic
1036 2756 1081 2792 L.
1113 2762 1162 2792 est
1184 2770 1257 2792 oui.
1279 2756 1489 2793 Putschius.
1670 2763 1691 2791 g
1710 2762 1789 2792 NAI

332 2815 455 2845 MEAE
476 2813 691 2845 XAPIGCCA
712 2815 912 2845 ΧεΛεΙΔΟΙ
933 2810 977 2845 L.
1102 2808 1121 2835 h
1142 2811 1282 2858 xxxii]
1307 2809 1368 2847 Sic
1389 2810 1434 2846 L.
1466 2812 1617 2856 triginta
1638 2811 1791 2857 quinque

332 2863 541 2899 Putschius.
639 2861 650 2888 i
672 2867 798 2899 ΞΕΙΝΕ
816 2868 906 2898 TON
930 2868 1154 2899 ΑΡΧΕΒΡΟΤ
1175 2868 1322 2899 ΤΑΦΟΝ
1347 2864 1402 2898 L..
1514 2861 1533 2888 k
1555 2863 1600 2898 de
1621 2864 1708 2911 qua]
1731 2864 1792 2899 secl

330 2929 439 2962 quam
460 2916 505 2952 L.
