1962 3355
343 206 437 243 314
801 198 947 244 Atilii
970 198 1310 244 Fortunatiani
1626 212 1734 242 PAR.
1761 212 1792 241 1.

346 319 482 365 metri
519 328 714 383 rgenere
750 320 888 365 unius
935 319 1139 373 iambici,
1179 320 1291 380 quia
1327 335 1398 363 res
1441 317 1675 380 exigebat,
1710 334 1796 361 nos

345 413 429 442 suo
453 396 557 442 loco
582 396 803 442 diximus.
859 396 957 442 Hic
982 404 1143 441 auctor
1168 395 1462 439 Strimetrum
1489 401 1710 439 scazonta
1734 392 1798 437 fe-

345 472 425 528 cit,
451 471 497 518 id
522 482 606 526 est,
631 472 973 518 claudicantem
994 490 1002 516 :
1041 470 1174 531 cujus
1210 471 1285 515 lex
1322 469 1428 515 talis
1454 477 1537 523 est,
1562 477 1615 514 ut
1639 467 1798 531 proxi-

348 565 423 593 ma
448 548 630 594 ultimae
657 549 847 611 syllabae
873 548 1038 609 utique
1063 546 1121 591 sit
1144 546 1300 609 longa,
1323 553 1369 590 et
1393 562 1478 608 pro
1499 545 1659 590 iambo
1679 544 1799 608 pede

345 642 503 670 versus
545 624 755 687 spondeo
793 623 985 668 finiatur
1025 632 1106 668 aut
1143 623 1376 675 trochaeo3
1415 622 1640 683 quoniam
1679 620 1799 666 nihil

310 717 325 736 2
346 700 554 755 interest,
579 699 834 745 novissima
870 698 1050 761 syllaba
1074 699 1225 744 brevis
1263 716 1320 744 an
1351 698 1492 761 longa
1516 697 1588 744 sit.
1649 697 1798 759 Cujus

345 777 638 839 exemplum,

572 851 685 892 Sella
706 851 749 889 in
773 850 930 890 tem-uli
951 856 1114 891 struma
1135 851 1306 890 AVom'us
1326 850 1464 895 sedet,-

345 942 397 971 ac
422 942 506 988 pro
530 923 675 977 sedet,
699 923 836 977 sedit,
861 923 949 969 erit
973 941 1156 977 scazon,

573 1000 686 1040 Sella
708 1001 752 1039 in
773 1000 910 1039 curuli
930 1006 1093 1040 struma
1114 1000 1284 1039 iVom'us
1303 999 1421 1039 Sedit.

345 1094 502 1122 rursus
539 1076 886 1139 permutatione
926 1077 1175 1122 verborum
1213 1086 1258 1122 et
1297 1077 1423 1123 hunc
1458 1076 1598 1122 faciet
1634 1076 1802 1122 iambi-

346 1170 471 1210 cum,
496 1162 543 1198 et
568 1153 700 1197 illum
730 1162 965 1207 scazonta‚

571 1229 662 1268 Νεε
682 1230 890 1268 excitatur
910 1229 1078 1269 classico
1099 1231 1206 1270 truci
1229 1230 1356 1270 miles.

346 1303 437 1349 hoc
474 1311 632 1348 autem
672 1302 736 1348 ita
773 1303 872 1348 fieri
914 1304 1285 1361 observabimus,
1321 1303 1357 1349 si
1397 1311 1478 1349 aut
1516 1302 1669 1349 ultimi
1707 1302 1802 1349 duo

345 1379 488 1443 pedes
522 1396 577 1424 ex
618 1378 893 1441 “disyllabis
930 1380 1158 1426 absolutis
1195 1380 1348 1426 verbis
1385 1380 1684 1434 constabunt,
1721 1387 1803 1425 aut

347 1465 542 1517 quartus
579 1455 781 1517 semipes
817 1456 1046 1519 posterior
1073 1474 1182 1502 cum
1212 1457 1529 1518 Winsequente
1567 1455 1687 1518 pede
1722 1455 1804 1501 tri-

349 1533 581 1596 syllabum
604 1532 788 1595 perficit
805 1532 1019 1589 verbum,
1035 1541 1261 1594 tanquam
1281 1531 1469 1578 [Vom'us
1489 1553 1503 1585 ,-
1532 1532 1697 1594 utique
1723 1549 1803 1578 au-

346 1617 444 1654 tem
464 1618 621 1654 sextus
643 1626 723 1671 pes
744 1608 1009 1671 perfectum
1026 1608 1198 1654 habeat
1217 1608 1554 1671 xdisyllabum,
1573 1619 1800 1671 tanquam

307 1704 325 1732 3
345 1683 669 1749 ysedit‚fecit‚
696 1685 831 1730 dixit.
879 1684 970 1730 Sed
998 1702 1106 1731 cum
1127 1684 1263 1731 facile
1289 1694 1441 1731 rectus
1466 1684 1700 1731 iambicus
1725 1684 1806 1730 ad-

348 1762 505 1807 mittat
530 1762 697 1823 quinto
722 1761 825 1807 loco
845 1761 1125 1824 spondeum,
1155 1762 1232 1807 hie
1252 1779 1423 1807 scazon
1448 1761 1682 1825 pessimus
1701 1761 1804 1818 erit,

348 1839 428 1901 qui
456 1838 672 1884 habuerit
705 1837 850 1883 alium
877 1837 1044 1900 quinto
1070 1839 1174 1883 loco
1200 1855 1342 1900 quam
1381 1837 1671 1892 iambicum3
1709 1854 1805 1899 quo

347 1926 508 1961 tamen
546 1914 645 1960 sine
675 1913 899 1977 religione
934 1932 1044 1960 usus
1069 1925 1141 1960 est
1166 1914 1445 1979 Hipponax.
1503 1914 1621 1976 Ejus
1645 1931 1808 1960 exem-

351 1993 504 2055 plum,

576 2067 666 2106 IVec
686 2068 896 2107 &vitatur
915 2068 1083 2107 classico
1104 2068 1220 2108 miles
1240 2083 1380 2108 rauco.

350 2161 366 2181 Ζ
376 2151 506 2197 Nam
535 2150 569 2195 si
597 2149 776 2206 feceris,

578 2238 668 2277 Nec
687 2238 894 2277 eoecitatur
914 2237 1082 2278 clas-sico
1096 2240 1221 2294 pedes
1244 2254 1382 2279 rauco.

351 2332 642 2397 probabilem
692 2331 833 2377 facies
881 2332 1220 2389 choliambum,
1262 2333 1319 2379 de
1363 2351 1457 2395 quo
1504 2334 1636 2396 plura
1679 2332 1806 2379 alias.

316 2410 487 2458 4Idem
528 2408 639 2454 fecit
677 2407 940 2471 Hipponax
979 2409 1023 2454 in
1063 2419 1283 2456 scazonte
1317 2410 1544 2473 quadrato
1581 2409 1707 2472 quod
1755 2409 1804 2455 in

354 2487 584 2541 trimetro,
609 2484 742 2546 cujus
767 2484 1041 2546 exemplum
1070 2496 1154 2542 est,

409 2630 424 2649 ¹·
441 2635 570 2669 genere
590 2624 695 2657 unius
714 2621 870 2667 iambici]
894 2623 997 2656 unius
1018 2624 1165 2659 iambico
1183 2637 1312 2669 genere
1331 2625 1381 2661 V.
1549 2631 1562 2650 S
1584 2625 1802 2672 trimetrum]

1579 2677 1691 2699 struma

358 2712 542 2746 trimetron
566 2709 609 2743 V.
787 2711 797 2729 ¹
825 2709 941 2742 curuli
960 2713 1098 2743 struma
1121 2710 1260 2745 Nonius
1279 2712 1392 2758 sedet]
1427 2713 1544 2747 curuli
1563 2712 1697 2747 semina
1717 2711 1808 2745 sedit

359 2764 498 2799 Nonius
519 2762 565 2798 V.
588 2760 649 2810 qui
671 2774 757 2796 mox
779 2773 854 2795 om,
876 2774 918 2796 ac
933 2774 1001 2808 pro
1015 2763 1368 2801 ‚cedet—iambicum.
1509 2771 1528 2789 V
1547 2763 1710 2812 syllabis]
1736 2764 1804 2798 dis-

356 2817 501 2863 syllabis
522 2815 567 2850 V.
677 2821 704 2838 w
724 2815 905 2861 sequente]
927 2821 1092 2861 sequente
1108 2818 1197 2863 pede
1217 2817 1264 2853 V.
1387 2824 1408 2843 X
1428 2817 1658 2865 disyllabum]
1684 2817 1808 2863 dissyl-

358 2870 461 2905 labon
479 2868 525 2903 V.
661 2874 681 2901 Y
699 2867 813 2913 sedet]
836 2870 927 2903 sedit
949 2868 993 2903 V.
1126 2876 1144 2894 z
1165 2870 1261 2906 Nam
1280 2871 1470 2920 sifeceris]
1496 2873 1548 2907 At
1566 2873 1595 2907 si
1602 2871 1739 2920 fecerit
1762 2870 1805 2905 V.

356 2924 448 2958 Mox
468 2921 701 2956 clmliamlmm
725 2919 806 2956 dedi
830 2934 896 2969 pro
916 2922 1168 2966 choriambum.
