1962 3355
110 231 217 264 CAP.
238 228 281 275 9.
465 217 548 263 De
571 222 723 262 metro
748 216 908 262 Ionica
932 216 1008 263 ἀπὸ
1034 218 1262 268 ἐλάσσονος.
1472 226 1559 277 127

305 337 524 399 Paphias
548 354 681 383 amor
706 336 956 384 columbas.

108 414 234 459 Nam
263 432 378 469 mor,
403 413 621 460 secundae
647 413 994 476 conjugationis
1018 413 1209 460 initialis
1236 414 1431 476 syllaba,
1457 433 1562 477 quae

110 491 260 536 brcvis
298 500 477 547 natura,
502 499 666 554 utpote
691 490 737 535 in
764 490 921 536 ionico
947 507 971 534 a
1006 490 1202 546 minore,
1231 507 1331 535 esse
1356 489 1562 545 deberet,

108 566 316 612 derivato
342 568 387 612 in
416 585 463 613 se
484 566 734 630 superioris
756 566 948 628 syllabae
966 574 1180 629 tempore
1199 566 1420 613 ἀνακλάσει
1442 567 1564 614 inter

109 644 325 705 syzygias
351 643 488 699 facta,
512 643 800 689 trochaicam
841 642 971 688 basin
1010 643 1166 689 ionico
1203 643 1430 700 subdidit,
1458 661 1563 706 quae

110 719 232 764 basis
259 719 546 765 vsecundum
578 728 797 780 utrasque.
824 719 1057 782 syzygias,
1082 720 1128 765 id
1155 728 1224 765 est
1247 720 1488 783 Wprimam
1517 731 1564 766 et

108 795 381 852 secundam,
414 797 501 842 sub
540 796 627 843 hac
664 796 767 858 lege
792 795 1066 842 versabitur.
1135 797 1204 841 At
1227 797 1356 842 Juba
1392 806 1600 853 noste—138

107 872 188 934 qui
215 872 335 918 inter
360 873 580 919 metricos
607 873 935 919 auctoritatem
973 872 1139 935 primae
1174 872 1452 919 eruditionis
1480 874 1564 919 ob-

107 949 266 1006 tinuit,
294 949 513 995 insistens
552 948 801 995 Heliodori
833 948 1057 1012 vestigiis,
1093 949 1171 1011 qui
1210 949 1332 995 inter
1368 950 1564 995 Graecos

109 1025 307 1087 hujusce
344 1025 454 1072 artis
491 1025 683 1071 antistes
722 1034 803 1071 aut
835 1025 1017 1088 primus
1050 1035 1130 1070 aut
1161 1026 1285 1070 solus
1312 1035 1397 1082 est,
1423 1035 1565 1088 negat

110 1102 199 1148 hoc
223 1102 391 1148 vitium
423 1110 476 1147 ut
501 1101 695 1163 quidam
733 1114 944 1148 asserunt
980 1101 1307 1164 rhythmicum
1346 1102 1458 1156 fore,
1483 1102 1562 1148 sed

109 1195 247 1240 mage
273 1176 467 1222 metrica
491 1177 670 1222 ratione
695 1177 982 1239 contingere,
1007 1176 1134 1239 quod
1161 1195 1242 1239 per
1267 1178 1498 1235 ἐπιπλοκὰς,
1518 1178 1564 1224 id

108 1262 178 1298 cst
204 1262 462 1298 metrorum
488 1252 611 1298 inter
633 1271 680 1297 se
705 1253 1045 1315 amplexiones,
1066 1264 1115 1298 ut
1136 1270 1275 1315 supra
1300 1253 1567 1309 docuimus,

109 1330 388 1392 plerun1que
414 1329 585 1374 evenit.
632 1328 760 1374 Nam
793 1330 1004 1391 τετραὸικὴ
1034 1330 1226 1384 ἐπιπλοκὴ
1252 1337 1298 1374 et
1323 1330 1498 1386 δυαδικῆ,
1519 1330 1563 1375 id
1583 1351 1603 1379 9

108 1415 178 1451 cst
196 1405 436 1468 Xquadrua
460 1414 505 1451 et
530 1405 711 1451 binaria
735 1404 992 1468 amplexi0‚
1011 1405 1124 1450 huic
1149 1405 1317 1461 versui,
1341 1405 1422 1467 qui
1447 1406 1568 1451 ioni-

109 1500 190 1528 cus
225 1481 494 1542 ἀνακλώμενος
517 1490 726 1539 vocatur,
751 1480 1072 1527 diversitatem
1099 1481 1468 1544 varietatemque
1502 1482 1568 1528 fe-

109 1566 291 1604 cerunt.
361 1558 554 1604 Etenim
595 1557 898 1621 antispastica
935 1566 980 1602 et
1013 1557 1336 1603 choriambica
1372 1568 1419 1604 et
1443 1567 1568 1604 utra-

109 1652 202 1696 que
240 1634 394 1680 ionica
433 1643 583 1680 metra
620 1633 678 1679 de
720 1634 896 1696 quadra
934 1634 1235 1697 amplexione
1273 1635 1566 1681 subsistunt:

108 1710 313 1756 iambica
361 1728 470 1755 vero
527 1719 574 1755 et
619 1710 872 1764 trochaica,
923 1711 1045 1756 sicut
1103 1728 1242 1772 supra
1300 1711 1568 1767 docuimus,

108 1786 312 1832 Yduaria.
360 1786 534 1832 Evenit
560 1796 718 1832 autem
744 1795 823 1833 zut
845 1786 1168 1832 choriambica
1193 1796 1240 1832 et
1265 1787 1568 1850 antispastica

109 1863 326 1909 iambicis
363 1863 794 1926 conjugationibus,
832 1863 996 1908 ionicis
1030 1879 1138 1908 vero
1171 1862 1436 1918 trochaicae,
1462 1880 1567 1924 quae

111 1948 221 1984 sunt
244 1938 532 1985 diversarum
559 1939 934 2002 amplexionum‚
956 1938 1255 1984 misceantur.
1327 1938 1469 1985 Unde
1494 1956 1568 1984 ac·
1591 1964 1630 1984 10

111 2015 226 2061 cidit
250 2024 301 2062 ut
326 2015 604 2062 confusione
640 2032 802 2060 eorum
840 2023 1117 2069 metrorum,
1142 2031 1250 2077 quae
1281 2032 1337 2060 ex
1373 2015 1568 2061 diversis

111 2091 493 2154 amplexionibus
530 2090 858 2146 informantur,
885 2090 1159 2153 hujusmodi
1193 2090 1314 2136 inter
1350 2091 1568 2155 syzygias

110 2169 266 2232 passio
292 2168 387 2214 sive
412 2167 705 2224 communio,
734 2185 839 2230 quae
863 2168 1086 2219 ἀνάκλασις
1116 2184 1141 2212 a
1167 2166 1359 2212 musicis
1384 2166 1571 2223 dicitur,

111 2244 280 2290 merito
305 2244 504 2301 eveniat>
530 2254 575 2289 et
601 2243 798 2290 varietas
824 2243 973 2289 versui
1012 2242 1070 2289 de
1096 2242 1453 2306 amplexionum
1483 2243 1571 2289 dif-

109 2320 306 2366 ferentia
344 2322 440 2366 flat.
510 2320 636 2366 Nam
675 2321 710 2366 si
746 2338 864 2383 puro
893 2320 1172 2366 choriambo
1198 2319 1400 2382 primam
1428 2319 1625 2366 decu-12

111 2398 197 2444 tias
235 2398 484 2460 syllabam,
510 2399 563 2442 fit
588 2414 731 2442 omne
756 2395 884 2458 quod
909 2396 1152 2442 residuum
1186 2405 1270 2451 est,
1298 2396 1504 2442 ionicum
1545 2416 1569 2443 a

112 2474 308 2520 minori:
346 2483 392 2520 et
417 2491 600 2519 rursum
629 2474 664 2519 si
689 2473 845 2519 ionico
864 2481 919 2519 aa
943 2472 1113 2519 minori
1141 2473 1322 2535 syllaba
1348 2491 1440 2519 una
1466 2492 1570 2521 mu-

110 2551 284 2605 tiletur,
304 2550 429 2613 quod
452 2558 663 2595 remanet
682 2549 1041 2613 antispasticum
1065 2548 1406 2612 deprehendas.
1443 2551 1565 2596 Item

111 2628 265 2674 ablata
304 2627 610 2690 antispastico
648 2627 801 2689 prima
843 2626 1022 2688 syllaba
1071 2625 1279 2671 ionicum
1331 2643 1355 2671 a
1405 2626 1568 2687 majori

164 2772 182 2789 v
203 2766 404 2801 secundum
436 2767 627 2815 utrasque]
654 2774 828 2814 utrasque
850 2764 889 2801 P.
1055 2773 1082 2791 W
1104 2767 1261 2815 primam
1284 2774 1322 2801 et
1343 2766 1565 2814 secundam]

112 2817 270 2866 primum
292 2827 330 2854 et
349 2819 553 2855 secundum
576 2820 615 2855 P.
728 2826 747 2845 Χ
766 2817 921 2867 quadra]
945 2819 1110 2866 quadrua
1130 2820 1169 2855 P.
1287 2826 1305 2853 y
1326 2818 1460 2854 duaria.
1484 2831 1570 2853 eve-

112 2870 183 2917 nit]
206 2871 344 2926 duat-ie.
364 2873 467 2908 venit
486 2873 525 2908 P.
664 2879 681 2897 z
703 2873 761 2919 ut]
786 2880 824 2907 et
845 2873 885 2908 P.
942 2871 1113 2908 Correxit
1133 2871 1378 2908 Camerarius
1513 2877 1531 2896 a
1551 2884 1571 2906 a

114 2935 264 2981 minori]
290 2935 422 2973 minori
446 2938 485 2973 P.
