1962 3355
120 239 224 269 CAP.
246 233 288 269 2.
536 222 620 268 De
642 222 808 268 metris
832 220 1138 267 Horatianis.
1476 229 1567 268 233

119 361 384 406 agnoscere.
454 342 583 405 Ergo
608 342 642 388 si
669 359 761 404 qua
787 358 908 387 nova
932 351 1082 388 metra
1119 341 1307 387 obviam
1345 342 1572 395 venerint,

118 419 334 465 similiter
363 418 691 465 discutientur.
762 417 890 464 Nam
929 435 1094 463 omnes
1126 417 1220 462 fere
1245 416 1346 462 odae
1379 417 1425 462 in
1465 418 1573 462 sub·
1593 436 1631 466 52

117 495 422 557 sequentibus
463 493 593 540 libris
629 493 794 539 iisdem
842 493 1001 539 metris
1047 492 1326 547 subsistunt,
1362 492 1572 556 exceptis

116 571 362 633 perpaucis
410 570 687 626 admodum,
728 589 753 615 e
800 570 905 632 quis
958 570 1004 614 in
1061 569 1268 615 secundo
1319 569 1436 614 libro
1483 568 1571 614 ode

116 654 296 703 ⁰XVI11‚
322 647 455 707 cujus
481 647 686 702 initium,

313 722 425 769 Νοη
450 723 566 769 ebur
589 739 742 786 neque
766 739 979 768 aureum.

113 797 241 843 Nam
268 815 445 844 novum
476 800 563 844 hoc
594 807 813 854 metrum,
832 797 890 843 de
914 815 1008 860 quo
1035 796 1243 843 nondum
1268 795 1391 860 apud
1414 796 1567 842 Hora-

113 873 232 919 tium
270 883 524 920 tractatum
563 884 649 932 est,
686 875 912 921 continet.
982 874 1070 919 Est
1113 882 1270 919 autem
1310 873 1368 918 ab
1408 873 1570 919 Alcaeo
1591 891 1628 921 53

115 959 362 1013 sumptum
399 951 706 997 Pchoriacum
744 950 1145 1013 heptasyllabum,
1170 949 1360 995 subdito
1392 948 1570 994 hende-

113 1026 353 1088 casyllabo
372 1026 578 1072 iambico
602 1026 926 1073 Archilochio.
1009 1025 1220 1079 Etenim,

311 1101 425 1147 lVon
449 1102 565 1147 ebm·
589 1118 740 1164 neque
765 1117 981 1154 aureum,

113 1178 200 1222 erit
218 1177 530 1233 trochaicum,
555 1176 910 1239 proepodicum,
929 1175 1202 1230 dimetrum,
1222 1176 1569 1231 catalecticum,

113 1252 238 1313 quod
265 1261 457 1315 accepta
482 1252 529 1297 in
556 1251 792 1314 principio
813 1250 939 1297 brevi
966 1251 1146 1314 syllaba
1171 1251 1431 1296 iambicum
1457 1269 1570 1314 cpo-

111 1327 227 1373 dum
253 1327 407 1383 faciet,
433 1327 514 1383 sic,

312 1404 398 1449 Da
421 1420 512 1449 non
539 1404 653 1449 ebur
678 1420 830 1466 neque
854 1419 1068 1448 aureum.

112 1479 381 1525 Penultima
406 1488 565 1525 autem
591 1479 801 1526 detracta
826 1479 1087 1542 phallicum
1114 1477 1291 1532 reddet,
1318 1479 1397 1533 ita,
1589 1504 1628 1532 54

310 1555 423 1601 Ivon
447 1556 564 1602 ebur
587 1565 768 1617 ‘lneque
792 1572 981 1601 aurum.

112 1631 358 1678 rDimetro
383 1650 492 1678 vero
517 1633 745 1686 subnexo,
772 1642 838 1689 ut,

241 1709 427 1756 Beatus
452 1709 534 1756 ille
559 1710 642 1773 qui
660 1709 847 1772 procul,
874 1727 964 1755 non
994 1709 1110 1755 ebur
1135 1726 1219 1754 nec
1243 1725 1459 1764 aureum,

111 1802 297 1831 versum
323 1785 456 1831 dabit
478 1803 536 1831 ex
562 1785 792 1848 quadrato
818 1785 1138 1848 conpositum.
1204 1786 1304 1830 Aut
1329 1785 1363 1829 si
1393 1803 1417 1829 e
1442 1784 1568 1847 prin—
1587 1807 1625 1836 55

112 1861 236 1924 cipio
277 1861 503 1908 creticum
549 1862 757 1906 retrahas
795 1878 885 1907 non
925 1861 1056 1914 ebur,
1089 1860 1222 1921 cujus
1271 1860 1406 1906 tertia
1445 1860 1569 1923 posi-

111 1937 240 1982 tione
276 1937 417 1999 longa
453 1947 538 1993 est,
564 1937 779 1999 sequitur
814 1937 940 1982 enim
967 1944 1022 1981 s„
1050 1936 1218 1989 littera,
1246 1936 1332 1981 erit
1369 1936 1567 1981 trimetri

112 2003 302 2059 iambici
338 2014 492 2077 prima
528 2014 682 2078 portio
719 2031 803 2059 nec
828 2030 1041 2059 aureum.
1112 2012 1374 2074 Insequcns
1409 2021 1565 2058 autem
1588 2028 1628 2067 56

110 2106 270 2136 versus
295 2100 500 2136 metrum
543 2091 685 2136 habet
710 2089 969 2136 iambicum
996 2089 1325 2134 catalecticum
1354 2088 1569 2134 Archilo-

111 2166 292 2223 chium,
318 2166 397 2220 ita,

308 2241 425 2288 Mea
450 2242 636 2288 renidet
661 2242 707 2288 in
734 2242 867 2287 domo
894 2240 1108 2286 lacunar.

109 2306 255 2364 Nam,

306 2372 371 2418 M
376 2390 431 2420 ea
456 2373 641 2419 renidet
666 2373 713 2418 in
740 2372 888 2428 domo,

110 2447 364 2494 dimetrum
404 2458 489 2505 est,
526 2448 729 2495 lacunar
771 2447 1018 2494 claudicat.
1091 2447 1253 2507 Hujus
1289 2447 1564 2509 exemplum

110 2523 233 2585 apud
260 2524 464 2571 eundem
489 2534 574 2580 est,

319 2600 630 2663 Tralzuntqzce
653 2601 804 2646 siccas·
829 2599 1053 2646 machinae
1079 2600 1298 2645 carinas:

109 2691 204 2736 quo
238 2684 389 2721 metro
421 2678 564 2723 semel
591 2686 778 2723 tantum
805 2693 917 2722 usus
942 2685 1027 2721 est.
1098 2674 1284 2721 Feritur
1317 2674 1441 2737 prior
1464 2693 1564 2721 ver-
1584 2697 1622 2728 57

110 2767 187 2796 sus
229 2749 506 2806 ditrochaeO,
546 2752 716 2798 deinde
757 2752 948 2814 dactylo
989 2752 1060 2797 vel
1114 2751 1458 2814 amphimacro,
1495 2769 1565 2797 se-

163 2889 182 2907 o
202 2883 321 2929 xv111]
345 2895 415 2918 xvl
438 2883 479 2918 P.
606 2890 625 2917 p
645 2883 879 2930 choriacmn]
904 2882 1198 2919 choriambicum
1221 2883 1261 2917 P.
1382 2888 1398 2914 ‘l
1423 2881 1559 2929 neque]

111 2947 179 2972 nec
200 2936 238 2971 P.
350 2942 366 2961 ¹·
388 2934 575 2982 Dimetro]
600 2935 785 2972 Trimetro
807 2938 846 2972 P.
958 2942 972 2961 S
993 2937 1032 2982 η]
1057 2948 1132 2982 ¹199
1154 2938 1205 2971 sic
1227 2935 1267 2970 P.

798 2998 888 3043 Hh
