1962 3355
353 195 415 242 64
869 196 1031 243 Marii
1058 196 1298 244 Victorini
1651 215 1748 246 ΠΒ.
1775 216 1807 247 1.

354 317 483 362 tione
523 317 809 380 syllabarum
846 319 988 364 simul
1029 337 1082 364 ac
1122 330 1391 381 temporum
1432 329 1735 383 propagatus,
1759 321 1807 367 in

355 394 622 456 trisyllabos
658 394 800 457 pedes
836 407 944 441 octo
981 395 1221 457 processit,
1247 395 1344 456 qui,
1379 397 1475 458 pari
1515 398 1694 442 ratione
1731 397 1810 442 ad-

355 480 614 516 crescentes
640 471 966 533 tetrasyllabos
999 487 1055 515 ex
1093 487 1141 514 se
1178 471 1420 532 geminato
1455 472 1807 534 trisyllaborum

296 570 336 599 57
357 564 553 592 numero
586 563 676 593 XVI
719 547 978 592 ediderunt.
1051 545 1233 592 Rursus
1259 555 1380 592 UXVI
1419 548 1709 610 tetrasyllabi
1747 548 1810 593 si-

356 624 471 680 mili,
497 633 548 669 ut
573 624 848 687 superiores,
873 622 1208 684 geminatione,
1235 622 1426 685 triginta
1462 633 1508 669 et
1541 623 1634 669 duo
1666 641 1724 669 ex
1762 642 1810 670 se

355 700 613 753 schemata,
640 699 684 744 id
711 708 794 754 est,
821 699 1125 760 figurationes
1159 698 1333 762 pedum
1371 700 1807 763 pentasyllaborum

297 775 670 827 581·eddiderunt.
742 774 811 820 Hi
837 792 1024 837 quoque
1049 775 1162 821 dum
1192 793 1275 838 per
1299 776 1516 840 syllabas,
1540 786 1593 823 ut
1618 777 1810 840 prioreS‚

356 864 589 915 augentur
614 869 666 897 ac
691 861 922 914 tempora,
950 851 1282 916 hexasyllabos
1319 852 1462 916 pedes
1495 853 1593 915 pari
1629 852 1810 898 ratione

354 929 400 974 in
441 928 764 974 schematibus
798 928 1042 990 sexaginta
1074 938 1121 973 et
1156 939 1378 990 quattuor
1414 928 1555 974 simili
1598 928 1811 991 duplica-

357 1006 485 1050 tione
510 1004 838 1067 protulerunt:
875 1003 941 1048 ita
975 1013 1026 1048 ut
1063 1021 1248 1050 summa
1291 1005 1504 1050 omniun]
1533 1004 1588 1050 ad
1617 1014 1809 1050 centum

353 1081 518 1143 viginti
547 1089 594 1125 et
614 1089 837 1142 quattuor
862 1079 1004 1143 pedes
1032 1079 1219 1126 redacta
1247 1081 1356 1127 Wsit.
1405 1081 1479 1127 Ita
1500 1090 1551 1127 ut
1571 1080 1810 1143 simplices

355 1174 554 1202 numero
586 1156 854 1213 duodecim,
880 1157 1131 1219 compositi
1159 1167 1350 1203 centum
1376 1167 1425 1202 et
1448 1157 1699 1203 duodecim
1728 1156 1811 1202 ha-

297 1247 336 1278 59
357 1233 571 1278 beantur.
644 1233 713 1280 Hi
751 1243 907 1279 autem
945 1233 1156 1294 ejusdem
1198 1233 1318 1278 inter
1353 1251 1400 1278 se
1428 1251 1658 1279 mensurae
1688 1242 1811 1289 sunt,

356 1318 436 1354 aut
503 1310 718 1373 sescuplo
776 1319 799 1339 x
821 1320 1047 1356 anteeunt
1094 1318 1174 1355 aut
1229 1308 1390 1372 duplo.
1500 1309 1575 1355 Ex
1637 1309 1810 1371 quibus

357 1386 506 1448 magis
535 1386 657 1431 mele
690 1396 736 1432 et
771 1386 987 1450 rhythmi
1024 1385 1278 1449 lyricorum
1322 1385 1639 1440 modulorum,
1665 1403 1808 1447 quam

296 1475 337 1506 60
356 1473 505 1507 metra
526 1462 715 1509 formari
743 1472 980 1527 poterunt.
1034 1462 1282 1525 Incipiunt
1307 1471 1463 1507 autem
1492 1472 1538 1508 et
1563 1461 1811 1525 porrigun-

355 1547 431 1584 tur
481 1549 696 1602 tempora
749 1540 795 1585 in
850 1539 1192 1603 pentasyllabis
1238 1556 1262 1584 a
1304 1539 1516 1600 quinque
1561 1555 1711 1600 usque
1754 1536 1811 1583 ad

354 1614 535 1671 decem,
560 1614 605 1660 id
632 1624 715 1672 est,
742 1634 765 1661 a
791 1625 1069 1679 pentasemo
1105 1614 1163 1660 ad
1200 1614 1501 1660 decasemum
1539 1620 1698 1679 χρονικῇ
1734 1635 1813 1659 πα-

351 1693 553 1753 ραυξήσει,
591 1702 643 1738 ut
679 1692 738 1737 sit
779 1702 1096 1754 pentasemus,
1124 1690 1498 1753 Philopolemus,
1533 1710 1557 1737 e
1600 1691 1812 1753 quinque

295 1778 330 1809 61
356 1768 575 1814 brevibus
601 1785 629 1814 α
655 1785 682 1813 α
709 1785 737 1813 α
762 1786 790 1814 (ι
816 1785 859 1814 α.
918 1768 1211 1814 Decasemus
1238 1777 1393 1813 autem
1422 1786 1446 1813 e
1473 1768 1682 1831 quinque
1707 1768 1812 1813 lon-

354 1845 440 1907 giS,
469 1855 519 1891 ut
540 1845 882 1899 Atrooeiclides,
904 1846 1037 1906 cujus
1071 1863 1222 1891 canon
1249 1862 1332 1908 per
1364 1845 1576 1907 quinque
1603 1845 1628 1891 b
1649 1845 1674 1891 b
1695 1845 1720 1891 b
1740 1844 1765 1890 b
1787 1844 1813 1891 b

355 1922 631 1983 signabitur.
701 1922 824 1968 Item
864 1921 1155 1985 hexasyllabi
1185 1922 1242 1966 ab
1269 1921 1525 1966 hexasemo
1550 1921 1606 1967 ad
1633 1921 1811 1967 duode-

354 2015 594 2044 casemum
636 2004 796 2063 χρονικῇ
833 2000 1089 2061 παραυξήσει,
1122 2008 1173 2044 ut
1210 1997 1630 2060 Menelaophorus,
1666 2016 1691 2043 e
1730 2014 1814 2043 sex

355 2074 590 2130 brevibus,
616 2074 756 2135 hujus
783 2092 949 2129 canon,
979 2091 1006 2119 α
1033 2091 1060 2119 α
1087 2090 1115 2119 α
1140 2091 1168 2119 α
1194 2090 1222 2119 α
1247 2089 1293 2128 α,
1321 2074 1399 2135 qui
1427 2085 1498 2119 est
1522 2074 1699 2138 duplex
1734 2073 1814 2119 tri-

295 2156 333 2187 62
355 2149 571 2195 braehus.
640 2149 775 2194 Alter
806 2168 831 2195 e
863 2167 943 2195 sex
982 2150 1134 2212 longis
1174 2150 1347 2211 quibus
1389 2159 1604 2212 tempora
1636 2149 1814 2195 duode-

354 2224 445 2270 cim
487 2225 765 2282 subsistunt,
802 2235 853 2271 ut
881 2224 1370 2282 Callistoclzermedes,
1408 2226 1488 2287 qui
1527 2234 1599 2271 est
1635 2225 1812 2289 duplex

354 2300 602 2358 molossus,
626 2310 709 2347 yet
733 2301 824 2347 hoc
849 2319 1028 2348 canone
1066 2301 1328 2364 signabitur
1352 2302 1377 2348 b
1403 2301 1428 2347 b
1454 2302 1480 2348 b
1506 2301 1531 2347 b
1557 2302 1582 2348 b
1609 2302 1650 2359 b,
1677 2311 1728 2348 ut
1753 2302 1814 2348 sit

354 2377 742 2424 duodecasemus.

295 2464 335 2503 63
421 2452 535 2499 Non
571 2470 713 2516 parva
749 2464 909 2500 autem
946 2454 992 2500 in
1017 2454 1357 2518 pentasyllabis
1383 2453 1660 2517 copulandis
1685 2473 1814 2518 quae-

356 2528 444 2574 stio
470 2538 553 2583 est,
580 2546 672 2590 qua
708 2530 998 2592 colliguntur
1033 2530 1307 2577 differentiae
1343 2532 1632 2594 figurarum3
1682 2549 1815 2577 narn-

355 2622 447 2668 que
483 2605 676 2651 interest
724 2606 928 2651 mediam
969 2607 1201 2670 syllabam
1243 2607 1317 2653 cui
1361 2606 1481 2670 parti
1521 2607 1634 2653 velis
1674 2607 1816 2654 adne-

297 2693 339 2731 64
356 2691 494 2727 ctere.
564 2681 709 2726 Aliud
748 2692 818 2728 est
849 2683 975 2728 enim
1009 2683 1045 2728 si
1071 2682 1253 2730 duabus
1287 2682 1661 2747 praecedentibus
1696 2683 1817 2730 soci-

358 2767 432 2803 ata
478 2757 622 2803 faciat
663 2757 1052 2819 conjunctionem
1098 2777 1157 2805 ex
1197 2759 1443 2823 trisyllabo
1484 2767 1532 2805 et
1567 2758 1815 2822 disyllabo,

411 2881 432 2900 u
452 2873 545 2921 xm]
568 2887 638 2910 xm
660 2875 699 2911 P.
810 2882 838 2899 w
859 2875 924 2921 sit]
949 2882 1005 2910 est
1025 2875 1066 2911 P.
1177 2882 1197 2901 X
1219 2876 1392 2923 anteunt]
1416 2883 1567 2912 anteum
1590 2875 1630 2911 P.
1739 2882 1759 2911 Y
1778 2882 1816 2911 et

357 2927 446 2974 hoc]
468 2928 539 2964 hoc
558 2928 597 2963 P.
