1962 3355
146 190 251 222 CAP.
271 185 317 233 9.
567 172 651 219 De
667 171 903 235 poematis
921 170 1194 235 generibus.
1507 180 1598 218 455

146 294 268 341 sicut
291 293 338 340 in
364 292 579 340 chorum.
644 291 701 338 In
727 291 895 338 Graeco
919 289 1132 337 dramate
1156 289 1252 336 fere
1276 297 1368 335 tres
1393 306 1604 352 personae

146 372 256 417 solae
289 379 451 434 agunt.
520 369 734 431 Ideoque
773 367 1002 416 Horatius
1040 366 1121 423 ait,
1144 383 1230 412 nec
1264 372 1440 429 quarta
1477 365 1606 429 loqui

140 464 351 509 persona
394 446 591 501 laboret,
642 445 754 508 quia
805 453 971 507 quarta
1024 459 1211 506 semper
1262 451 1282 470 ¹³
1301 451 1447 488 muta.
1538 442 1605 488 At

146 522 305 568 Latini
344 523 592 586 scriptores
626 522 893 586 complures
941 537 1162 584 personas
1202 519 1249 564 in
1286 518 1467 564 fabulas
1504 519 1606 564 oin—

146 598 476 655 troduxerunt,
495 608 549 645 ut
573 598 875 662 speciosiores
894 596 1159 660 frequentia
1184 595 1406 642 facerent.

214 674 428 737 Satyrica
464 685 535 722 est
571 674 694 739 apud
730 675 921 721 Graeeos
954 674 1129 730 fabula,
1155 673 1202 718 in
1240 690 1334 735 qua
1369 672 1482 718 item
1516 681 1607 718 tra-

147 749 239 813 gici
269 761 434 814 poetae,
459 770 551 797 non
579 752 774 797 Pheroas
808 759 888 797 aut
922 768 1070 813 regeS‚
1095 749 1174 795 sed
1200 758 1380 812 satyros
1406 748 1608 795 induxe-

147 834 272 882 runt,
304 826 497 873 ludendi
534 837 705 874 qcausa
733 826 1023 890 jocandique
1061 827 1217 882 simul,
1254 835 1334 873 ¹'ut
1372 835 1608 890 spectator

148 903 271 949 inter
307 921 377 949 res
418 904 618 968 tragicas
656 904 894 966 seriasque
928 913 1194 967 satyrorum
1233 912 1450 966 squoque
1483 903 1606 966 jocis

148 988 196 1025 et
220 979 401 1026 lusibus
427 980 754 1036 delectaretur,
780 989 875 1027 ⁵⁵ut
899 989 946 1027 et
972 980 1202 1026 Horatius
1239 983 1384 1027 sentit
1410 980 1482 1026 his
1507 997 1607 1026 ver-

148 1055 304 1101 sibus:

264 1149 464 1189 Carmine
483 1150 554 1204 qui
576 1150 740 1205 tragico
762 1149 883 1188 vilem
903 1150 1079 1189 certavit
1098 1150 1144 1190 ob
1165 1150 1342 1199 hircum,

262 1217 390 1257 tMooe
409 1217 533 1257 etiam
555 1223 742 1273 agrestes
763 1223 928 1272 Satyros
949 1217 1168 1266 manicavit,
1192 1224 1229 1257 et
1249 1231 1374 1272 asper

263 1285 469 1325 Incolumi
483 1286 705 1340 gravitate
711 1285 858 1339 jocum
880 1285 1070 1331 tentavit,
1093 1298 1137 1323 eo
1158 1284 1266 1339 qnod

262 1352 471 1391 Illecebris
488 1357 580 1392 erat
599 1357 674 1392 wet
689 1357 825 1407 grata
845 1352 1029 1391 novitate
1049 1350 1277 1390 morandus

262 1420 495 1474 Spectator.

215 1520 402 1566 Mimus
444 1529 515 1567 est
554 1519 783 1566 sermonis
824 1519 1078 1582 cujuslibet
1120 1516 1277 1566 mot-us
1331 1521 1432 1567 sine
1480 1539 1608 1569 reve-

148 1597 312 1652 rentia,
356 1597 428 1643 vel
470 1596 736 1643 Xfactorum
779 1605 827 1643 et
869 1597 1079 1660 turpium
1119 1615 1227 1644 cum
1269 1597 1459 1644 lascivia
1503 1598 1611 1644 imi-

150 1674 281 1719 tatio.
350 1674 393 1719 A
421 1674 600 1720 Graecis
627 1674 689 1720 ita
715 1673 962 1720 definitus:
1001 1673 1142 1734 Μῖμος
1166 1674 1275 1720 ’ἔστιν
1303 1672 1479 1735 μίμησις
1503 1675 1610 1732 βίον,

150 1751 203 1795 Τά
238 1772 282 1795 ΤΕ
324 1751 660 1813 συγκεχωρημένα
706 1748 773 1795 Καὶ
814 1749 1087 1813 ἀσυγχώρητα
1132 1751 1334 1813 περιέχων.
1421 1751 1608 1797 Riimus

151 1825 307 1872 dictus
342 1826 449 1888 παρὰ
485 1825 529 1871 τὸ
563 1831 791 1887 μιμεῖσθαι,
829 1826 960 1887 quasi
1001 1827 1126 1872 solus
1164 1827 1391 1883 imitetur,
1416 1845 1525 1873 cum
1563 1838 1610 1873 et

151 1902 240 1948 alia
278 1912 500 1966 poemata
535 1901 660 1947 idem
690 1902 890 1955 faciaut3
929 1901 1006 1947 sed
1042 1902 1166 1948 solus
1192 1903 1325 1964 quasi
1364 1903 1610 1968 privilegio

151 1979 357 2042 quodam
402 1978 528 2042 quod
561 1979 654 2025 fuit
688 1997 945 2025 commune
982 1978 1205 2043 possedit.
1275 1980 1505 2027 Similiter
1539 1990 1607 2027 at-

206 2153 225 2171 Π
247 2155 361 2182 muta.
392 2149 446 2195 at]
479 2152 598 2182 <mutat
617 2147 662 2182 B.
720 2146 813 2182 Inde
845 2145 1040 2195 Scioppius
1071 2152 1218 2182 mussat.
1275 2147 1369 2183 Mox
1395 2160 1438 2183 ac
1458 2147 1552 2183 Ven.
1573 2155 1610 2184 et

151 2199 310 2246 §pl-ures.
441 2207 459 2225 0
480 2200 736 2248 introduxere]
762 2201 1038 2236 introduxerunt
1056 2201 1101 2235 A.
1122 2201 1388 2236 z‘ntroduoeerz'nt
1409 2202 1451 2237 B.
1509 2201 1608 2237 Tum

150 2255 379 2299 spatiosiores
399 2254 432 2288 V
435 2267 495 2290 en.
604 2260 624 2288 P
647 2266 748 2303 reges
769 2261 830 2289 aut
852 2253 998 2300 heroas]
1024 2254 1151 2289 heroas
1166 2259 1231 2289 aut
1251 2266 1350 2301 reges
1365 2254 1504 2290 A.B.C.
1525 2267 1555 2290 r.
1577 2267 1609 2290 a.

152 2306 274 2342 heroes
293 2308 388 2343 Ven.
518 2313 537 2340 q
556 2319 688 2342 caussa
700 2306 946 2356 jocandique]
972 2320 1080 2342 causa
1092 2306 1244 2353 jocandi
1264 2308 1309 2343 A.
1430 2314 1446 2333 r
1464 2315 1608 2356 specta-

151 2367 211 2394 tor
229 2359 316 2406 iter]
342 2365 552 2408 expectatur
572 2362 665 2395 inter
686 2361 731 2395 B.
910 2366 925 2385 ⁵
945 2362 1110 2409 quoque]
1137 2373 1204 2408 que
1224 2361 1268 2397 A.
1433 2366 1466 2386 ss
1486 2368 1529 2396 ut
1549 2362 1604 2408 et]

152 2417 192 2447 ut
212 2413 306 2448 AB.
446 2413 460 2439 t
481 2426 566 2449 mox
586 2413 697 2450 etiam
719 2420 882 2463 agrestes
903 2422 1044 2463 satyros
1064 2413 1217 2450 nudavit
1236 2421 1273 2450 et
1297 2425 1404 2463 asper
1429 2413 1609 2450 incolumi

150 2464 332 2514 gravitate
346 2468 475 2515 jocum
497 2466 672 2513 tentavit]
696 2479 778 2502 mox
804 2472 838 2503 et
864 2480 887 2502 α
913 2473 1053 2515 satyros
1081 2469 1227 2503 novavit
1257 2472 1292 2503 et
1317 2479 1422 2515 asper
1444 2469 1611 2504 incolomi

154 2528 222 2565 Ioci
243 2532 430 2576 temptavit
450 2530 545 2566 A.B.
657 2537 674 2556 v
695 2530 866 2579 nudavit]
889 2525 1015 2568 &navit
1035 2532 1078 2568 C.
1099 2539 1138 2568 et
1157 2544 1243 2568 mox
1265 2533 1379 2567 locum
1395 2534 1558 2574 tentavit,
1573 2540 1610 2569 et

153 2582 206 2618 sic
229 2583 324 2618 Ven.
488 2590 517 2608 w
536 2591 574 2619 et
591 2591 696 2632 grata
716 2583 880 2621 novitate
902 2585 1103 2621 morandus
1124 2585 1330 2635 spectator]
1361 2591 1396 2621 et
1415 2587 1610 2622 novitatem

153 2648 272 2672 eorum
294 2641 478 2683 spectatur
497 2636 588 2672 ΑΒ.
619 2642 697 2672 erat
726 2643 760 2673 et
789 2640 949 2675 novitate
974 2641 1167 2675 movendus
1188 2639 1230 2674 C.
1257 2643 1438 2686 spectator
1467 2645 1545 2674 erat
1577 2644 1610 2675 et

152 2691 314 2725 novitate
335 2691 526 2725 movendus
544 2688 641 2725 Ven.
802 2697 823 2716 Χ
843 2691 1026 2728 factorum
1048 2705 1132 2728 cum
1154 2691 1317 2738 lascivia]
1329 2691 1521 2740 factorum
1546 2691 1609 2738 (al.

152 2755 337 2778 sacrorum
369 2744 410 2778 C.
444 2742 576 2792 marg.)
612 2747 645 2777 et
677 2744 835 2790 turpium
867 2757 945 2780 cum
977 2747 1125 2782 lascivia
1149 2745 1296 2782 A.B.C.
1366 2744 1482 2780 Addit
1511 2745 1556 2780 B.
1587 2757 1610 2780 α

151 2798 277 2843 grcecis
306 2798 355 2831 ica
384 2796 548 2844 definitus
579 2796 706 2831 mimus
731 2802 782 2832 est
810 2799 846 2832 in
868 2800 1018 2834 mimesz's
1039 2800 1097 2835 bia
1120 2804 1194 2834 tate
1212 2798 1552 2847 synchechoremena
1573 2810 1610 2833 oe

154 2863 177 2884 a
196 2851 408 2897 synclzoreta
424 2862 490 2896 per
512 2851 522 2884 ἱ
543 2849 662 2884 echon.
703 2851 829 2886 mimus
854 2852 970 2888 dictus
996 2864 1092 2898 para
1122 2858 1157 2888 to
1189 2851 1357 2888 ministlze
1385 2852 1488 2897 quasi
1515 2851 1611 2886 solus

154 2904 313 2938 ‘imitetur
333 2915 412 2939 eum.
433 2908 465 2938 et
486 2904 573 2938 alia.

1625 615 1665 646 26

1629 1544 1668 1574 ‘27
