1962 3355
168 184 274 215 CAP.
300 178 372 216 13.
556 169 639 213 De
662 167 849 214 nomine
871 182 1036 212 versus
1060 164 1246 210 heroici.
1521 162 1612 210 463

233 288 393 351 Pythii
427 288 593 334 retiam
632 287 764 349 origo
800 285 909 332 inde
951 294 1097 331 tracta
1135 292 1231 329 est:
1269 301 1356 329 nec
1391 283 1517 329 enim
1551 284 1619 330 vi-

164 364 300 410 detur
347 365 657 428 incongruum
699 363 955 409 sfabulosae
1003 360 1296 423 antiquitatis
1346 367 1619 406 commenta

164 440 454 504 depromere.
540 440 714 505 Apollo
755 456 863 485 cum
906 437 1128 501 Pythona
1172 435 1378 499 Delphis
1427 443 1619 498 propter

163 517 393 563 ultionem
423 517 582 563 matris
618 524 839 570 necasset,
867 514 1040 561 accolae
1075 513 1284 577 primum
1317 512 1487 557 timore
1519 529 1618 557 car-

167 610 272 638 men
303 593 544 640 heroicum
577 594 906 639 hexametrum
943 589 1080 636 initio
1120 605 1201 635 sex
1237 586 1456 652 spondeis
1489 605 1618 634 com-

163 669 370 732 positum
410 679 695 723 texuerunt3
734 667 904 715 deinde
930 667 1081 712 soluta
1115 664 1310 730 spondei
1345 664 1487 711 altera
1524 665 1617 728 syl-

164 746 287 802 laba,
334 746 432 792 sine
480 746 657 792 damno
702 743 926 807 temporis
968 742 1241 805 tdactylum
1287 758 1477 803 quoque
1515 757 1617 786 sus-

163 822 301 885 cepit.
374 822 582 874 Quidam
617 830 774 867 autem
811 820 993 877 dicunt,
1017 819 1277 864 iambicum
1316 817 1465 880 magis
1503 835 1615 880 gau-

161 897 240 942 dio
274 898 530 944 vsublevati
566 906 700 944 motu
734 897 870 943 celeri
905 895 1215 960 protulerunt.
1275 893 1444 939 Fertur
1471 893 1612 939 etiam

161 975 291 1021 Whoc
306 975 548 1021 heroicum
572 983 774 1021 metrum
795 973 895 1035 ejus
912 972 1109 1019 oraculis
1129 979 1291 1035 postea
1308 970 1615 1027 celebratum,

160 1060 238 1097 Xet
262 1069 319 1097 ex
348 1052 437 1097 hoc
461 1068 647 1097 versum
674 1050 833 1114 Pythii
862 1067 1037 1095 nomen
1061 1047 1341 1110 Yaccepisse.

226 1128 375 1174 zItem
398 1127 582 1191 Priapei
609 1136 733 1183 sunt,
753 1127 971 1189 quotiens
997 1125 1045 1171 in
1071 1125 1225 1188 primo
1249 1124 1354 1169 loco
1377 1123 1614 1186 spondeus

159 1205 367 1267 ponitur,
392 1213 438 1250 et
463 1204 509 1250 in
535 1214 702 1267 quarto
727 1213 774 1250 et
799 1204 844 1249 in
872 1211 1021 1256 sexto,
1047 1210 1100 1246 ut
1125 1199 1250 1264 apud
1275 1199 1548 1263 Virgilium,

329 1281 540 1336 Dffeez’sse
561 1281 685 1329 videt,
707 1293 785 1320 sua
791 1281 891 1334 jam
906 1278 1120 1334 promissa
1140 1277 1309 1332 reposci.

159 1352 301 1409 Item,

328 1429 625 1484 Immotamque
644 1429 720 1469 coli
741 1427 853 1468 dedit
872 1434 910 1468 et
929 1432 1183 1467 contemnere
1204 1431 1356 1466 ventos.

158 1500 300 1557 Item,

330 1577 413 1618 Cui
434 1592 516 1618 ozon
536 1578 671 1618 dietus
692 1578 835 1633 Hylas
852 1590 960 1632 puer
980 1581 1018 1616 et
1040 1575 1223 1616 Latonia
1244 1574 1385 1616 Delos.

222 1649 438 1697 Bucolici
476 1659 600 1706 sunt,
625 1651 843 1713 quotiens
883 1651 933 1696 in
970 1657 1135 1711 quarta
1170 1647 1361 1711 regione
1396 1646 1652 1710 dactyluS4

157 1724 326 1770 finiens
352 1735 533 1788 partem
560 1726 782 1772 orationis
808 1725 1061 1772 invenitur.

223 1800 519 1847 aIdentidem
555 1801 817 1864 dactylicus
854 1801 1141 1854 nominatur,
1164 1815 1272 1845 cum
1311 1815 1476 1844 omnes
1514 1799 1646 1848 fere5

156 1876 370 1942 dactylos
411 1878 569 1935 habet,
602 1878 841 1924 bmaxime
882 1876 1194 1923 novissimum
1240 1873 1521 1938 spondeum,
1557 1884 1610 1921 ut

157 1963 227 2000 est
252 1955 378 2018 apud
405 1955 676 2002 Homerum
696 1975 705 2001 ι

288 2039 305 2059 (⁴
361 2031 373 2048 Ι
541 2039 557 2047 n.
638 2032 649 2047 l
710 2030 730 2051 '3⁴
826 2033 834 2047 5
890 2029 901 2044 Χ
975 2032 987 2048 f
1097 2030 1105 2044 5
1185 2026 1198 2042 Ι
1355 2027 1365 2044 Ι

309 2037 488 2088 Κυκλωψ
511 2055 575 2089 τη,
599 2054 664 2079 πιε
690 2054 794 2083 οινον,
819 2053 900 2078 enez
925 2039 1059 2091 φαγες
1083 2029 1275 2091 ανὸρομεα
1299 2049 1408 2090 κρεα.

207 2202 222 2222 1'
243 2196 343 2242 vero]
368 2198 475 2231 etiam
496 2196 638 2232 A.B.C.
661 2208 744 2242 ergo
765 2195 860 2231 Ven.
1009 2201 1023 2220 S
1045 2193 1220 2230 fabulosae
1242 2191 1472 2241 antiquitatis
1492 2192 1608 2228 docu-

155 2257 281 2285 menta
307 2249 525 2298 depromere
546 2262 568 2297 q
590 2249 728 2298 Apollo
756 2262 841 2284 cum
872 2243 1042 2297 Pythona
1071 2245 1248 2296 Delphis]
1271 2246 1442 2320 fabulose
1475 2246 1606 2294 (fabu-

156 2336 228 2370 losa
250 2336 311 2378 B.)
336 2336 560 2382 antiquitatis
591 2340 789 2370 commenta
820 2336 1025 2382 depromere
1058 2334 1191 2382 Apollo
1223 2345 1301 2368 eum
1328 2337 1453 2380 pytom
1486 2333 1568 2368 aelel
1593 2345 1609 2367 s

153 2388 198 2423 A.
219 2394 377 2424 cementa
399 2389 440 2423 C.
552 2391 565 2415 t
583 2387 770 2437 dactylum
800 2389 1053 2436 susce'peruut.
1095 2386 1275 2433 Quidam]
1308 2386 1489 2433 dactylum
1521 2398 1608 2433 quo-

154 2454 221 2487 que
239 2443 403 2488 suscepit.
439 2443 581 2488 quidam
613 2447 733 2477 autem
760 2443 882 2477 dicunt
909 2442 1098 2477 iambicum
1117 2441 1253 2476 A.B.C.
1283 2440 1609 2487 suscipit—(licant

154 2496 247 2531 Ven.
398 2500 418 2519 V
437 2494 586 2541 sublati]
609 2496 783 2530 sublevati
804 2495 891 2531 A.C.
1054 2501 1084 2519 W
1103 2494 1175 2530 hoc
1195 2492 1324 2540 etiam]
1349 2494 1457 2528 etiam
1479 2492 1543 2527 hoc
1563 2493 1605 2527 A.

154 2550 263 2583 etiam
285 2547 350 2582 hoe
370 2547 501 2582 heroici
521 2547 564 2582 B.
586 2553 620 2583 et
641 2548 706 2583 hoc
725 2550 833 2583 etiam
855 2549 898 2583 C.
1056 2554 1075 2573 X
1096 2554 1135 2583 et
1154 2559 1197 2582 ex
1216 2546 1288 2582 hoc
1310 2546 1472 2592 versum]
1496 2551 1531 2581 et
1552 2546 1608 2580 lex

154 2602 218 2637 hoc
238 2612 340 2636 versu
365 2600 406 2635 B.
426 2612 562 2635 versum
585 2601 628 2635 C.
657 2600 694 2635 in
718 2614 833 2650 marg.
854 2606 1020 2636 metrum.
1234 2606 1254 2634 y
1274 2598 1475 2648 accepisse]
1505 2611 1605 2634 exce-

148 2656 243 2701 pisse
266 2654 308 2689 B.
450 2659 468 2678 z
492 2653 586 2688 Item
611 2653 743 2702 proprii
767 2661 866 2695 sunt,
888 2654 1035 2701 quoties
1056 2652 1093 2688 in
1119 2653 1241 2701 priore
1261 2653 1363 2699 loco]
1391 2653 1481 2687 Item
1499 2653 1604 2699 pria-

147 2710 203 2754 pti
221 2712 302 2742 sunt
323 2706 484 2753 quotiens
505 2708 539 2740 in
557 2707 674 2752 primo
697 2707 876 2754 (suprase.
897 2707 942 2742 A.
964 2708 1133 2753 secundo)
1159 2707 1234 2741 loco
1254 2706 1345 2742 A.B.
1506 2710 1525 2730 a
1543 2703 1606 2739 iti-

152 2760 255 2807 dem]
281 2760 470 2794 identidem
491 2759 583 2794 A.B.
607 2758 700 2795 Ven.
809 2756 829 2784 b
852 2758 1066 2806 novissime]
1091 2761 1245 2795 maxime
1265 2760 1491 2794 novissimum
1512 2757 1603 2792 A.B.

152 2814 251 2849 Tum
272 2814 463 2860 spondeum
484 2824 558 2847 om.
578 2811 670 2847 Ven.
859 2818 875 2837 c
893 2813 936 2854 βῆ
955 2812 985 2847 δὲ
1006 2814 1059 2848 ’διὰ
1077 2815 1247 2859 προμάχων
1267 2811 1480 2859 κεκορυθμένος
1499 2808 1604 2845 αἴθοπι

152 2868 286 2914 χαλκῷ]
311 2866 432 2913 cyclop
451 2871 512 2912 yle
526 2866 609 2912 pieo
629 2877 737 2899 ertone
755 2864 895 2912 pifages
914 2866 1107 2901 andromea
1127 2878 1208 2901 crea
1229 2865 1323 2901 A.B.
