1962 3355
137 193 234 221 CAP.
257 193 321 221 XI.

574 180 642 221 De
662 187 792 221 metro
814 182 958 222 lonico
978 184 1151 222 minore.

1507 186 1592 228 559

134 291 403 333 delectatione
431 291 670 342 consentiat,
698 292 759 331 fid
791 292 864 332 abs
896 302 934 332 te
963 295 1100 348 respui
1132 308 1212 333 non
1244 295 1472 349 oportebat.
1522 297 1589 337 Ea
1611 314 1648 347 17

134 359 240 399 enim
274 360 315 400 in
347 375 402 409 re,
425 374 521 414 quae
550 359 639 414 ipsa
667 373 742 414 per
769 374 810 399 se
839 358 998 400 infinita
1019 359 1084 410 sit,
1106 375 1258 400 novum
1287 361 1445 417 aliquid
1469 378 1588 418 repe-

133 426 263 466 riendi
294 426 486 467 constitui
516 426 608 466 finis
637 441 717 465 non
751 435 897 482 potest.

959 435 977 464 g
992 428 1058 467 Te
1084 436 1221 468 tamen
1241 438 1493 485 ceterosque,
1516 430 1589 485 qui

133 509 175 534 se
196 509 281 534 esse
302 494 481 534 metricae
502 493 727 549 disciplinae
749 509 829 533 non
850 493 1014 550 ignaros
1035 494 1188 544 volent,
1209 510 1257 535 ea
1277 497 1477 537 sententia
1496 512 1590 537 con-

134 560 284 611 veniet,
315 561 393 602 hut
422 576 472 601 ex
502 560 580 609 his,
603 576 698 616 quae
719 576 742 601 a
762 561 879 601 nobis
909 561 1114 603 declarata
1143 571 1252 612 sunt,
1275 574 1499 604 metrorum
1527 580 1590 605 ra-

133 628 281 668 tionem
315 639 441 683 atque
470 628 697 669 doctrinam
730 629 896 669 abunde
926 639 1180 679 consecut05‚
1213 630 1348 671 ietiam
1382 632 1413 672 si
1444 632 1545 673 nihil
1566 649 1591 674 a

132 710 342 750 quoquam
364 696 578 746 adiciatur,
600 695 874 737 kexistiment.

134 805 259 839 aquas,
282 794 360 835 iter,
380 794 517 835 littora,
540 792 754 841 frequenter
769 806 828 829 oc-

132 853 298 882 currunt,
333 846 488 882 HEUS.

186 896 201 923 f
230 900 267 933 icl
301 900 364 934 abs
395 904 428 934 te
459 901 578 946 respui
619 911 690 934 non
728 912 832 946 opor-

135 952 248 998 tebat]
272 953 386 988 MSS.
409 952 525 988 Paris.
554 954 590 987 z'd
610 957 694 1000 apte
715 954 834 999 respui

132 1017 201 1040 non
223 1007 410 1052 oportebit.
454 1005 543 1041 Non
567 1013 672 1041 muto
694 1006 830 1054 imper-

132 1057 286 1100 fectum,
327 1059 425 1106 quod
465 1067 613 1108 tempus
657 1058 717 1095 hic
755 1072 831 1094 non

134 1110 250 1160 magis
280 1111 467 1147 offendere
498 1111 621 1155 debet,
652 1124 762 1159 quam
793 1112 830 1147 in

132 1163 201 1199 illis
224 1163 415 1200 Ciceronis
436 1164 532 1200 offic.
554 1165 584 1200 I.
608 1177 643 1212 9.
664 1176 702 1211 4.
749 1166 828 1200 Ita-

131 1228 199 1263 que
228 1229 285 1252 eos
311 1219 359 1252 ad
385 1230 459 1252 rem
487 1231 522 1264 p.
550 1230 594 1253 ne
627 1230 832 1254 accessuros

131 1271 272 1316 quidem
300 1276 424 1317 putat,
454 1272 521 1306 nisi
554 1276 705 1306 coactos.
754 1271 828 1307 AE-

131 1325 234 1369 quius
254 1329 373 1360 (cutem
395 1329 485 1366 erat,
509 1325 545 1359 id
563 1325 749 1360 voluntate
755 1325 828 1372 fie-

131 1378 172 1411 ri.
233 1377 366 1413 Horat.
397 1378 427 1412 I.
451 1377 510 1412 od.
539 1388 602 1424 37.
635 1389 664 1412 1.
724 1378 831 1413 Nunc

130 1434 180 1464 est
202 1430 387 1465 bibendum
396 1450 501 1457 --
513 1443 607 1466 nunc
628 1430 832 1466 Saliaribus

132 1484 273 1519 Ornare
294 1484 469 1531 pulvinar
497 1485 645 1520 deorum
681 1484 833 1532 Tempus

890 799 969 829 erat
989 795 1151 841 ᾱαρὶὸτιε,
1165 796 1315 832 sodales.
1373 796 1481 833 Ovid.
1500 797 1588 834 Me-

890 855 977 882 tam.
1002 848 1076 884 111.
1100 848 1189 895 548.
1247 848 1400 897 Sifata
1421 852 1590 886 vetabant

891 900 1000 935 Stare
1039 902 1101 936 diu
1142 901 1290 943 Thebas,
1330 904 1470 938 utinam
1514 909 1588 939 tor-

889 958 1011 988 menta
1046 955 1184 1002 virique
1218 956 1354 991 Moenia
1391 958 1587 994 diruerent.

889 1006 1045 1042 HEUS.

943 1065 963 1094 g
989 1061 1037 1095 Te
1060 1061 1196 1107 tamen]
1220 1062 1403 1111 Corrupte
1426 1062 1586 1112 Guelph.

891 1113 940 1147 Et
963 1117 1094 1149 tamen.
1127 1114 1281 1150 HEUS.

940 1164 960 1191 h
981 1171 1021 1201 ut
1041 1179 1082 1201 ex
1102 1167 1172 1213 his]
1209 1167 1321 1203 Paris.
1344 1169 1527 1217 posterior
1553 1176 1587 1206 et

886 1231 929 1254 ea:
949 1219 1013 1254 his.
1053 1220 1207 1255 HEUS.

944 1269 1082 1307 ietiam
1115 1274 1144 1307 si
1181 1274 1288 1320 nihil]
1339 1275 1524 1311 particula
1557 1279 1586 1312 si

886 1324 923 1361 in
945 1325 1108 1374 Guelph.
1131 1325 1247 1362 deest.
1280 1327 1437 1364 HEUS.

939 1377 960 1404 k
999 1380 1217 1426 existiment]
1280 1380 1439 1430 Guelph.
1495 1384 1585 1417 exti-

887 1437 997 1468 ment.
1028 1432 1183 1468 HEUS.

1613 441 1649 472 18
