1962 3355
352 223 370 259 1
381 212 444 260 86
857 210 1018 257 Marii
1046 208 1291 257 Victorini
1602 220 1700 251 Lm.
1725 219 1802 251 111.

349 345 438 390 tur,
463 352 551 381 nec
571 342 732 380 tamen
757 331 934 394 aliquid
951 332 1150 393 jacturae
1175 338 1327 375 metro
1353 326 1526 382 attulit,
1546 344 1658 372 cum
1683 335 1805 372 tern-

350 428 519 475 porum
553 410 674 455 inter
708 418 966 470 utrumque
997 413 1300 467 Wcongruant
1338 402 1504 465 spatia.
1575 400 1721 446 Unde
1758 409 1805 447 et

348 485 612 548 tribrachys
636 485 734 548 pari
761 484 1072 530 calculatione
1100 480 1285 527 admitti
1318 497 1399 542 pes
1425 477 1597 541 poterit
1621 477 1804 523 duabus

351 562 568 608 brevibus
605 560 653 606 in
691 577 832 605 unam
872 558 1167 613 coeuntibus,
1192 573 1296 617 quae
1330 554 1545 599 iambum
1580 571 1660 598 seu
1694 553 1807 598 cho-

314 657 330 689 7
350 638 471 683 rium
518 635 737 681 efficiant.
807 634 914 680 Nec
955 644 1000 680 te
1040 632 1327 696 syllabarum
1369 637 1540 674 terreat
1580 645 1806 674 numerus

349 721 489 759 Xcum
522 712 641 757 intra
667 710 894 773 praefinita
920 721 1188 771 temporum
1218 705 1367 768 spatia
1393 714 1622 761 teneatur,
1646 703 1807 760 veluti,

491 787 598 833 Tibi
620 792 755 832 vetus
780 802 869 831 ara
895 784 1045 831 caluit
1070 783 1347 845 aborigineo
1370 780 1559 827 sacello.

313 877 331 906 8
353 864 450 911 Hic
475 881 559 926 pro
584 862 746 907 chorio
771 862 867 907 sive
892 861 1098 907 trochaeo
1123 858 1389 920 tribrachys
1421 858 1602 920 positus
1628 855 1808 901 inveni-

349 948 439 995 tur,
455 939 595 1000 longa
614 938 663 982 in
688 937 803 983 duas
830 938 990 983 breves
1017 937 1184 992 soluta,
1210 935 1292 991 sic,
1309 934 1418 980 Tibi
1440 950 1510 979 ve.
1554 932 1659 978 Tibi
1678 932 1807 977 enim

349 1033 435 1079 pro
474 1033 567 1061 una
601 1014 782 1078 syllaba
817 1014 957 1076 longa
995 1012 1297 1074 accipiemus,
1363 1009 1442 1056 Ra
1484 1008 1631 1054 caluit
1674 1007 1733 1053 ab
1768 1024 1808 1053 ο.

351 1092 479 1137 Nam
506 1108 590 1154 pro
614 1090 891 1136 choriambo
916 1088 1180 1151 tribrachys
1216 1087 1286 1132 bis
1318 1085 1542 1131 inductus
1567 1084 1808 1148 reperitur.

354 1167 514 1228 Hujus
563 1166 697 1212 metri
739 1165 1007 1212 YPhilicum
1056 1174 1295 1210 auctorem
1335 1161 1645 1225 '‘acce13imus,
1682 1159 1809 1223 quod

354 1243 668 1307 appellatione
693 1241 794 1305 ipsa
819 1241 1091 1297 dinoscitur,
1116 1257 1209 1302 qua
1236 1249 1438 1285 metrum
1469 1238 1695 1301 signatur.

454 1428 592 1479 CAP.
625 1426 808 1479 XVII.
883 1428 966 1478 De
994 1427 1193 1477 (luobus
1221 1424 1423 1475 Ionicis
1450 1443 1480 1474 α
1510 1424 1715 1492 dactylo

778 1511 1080 1562 leea'ametro
1100 1508 1392 1578 generati-9.

424 1616 616 1662 Ionicus
641 1632 830 1677 quoque
865 1614 1094 1660 Sotadeus
1125 1614 1220 1659 sive
1254 1613 1522 1669 Sotadicus,
1554 1614 1684 1670 (nam
1712 1612 1815 1674 qui-

359 1693 469 1739 dam
494 1691 658 1736 volunt
683 1708 782 1736 csse
820 1691 940 1736 inter
964 1709 1040 1736 eos
1080 1691 1200 1735 hanc
1236 1688 1565 1742 differentiam,
1590 1697 1644 1733 ut
1680 1687 1816 1733 Sota-

360 1769 474 1814 deus
500 1776 683 1813 constet
708 1766 892 1812 duobus
931 1766 1095 1812 ionicis
1126 1775 1172 1811 et
1197 1764 1530 1828 ithyphallico,
1558 1763 1603 1809 id
1639 1772 1710 1809 est
1735 1764 1816 1809 tri-

360 1845 447 1890 bus
473 1842 706 1899 trochaeis,
732 1852 798 1895 ut,

492 1934 691 1981 Pronus
713 1933 844 1995 cupit
868 1932 1142 1996 ingentibus
1168 1933 1238 1978 ire
1263 1949 1369 1978 cum
1389 1929 1632 1993 procellis,

361 2037 407 2073 at
431 2026 678 2072 Sotadicus
703 2024 852 2071 tribus
879 2024 1041 2070 ionicis
1069 2024 1267 2088 pedibus
1294 2023 1489 2086 adaeque
1521 2022 1597 2068 ἀπὸ
1631 2021 1818 2083 μείζονος,

363 2103 562 2148 aultimo
587 2099 812 2164 spondeo,
837 2108 891 2145 ut
914 2109 998 2155 est,

506 2193 642 2240 Galli
667 2192 821 2238 timidi
843 2191 1145 2237 semianimes
1171 2197 1366 2254 tergora
1392 2195 1619 2249 vertunt)

368 2306 427 2335 ex
458 2286 694 2349 dactylico
720 2286 996 2330 hexametro
1021 2284 1278 2346 profluunt.
1341 2283 1472 2329 Nam
1499 2282 1708 2346 spondeo
1732 2282 1821 2327 ini-

368 2364 467 2411 tiali
493 2373 540 2408 et
571 2361 700 2407 finali
733 2370 781 2405 et
813 2359 860 2404 in
896 2359 1052 2404 medio
1077 2376 1211 2404 versu
1248 2359 1403 2422 posito
1429 2368 1628 2412 constat,
1654 2358 1733 2420 qui
1772 2359 1819 2403 in

369 2441 513 2485 heroo
539 2454 727 2483 summa
751 2435 934 2481 obtinet
960 2434 1112 2490 metri,
1138 2442 1352 2497 aautpote
1379 2436 1459 2497 qui
1493 2434 1724 2480 divisione
1749 2451 1818 2479 se-

331 2513 535 2575 3cundae
571 2512 725 2574 longae
759 2510 935 2573 dactyli
973 2510 1032 2555 sit
1062 2509 1272 2572 bparens.
1342 2510 1663 2556 Tetrametrus
1706 2526 1823 2571 quo-

370 2608 462 2653 que
498 2586 798 2635 catalecticus
835 2585 1050 2631 similiter
1079 2585 1308 2646 originem
1348 2586 1405 2630 ab
1433 2585 1574 2631 heroo
1601 2585 1823 2630 hexame-

370 2677 443 2713 tro
463 2664 630 2716 trahit3
650 2679 760 2707 nam
782 2661 908 2723 quod
937 2660 1177 2706 residuum
1198 2670 1267 2707 est
1287 2661 1521 2724 dactylico
1539 2660 1689 2707 versui
1716 2669 1823 2724 post

424 2825 453 2844 W
472 2816 698 2864 congruant]
723 2821 934 2864 congruunt
953 2814 991 2848 P.
1101 2819 1121 2838 X
1141 2815 1243 2861 cum]
1267 2822 1303 2849 et
1323 2826 1407 2849 cum
1429 2814 1469 2849 P.
1552 2820 1571 2847 y
1592 2812 1817 2861 phalaecuui]

372 2871 581 2921 phaliacum
603 2869 642 2904 P.
792 2874 810 2893 z
831 2865 1058 2914 accepimus]
1084 2865 1282 2914 accipimus
1306 2867 1344 2901 P.
1492 2872 1511 2891 a
1533 2865 1683 2913 ultimo]
1707 2875 1747 2901 ut
1769 2865 1822 2901 ul-

373 2925 465 2961 timo
486 2924 525 2958 P.
637 2927 677 2947 aa
695 2922 842 2969 utpote]
869 2927 999 2968 utpute
1019 2918 1059 2953 Ρ.
1169 2916 1188 2944 b
1209 2931 1285 2966 par,
1319 2919 1426 2967 Ejus]
1453 2930 1584 2967 parens
1604 2918 1642 2954 P.
