1962 3355
288 544 329 584 98

286 936 327 967 99

270 1548 328 1569 100

350 186 411 232 26

859 188 1019 235 Marii
1046 189 1288 237 Victorini
1649 203 1745 234 ΜΒ.
1765 204 1798 233 1.

350 307 437 353 alia
460 308 608 370 plura,
629 309 750 355 inter
768 327 873 372 quae
899 320 1082 357 nostros
1108 320 1258 368 antea,
1276 320 1299 341 u
1316 310 1453 357 sicuti
1472 310 1662 357 Graecos
1681 327 1801 372 quo-

349 401 455 446 que,
472 400 561 430 XVI
583 385 748 431 litteris
769 403 904 432 usos:
931 404 988 433 ex
1009 388 1181 449 quibus
1200 388 1343 434 fuisse
1365 389 1437 448 (v)
1464 386 1649 433 vocales
1675 385 1802 448 apud

349 469 588 522 utrosque,
626 461 697 507 his
733 471 896 525 postea
930 463 1156 526 quasdam
1198 481 1222 509 a
1260 462 1528 518 Palamede,
1547 470 1596 507 et
1632 461 1743 506 alias
1777 478 1803 506 a

349 536 595 583 Simonide
620 538 825 600 adjectas
850 539 1073 602 implesse
1096 555 1346 584 numerum
1375 552 1547 583 XXIIII.
1618 535 1694 582 Ex
1721 535 1804 581 ad-

339 611 480 672 jectis
520 623 677 659 autern
719 623 900 660 nostros
942 615 1089 660 solam
1126 632 1158 660 a?
1193 614 1450 677 recepisse:
1489 613 1538 659 F
1562 630 1671 658 vero
1695 630 1733 676 g
1756 621 1804 658 et

348 705 377 751 q
407 688 455 734 in
479 689 698 735 xGraecis
724 690 867 736 etiam
895 690 1060 735 litteris
1093 690 1237 735 fuisse
1262 699 1309 735 et
1340 706 1467 735 nunc
1497 706 1613 745 esse,
1646 689 1724 735 sed
1759 687 1805 733 G

348 781 548 810 numero
583 773 683 821 zVI,
722 783 749 828 q
785 766 1045 828 nonaginta
1088 766 1369 828 significare,
1411 766 1460 812 F
1491 775 1651 811 autem
1686 765 1805 811 AEo-

348 840 403 885 lis
427 840 679 886 dumtaxat
704 840 827 886 idem
854 842 1006 887 valere
1031 841 1158 903 quod
1198 841 1323 904 apud
1360 859 1444 887 nos
1469 851 1545 898 av,
1571 858 1679 887 cum
1719 858 1804 903 pro

348 916 624 961 consonanti
655 917 887 973 scribitur,
910 917 1159 978 vocarique
1184 917 1303 971 1’βοῶ
1336 926 1383 963 et
1412 917 1668 980 digamma.
1740 916 1805 962 Et

348 991 719 1054 significaveram
746 992 874 1055 prius
900 1010 1044 1054 quam
1072 992 1249 1037 Graecis
1282 992 1403 1037 inter
1436 993 1620 1038 vocales
1646 1010 1803 1055 reper-

347 1079 406 1113 tae
439 1075 548 1113 sunt
583 1089 607 1123 η
645 1075 724 1113 cet
763 1089 804 1124 ω,
829 1067 980 1113 vicem
1020 1085 1181 1114 earum
1215 1076 1309 1113 tam
1349 1067 1475 1130 apud
1510 1068 1629 1121 illos,
1659 1085 1802 1129 quam

348 1143 472 1206 apud
499 1161 582 1188 nos
613 1144 827 1207 explesse
853 1161 877 1189 e
900 1153 947 1190 et
971 1143 1026 1190 do
1044 1163 1059 1190 .·
1097 1161 1122 1190 0
1148 1144 1291 1189 etiam
1327 1144 1465 1190 scribi
1497 1145 1682 1190 solitam
1719 1162 1804 1208 pro

347 1219 528 1282 syllaba
565 1227 648 1276 8ου,
673 1219 722 1264 Ε
744 1230 901 1266 autem
934 1239 1019 1283 pro
1044 1219 1097 1277 fn
1121 1231 1169 1267 et
1202 1221 1349 1275 gieta,
1375 1221 1660 1283 easdemque
1695 1230 1743 1267 et
1778 1238 1804 1267 ο

346 1304 393 1340 et
418 1313 456 1349 e,
481 1295 701 1357 quotiens
738 1297 1029 1360 accepissent
1068 1300 1115 1342 in
1152 1298 1299 1343 finem
1338 1297 1443 1352 iota,
1481 1297 1693 1344 dativum
1729 1315 1805 1343 ca-

347 1390 449 1418 sum
488 1373 614 1436 apud
645 1383 870 1436 utrosque
905 1374 1188 1437 significare,
1213 1383 1260 1420 et
1285 1375 1452 1420 barum
1492 1375 1803 1438 scriptionum

347 1450 568 1512 exempla
608 1467 702 1495 non
754 1451 906 1496 solum
949 1467 1007 1495 ex
1060 1450 1189 1495 libris
1239 1451 1491 1507 veteribus,
1533 1450 1613 1496 sed
1658 1451 1802 1496 etiam

346 1543 403 1571 ex
438 1525 733 1589 hperitorum
774 1526 1070 1589 quorundam
1111 1527 1460 1590 scriptionibus,
1498 1535 1549 1572 ut
1591 1525 1805 1582 cameloz‘,

347 1603 543 1663 caproi;
581 1621 692 1648 nam
731 1603 875 1648 nostri
913 1602 1080 1648 eruditi
1108 1620 1202 1648 uno
1228 1621 1305 1648 ore
1331 1603 1360 1648 h
1385 1602 1579 1665 quidem
1604 1614 1651 1648 et
1675 1602 1704 1648 lc
1729 1620 1806 1649 su-

345 1695 601 1740 pervacuas
638 1696 737 1724 esse
762 1678 998 1735 dixerunt,
1023 1696 1110 1724 nee
1134 1677 1428 1723 iindicarunt
1454 1683 1493 1723 H
1518 1677 1644 1740 apud
1671 1678 1806 1724 Grae-

346 1771 424 1799 cos
449 1754 577 1817 prius
603 1771 746 1816 quam
784 1754 1068 1817 reciperetur
1103 1754 1150 1799 in
1188 1753 1401 1799 ordinem
1428 1754 1663 1800 vocalium
1691 1763 1806 1800 tunc

347 1847 455 1875 eum
495 1847 519 1876 e
551 1839 597 1876 et
630 1847 715 1894 pro
754 1830 880 1876 brevi
918 1840 964 1876 et
1002 1847 1088 1893 pro
1120 1830 1262 1891 longa
1297 1829 1592 1886 scriberetur,
1616 1829 1708 1876 kae
1740 1830 1805 1875 ita

400 1997 421 2016 ¹¹
450 1990 562 2038 sieut]
595 1990 702 2027 sicuti
723 1991 765 2027 P.
823 1991 917 2026 Mox
938 1988 1148 2026 Terhaerius
1169 1987 1336 2036 corrigit,
1359 2001 1401 2024 ex
1421 1989 1546 2036 quibus
1557 1988 1677 2037 fuisse
1700 2000 1723 2023 V
1742 2000 1805 2025 vo-

346 2045 451 2087 cales,
474 2045 495 2080 i.
517 2056 547 2080 e.
570 2045 735 2092 quinque
756 2044 912 2080 vocales.
942 2044 993 2079 Et
1009 2043 1060 2079 sie
1078 2043 1245 2078 Vossius.
1383 2048 1403 2067 X
1424 2040 1581 2088 Graeeis]
1606 2040 1737 2077 Grecis
1764 2041 1804 2078 P.

347 2128 365 2147 Ζ
400 2121 536 2157 servire
568 2123 697 2170 atque]
733 2135 785 2157 VI.
819 2135 854 2170 q.
876 2122 917 2156 P.
1109 2127 1128 2146 a
1161 2121 1199 2167 u]
1226 2118 1252 2155 ⁴v
1284 2121 1324 2155 Ρ.
1515 2117 1535 2145 b
1565 2120 1648 2165 βαῦ]
1673 2098 1744 2168 iila}
1765 2120 1806 2156 P.

347 2175 717 2221 cetoqetweasP.
847 2172 1097 2220 d0.-0]0P.
1221 2172 1504 2218 θουΕἾῶὀΡ.
1623 2171 1803 2219 fe]HP.

347 2233 368 2261 g
386 2227 482 2274 iota]
508 2244 589 2263 ιωτα
610 2228 650 2262 P.

346 2279 488 2315 indica?
521 2282 546 2325 12
581 2280 621 2315 P.

760 2225 781 2252 h
801 2226 1021 2276 peritorum]
1046 2226 1318 2275 praeteritorum
1340 2225 1384 2260 P.
1490 2223 1501 2250 i
1522 2224 1744 2275 indagarunt
1763 2225 1802 2272 η]

732 2277 753 2305 k
773 2292 815 2316 ae
837 2278 904 2326 ita]
929 2287 1035 2315 acuta
1055 2280 1094 2315 P.

406 2440 491 2463 100.
521 2425 607 2463 Vid.
628 2427 780 2464 Dawes.
811 2426 923 2464 Misc.
953 2427 1044 2463 Crit.

345 2493 384 2528 p.
404 2491 490 2527 130.
512 2479 571 2516 ed.
589 2481 704 2529 Burg.

410 2534 461 2569 ib.
509 2533 591 2568 Nec
626 2532 850 2579 indagarunt
889 2549 906 2575 η
947 2532 1045 2581 apud

348 2586 517 2632 Graeeos]
550 2586 639 2621 Non
670 2586 814 2622 videtur
842 2586 953 2621 etiam
989 2583 1047 2621 hic

347 2639 450 2674 locus
484 2651 606 2674 carere
638 2639 787 2674 mendo.
857 2638 930 2674 Sed
965 2650 1047 2673 sen-

347 2704 408 2728 sus
442 2700 498 2727 est
531 2704 577 2727 ex
611 2704 655 2727 eo
691 2691 907 2727 manifestus
945 2690 1046 2739 quod

347 2743 475 2780 scribit
508 2745 708 2780 Athenaeus
743 2744 805 2780 lib.
828 2744 898 2779 IX.
961 2744 1046 2790 [Se-

346 2797 472 2834 leucus
492 2810 552 2846 ap.
568 2798 704 2833 Athen.
725 2810 758 2846 p.
773 2797 864 2844 398.
887 2796 950 2842 A.]
983 2809 1048 2832 ex-

344 2849 509 2886 istimare
525 2863 563 2886 se
574 2849 759 2886 veteribus
773 2849 912 2886 Graecis
926 2848 963 2884 in
980 2861 1048 2884 usu

344 2902 457 2940 fuisse
476 2920 495 2947 η
516 2902 676 2940 litteram
707 2916 773 2952 pro
803 2910 892 2938 nota
911 2901 1048 2951 aspira-

1101 2425 1225 2467 tionis,
1248 2424 1345 2460 unde
1366 2423 1493 2459 Latini
1513 2424 1612 2460 illam
1635 2422 1805 2472 scriptio-

1102 2491 1187 2514 nem
1216 2487 1404 2526 acceptam
1433 2476 1662 2513 retinuerint.
1720 2477 1804 2512 CA-

1101 2531 1234 2567 MER.
1306 2530 1351 2565 al.
1388 2531 1619 2576 indiguerunt
1653 2529 1804 2578 legeba-

1103 2592 1173 2625 tur,
1188 2583 1251 2619 sed
1273 2582 1386 2618 altera
1404 2582 1516 2618 lectio
1533 2582 1648 2632 magis
1667 2582 1802 2631 placet,

1103 2636 1268 2684 nihilque
1301 2636 1346 2671 ad
1374 2636 1555 2684 integram
1577 2634 1803 2671 sententiam

1102 2687 1299 2725 desiderari
1341 2688 1496 2729 videtur,
1527 2696 1673 2723 tantum
1711 2688 1747 2723 τὸ
1785 2704 1805 2731 η

1103 2742 1204 2792 quod
1242 2743 1463 2788 indagarunt
1497 2739 1673 2789 sequitur,
1705 2739 1742 2775 in
1772 2745 1803 2775 H

1107 2793 1224 2844 (quod
1257 2802 1294 2830 et
1322 2799 1351 2829 H
1383 2795 1555 2830 Graeeum
1588 2802 1625 2829 et
1651 2794 1673 2828 h
1701 2791 1803 2829 Lati-

1105 2861 1193 2883 num
1211 2847 1380 2894 denotat)
1407 2855 1561 2887 mutato,
1577 2854 1657 2882 tum
1679 2845 1807 2882 omnia

1104 2900 1271 2950 pleniora
1291 2908 1412 2936 erunt.
1453 2899 1628 2936 COMM.
