1962 3355
383 177 467 219 556
823 180 895 219 Fl.
918 180 1104 220 Mallias
1131 179 1374 220 Theodorus

349 297 369 329 6
385 305 510 345 quam
532 290 655 330 habet
677 290 833 345 iipsum
853 291 893 331 in
916 307 1015 344 sese,
1035 293 1146 334 knon
1168 290 1350 347 depascit
1365 289 1542 331 aliunde.
1605 289 1674 329 Fit
1695 299 1831 329 autem

386 367 563 398 metrum
583 357 660 398 hoc
681 373 730 398 ex
753 357 884 399 tribus
905 359 1025 400 etiam
1050 359 1200 401 Ionicis
1221 358 1458 399 minoribus.
1521 357 1665 413 Hujus
1691 371 1832 397 exem-

385 423 500 480 plum
518 440 527 464 z

750 484 853 518 Bona
864 483 977 529 justis
995 497 1062 520 sua
1081 497 1218 533 semper
1238 485 1323 519 deus
1343 482 1474 531 adfert.

353 577 369 609 7
388 560 456 601 Ex
475 560 640 600 duobus
659 575 826 615 quoque
846 560 992 600 Ionicis
1013 561 1239 601 minoribus
1258 560 1335 600 hoc
1356 571 1531 600 metrum
1555 560 1601 599 fit
1621 559 1698 600 ita:

870 630 973 664 Bona
984 629 1096 674 justis
1115 631 1201 665 deus
1220 629 1353 677 adfert.

350 705 368 734 8
388 695 524 736 ¹Alios
551 694 646 734 huic
667 703 798 734 metro
819 695 942 750 pedes
963 695 1114 736 idcirco
1135 696 1303 751 quidam
1332 694 1630 736 interserendos
1651 695 1833 736 credide-

386 772 496 809 runt,
521 772 566 802 ut
589 761 746 817 copiam
773 772 814 802 et
843 762 1079 803 facultatem
1102 765 1222 804 etiam
1244 773 1456 818 augerent,
1478 762 1549 803 sed
1577 754 1737 803 nihilin
1758 763 1835 811 his,

349 849 370 880 9
387 829 499 885 quod
519 843 638 869 aures
659 828 854 869 rnblande
876 830 1058 885 accipere
1079 842 1264 886 possunt,
1286 829 1530 871 invenimus.
1581 833 1726 886 Atque
1745 831 1837 871 ideo

387 896 507 951 longe
537 894 681 936 melius
710 897 1049 953 commodiusque
1076 913 1299 944 censemus,
1322 908 1369 938 ut
1397 907 1572 938 metrum
1597 898 1786 938 Ionicum
1813 913 1837 937 a

387 964 542 1004 minore
563 979 624 1013 eo,
646 979 730 1018 quo
752 979 876 1020 supra
897 965 1162 1020 exposuimus
1182 964 1321 1013 modo,
1340 964 1461 1004 unius
1482 964 1596 1020 pedis
1616 965 1837 1020 ingemina-

387 1031 496 1071 tione
535 1030 764 1085 expleatur,
801 1046 934 1087 neque
969 1031 1074 1072 alius
1109 1041 1127 1059 ¹¹
1143 1031 1362 1086 quisquam
1396 1047 1467 1086 pes
1507 1043 1716 1087 sequatur,
1753 1047 1838 1087 quo

387 1097 593 1139 adsociato
615 1112 693 1137 non
717 1098 839 1138 modo
857 1098 892 1138 ei
914 1109 1082 1139 externa
1107 1099 1285 1139 suavitas
1311 1098 1579 1154 adquirenda,
1609 1107 1626 1126 ⁰
1641 1099 1710 1139 sed
1741 1114 1836 1154 pro-

335 1189 371 1210 ιο
388 1165 477 1222 pria
497 1164 722 1205 amittenda
743 1165 804 1205 sit.
844 1165 1019 1206 Diversa
1037 1181 1131 1206 vero
1152 1166 1257 1206 inter
1278 1182 1319 1206 se
1341 1177 1470 1207 metra
1489 1182 1607 1222 posse
1627 1166 1835 1222 conjungi,

388 1232 607 1288 lyricorum
654 1237 868 1287 poetarum
911 1234 1118 1288 permulta
1157 1244 1195 1273 et
1231 1235 1380 1274 Graeca
1420 1244 1461 1274 et
1497 1234 1647 1274 Latina
1689 1233 1838 1288 scripta

334 1317 365 1338 ιι
389 1298 608 1339 declarant.
686 1300 835 1353 Itaque
877 1299 1079 1355 dactylico
1121 1300 1370 1356 subjungere
1414 1311 1455 1342 et
1496 1300 1759 1356 dactylicum,
1798 1311 1838 1341 et

334 1387 369 1408 12
389 1365 624 1413 iambicum,
648 1374 688 1405 et
718 1365 795 1405 alia
826 1366 931 1406 licet.
995 1367 1213 1407 PIambico
1243 1383 1410 1422 quoque
1439 1383 1557 1408 versu
1587 1367 1763 1408 eundem
1794 1367 1836 1407 in

388 1433 558 1473 modum
580 1432 702 1472 etiam
733 1432 951 1473 iambicum
984 1443 1023 1473 et
1054 1433 1178 1473 alium
1210 1434 1434 1488 quemlibet
1464 1450 1625 1475 versun]
1656 1435 1838 1475 subicere

334 1517 370 1546 13
389 1515 617 1556 possumus.
653 1499 790 1556 quue
810 1500 950 1540 eadem
969 1501 1124 1541 ratione
1141 1516 1213 1556 per
1233 1501 1369 1541 omnia
1390 1496 1518 1542 metra
1533 1517 1730 1557 usurpare
1748 1517 1838 1557 pos-

444 1653 454 1680 i
486 1656 597 1702 ipsum
619 1656 655 1689 in
679 1656 768 1702 sese]
802 1657 947 1691 Omnes
976 1656 1087 1691 MSS.

392 1708 509 1744 nostri
565 1707 742 1743 exhibent
796 1710 868 1755 ipse
919 1710 954 1743 in
1001 1721 1085 1745 sese.

393 1760 550 1797 HEUS.

452 1811 474 1840 k
506 1826 574 1848 non
604 1814 763 1860 depascit
791 1814 953 1860 aliunde]
1000 1813 1087 1850 Ele-

391 1874 556 1915 gamem,
578 1865 721 1915 ipsique
733 1866 859 1902 Tullio
879 1868 1085 1916 probatam,

394 1920 650 1968 metaphoram
676 1931 750 1955 non
780 1928 958 1968 ceperunt
977 1920 1087 1955 libra-

392 1971 451 2014 rii,
491 1985 648 2020 quorum
698 1971 807 2020 culpa
852 1974 1009 2020 deposcit
1051 1972 1088 2008 in

393 2032 549 2073 utroque
588 2023 705 2060 Paris.
746 2024 878 2074 legitur
916 2039 984 2075 pro
1029 2027 1089 2061 de-

389 2079 520 2125 paseit.
553 2077 713 2113 HEUS.

447 2129 580 2166 lAlz'os
628 2131 710 2166 huie
754 2132 883 2178 metro]
928 2131 1088 2180 Guelph.

395 2184 512 2218 Alius.
570 2182 682 2219 Paris.
738 2196 808 2219 sec.
864 2185 919 2219 hic
966 2189 1088 2220 metro.

397 2235 554 2272 HEUS.

461 2296 492 2314 m
539 2290 665 2324 blande
710 2291 870 2336 accipere
920 2290 1087 2337 possunt]

395 2341 576 2377 Nostrum
624 2340 755 2389 aliquis
803 2341 956 2378 dixisset
999 2343 1091 2389 quod

395 2406 500 2428 aures
521 2394 648 2429 blande
663 2396 823 2440 accipere
836 2397 984 2441 possint.
1019 2395 1089 2430 Sed

394 2447 434 2481 in
469 2445 532 2481 tali
561 2446 790 2482 connexione
820 2446 943 2488 etiarn,
970 2459 1090 2495 neque

395 2497 432 2533 id
453 2497 533 2533 sine
552 2499 742 2547 gravitate,
765 2497 987 2547 majorisque
1013 2512 1091 2535 cer-

396 2549 565 2586 titudinis
586 2549 868 2600 significatione,
891 2551 1090 2587 indicativo

396 2615 493 2653 saepe
526 2611 665 2639 veteres
696 2611 860 2639 utuntur.
919 2603 994 2640 Cic.
1028 2603 1090 2640 lib.

395 2656 464 2692 VI.
496 2668 554 2704 ep.
585 2655 631 2691 ad
660 2655 788 2692 divers.
813 2668 848 2703 3.
907 2657 983 2692 Nec
1011 2669 1092 2693 vero

397 2710 589 2756 quidquam
623 2710 734 2751 video,
770 2711 863 2756 quod
896 2722 964 2744 non
1000 2711 1091 2745 idem

399 2767 432 2796 te
463 2763 582 2797 videre
619 2767 714 2797 certo
751 2763 833 2796 scio.
893 2762 987 2798 Ibid.
1027 2762 1088 2798 lib.

396 2814 509 2850 XIII.
542 2827 600 2863 ep.
624 2825 658 2862 5.
717 2815 809 2856 Etsi,
832 2816 865 2849 in
891 2828 997 2862 quam
1019 2828 1092 2852 rem

390 2880 429 2913 p.
461 2869 626 2910 venimus,
656 2868 828 2914 intelligo
887 2867 968 2903 Alia
997 2868 1092 2904 dabo

1145 1656 1189 1692 ad
1221 1656 1310 1692 illud
1343 1658 1438 1693 offic.
1471 1656 1534 1692 lib.
1557 1656 1585 1692 Ι.
1616 1669 1648 1692 c.
1674 1667 1707 1704 7.
1738 1670 1776 1693 n.
1799 1657 1836 1694 6.

1146 1710 1419 1756 Credamusque,
1450 1712 1533 1756 quia
1549 1711 1614 1757 fit,
1646 1711 1739 1756 quod
1766 1712 1838 1746 dic-

1145 1767 1216 1797 tum
1232 1768 1295 1804 est,
1313 1764 1662 1811 appellatamfidem.
1683 1763 1838 1799 HEUS.

1197 1822 1217 1840 ¹¹
1251 1818 1437 1862 quisquam
1461 1829 1525 1863 pes
1543 1816 1729 1864 sequatur]
1760 1816 1838 1852 Ne-

1144 1868 1282 1903 minem
1315 1868 1402 1903 mihi
1430 1868 1518 1904 vitio
1548 1877 1688 1905 vertere
1716 1881 1836 1916 spero,

1144 1920 1244 1969 quod
1273 1920 1323 1957 ita
1348 1920 1517 1970 rescripsi
1547 1935 1612 1970 pro
1642 1922 1839 1958 manifesto

1145 1986 1279 2016 errore,
1312 1973 1372 2022 qui
1402 1975 1547 2010 codices
1583 1982 1729 2010 nostros
1758 1987 1839 2010 om-

1147 2039 1211 2062 nes
1243 2026 1399 2068 obsedit,
1432 2029 1616 2075 quisquam
1644 2040 1838 2075 persequa-

1147 2085 1217 2115 tur.
1266 2079 1352 2115 Vid.
1374 2080 1430 2116 ad.
1452 2093 1482 2116 c.
1504 2080 1593 2116 VII.
1616 2092 1652 2127 3.
1685 2080 1838 2116 HEUS.

1199 2139 1218 2158 o
1255 2134 1316 2168 sed
1348 2135 1500 2180 propria
1538 2134 1734 2169 amittenda
1770 2134 1834 2180 sit]

1147 2185 1233 2221 Duo
1254 2185 1367 2221 MSS.
1398 2188 1620 2221 admittenda
1646 2188 1702 2227 sit,
1727 2185 1837 2222 Paris.

1146 2239 1246 2287 prior
1264 2240 1498 2274 amnzz'ttenda
1518 2240 1575 2274 sit.
1611 2238 1768 2274 HEUS.

1199 2297 1218 2324 Ρ
1255 2291 1410 2326 Iambz'co
1447 2303 1584 2337 quoque
1622 2291 1740 2337 versu]
1780 2291 1839 2327 De

1146 2342 1268 2379 dativo
1293 2356 1395 2379 versu
1422 2343 1661 2379 consentiunt
1690 2343 1839 2380 codices

1148 2396 1274 2430 nostri.
1350 2396 1482 2444 Neque
1535 2396 1736 2432 audiendus
1783 2405 1841 2433 est

1147 2447 1366 2491 Priscianus,
1395 2449 1459 2498 qui
1488 2448 1550 2484 lib.
1574 2450 1660 2485 VII.
1692 2463 1726 2499 p.
1751 2451 1841 2497 778.

1147 2505 1275 2549 poetas
1298 2500 1402 2537 metri
1429 2514 1539 2537 eausa
1567 2510 1706 2550 quartae
1727 2502 1840 2538 decli..

1147 2552 1307 2588 nationis
1339 2554 1499 2590 ablativo
1530 2568 1596 2602 pro
1630 2555 1752 2591 dativo
1787 2555 1840 2591 uti

1146 2616 1381 2642 commentus
1401 2616 1468 2643 est.
1528 2608 1638 2643 Hanc
1664 2607 1840 2644 termina·-

1150 2658 1288 2695 tionem
1326 2659 1476 2709 optimis
1514 2660 1657 2696 Latinae
1691 2660 1837 2709 linguae,

1148 2711 1324 2759 prosaicis
1352 2712 1477 2756 etiarn,
1499 2713 1708 2749 auctoribus
1732 2713 1841 2749 farni-

1147 2764 1274 2800 liarem
1296 2764 1418 2807 fuisse,
1440 2765 1602 2802 ostendit
1626 2765 1773 2802 Cortius
1794 2766 1839 2802 ad

1149 2817 1297 2853 Sallust.
1319 2819 1407 2868 Jug.
1430 2819 1499 2854 VI.
1518 2831 1549 2854 1.
1584 2819 1738 2854 HEUS.
