1962 3355
130 194 236 226 CAP.
262 187 305 225 5.
692 175 775 220 De
801 172 1028 237 Syllabis.
1519 181 1581 229 29

127 299 359 346 veteranis
405 297 614 344 maxime
659 303 871 341 versatur
905 293 1036 347 locis,
1078 301 1126 338 et
1165 292 1379 339 noctium
1424 300 1494 337 est
1536 300 1582 336 et

127 376 280 423 noetis
306 374 515 421 maxime
540 372 720 436 primae‚
740 380 788 417 et
811 370 922 433 quia
947 368 1244 433 tempestatis
1277 366 1488 421 nuntius,
1514 375 1582 412 at-

129 469 223 514 que
246 450 417 496 iindex
442 458 514 496 est
539 447 666 511 parvi
693 447 814 492 laris.
880 445 1108 507 Forcipes
1123 443 1248 507 quod
1256 441 1484 507 formum
1509 459 1584 488 ca-
1605 458 1661 480 111

127 528 276 592 piant,
300 526 348 573 id
374 539 444 572 est
467 524 691 580 calidum,
708 532 762 568 ut
766 522 1035 587 fornaces.-
1069 530 1150 567 aut
1173 520 1231 566 de
1255 520 1356 565 foro
1381 517 1585 582 capiant,

127 612 182 650 ut
197 603 456 668 foricipes.
515 599 536 629 k
553 600 708 647 Foras
733 607 910 653 autem,
931 606 1078 643 status
1103 606 1199 644 tam
1226 597 1277 642 in
1301 596 1418 651 for0‚
1439 611 1582 656 quam

128 680 176 726 in
202 679 307 725 navi
334 688 379 725 et
404 676 641 731 torculari,
666 674 711 721 id
738 683 823 730 est,
847 672 988 738 Ῑληνῷ.

496 808 636 859 CAP.
666 806 735 857 V.
798 806 886 857 De
911 818 945 839 ¹¹²
966 802 1214 874 Syllabis.

196 908 389 972 Syllaba
413 916 484 954 est
509 905 782 968 conjunctio
805 904 1070 950 litterarum
1096 920 1203 949 curn
1232 899 1379 946 vocali
1407 900 1478 945 vel
1505 916 1585 945 vo-

129 985 310 1031 calibus
342 985 431 1030 sub
460 1001 557 1029 uno
599 990 797 1029 accentu
836 989 883 1026 et
921 979 1088 1044 spiritu
1123 978 1425 1024 continuata:
1474 993 1585 1021 nam

130 1079 213 1126 per
251 1062 400 1107 solam
435 1060 645 1106 vocalem
687 1057 880 1104 abusive
913 1056 1094 1119 syllaba
1130 1054 1314 1100 dieitur.
1378 1052 1588 1098 Minima

129 1146 281 1198 nergo
328 1145 399 1182 est
439 1136 621 1198 syllaba
656 1134 797 1179 unius
838 1133 1020 1187 litterae,
1056 1140 1111 1176 ut
1155 1148 1210 1176 ea
1252 1129 1460 1175 maxima
1501 1137 1587 1184 est,

129 1230 237 1276 quae
274 1229 332 1258 ex
375 1211 589 1275 pluribus
631 1218 829 1264 constat,
866 1217 921 1254 ut
954 1209 1115 1269 stirps.
1199 1206 1500 1269 Syllabarum
1539 1203 1622 1249 in2

129 1289 330 1353 pedibus
349 1286 621 1334 differentiae
642 1294 752 1331 sunt
776 1294 895 1331 tres:
933 1294 1042 1330 sunt
1061 1284 1189 1330 enim
1215 1283 1383 1344 longae,
1410 1281 1588 1335 breves,

130 1375 178 1412 et
203 1365 385 1419 mediae,
410 1381 515 1427 quae
547 1371 594 1408 et
627 1379 907 1408 communes
933 1361 1169 1408 dicuntur.
1243 1358 1318 1404 Ex
1355 1357 1427 1402 his
1451 1364 1471 1385 ⁰
1488 1357 1589 1401 bre-
1608 1382 1625 1410 J,

131 1460 211 1489 ves
237 1459 333 1488 uno
359 1439 502 1486 modo
522 1447 647 1495 sunt,
664 1438 711 1484 id
730 1447 813 1495 est,
829 1455 941 1484 cum
962 1437 1137 1483 vocalis
1157 1433 1420 1498 corripitur,
1445 1449 1586 1494 quam

131 1537 226 1565 non
250 1527 270 1557 P
289 1525 552 1580 sequuntur
575 1516 682 1562 duae
715 1523 1044 1562 consonantes,
1115 1513 1392 1574 Longarum
1431 1517 1587 1554 autem
1609 1532 1628 1559 4

132 1595 420 1658 syllabarum
447 1592 554 1639 duae
578 1591 755 1656 species
788 1600 914 1648 sunt,
939 1608 1049 1636 nam
1082 1598 1162 1635 aut
1194 1585 1468 1633 naturaliter
1491 1584 1593 1630 lon-

132 1689 202 1734 gae
242 1679 367 1727 sunt,
405 1679 486 1716 aut
522 1668 758 1732 positione
795 1669 931 1714 fiunt.
1002 1666 1077 1713 Ex
1120 1665 1193 1712 his
1233 1672 1398 1710 natura
1435 1662 1626 1724 longae5

132 1747 319 1793 duobus
357 1746 509 1792 modis
543 1754 823 1792 qconstant:
862 1762 973 1799 un0,
1000 1744 1034 1790 si
1069 1742 1244 1789 vocalis
1278 1739 1507 1804 producta
1533 1738 1594 1783 sit

133 1842 228 1870 non
270 1833 496 1885 sequente
535 1823 624 1869 alia
648 1822 814 1876 vocali,
838 1831 892 1867 ut
920 1821 1112 1883 primns
1138 1819 1197 1865 ab
1232 1819 1359 1865 oris:
1397 1833 1506 1862 narn
1547 1823 1593 1860 et

126 1901 213 1962 pri.
250 1909 297 1945 et
335 1917 360 1945 o
398 1909 444 1945 et
484 1900 555 1945 ris
593 1898 832 1962 productis
866 1897 1108 1943 vocalibus
1143 1904 1253 1941 sunt
1290 1902 1457 1939 natura
1494 1892 1594 1936 lon-

135 1994 220 2040 gae.
280 1976 405 2021 Item
433 1977 524 2021 alio
550 1974 726 2021 ¹·m0d0
752 1983 862 2020 sunt
894 1973 1046 2036 longae
1079 1971 1352 2018 naturaliter
1384 1969 1592 2033 syllabae‚
1612 1985 1631 2016 6

135 2071 245 2099 curn
295 2053 400 2099 duae
457 2054 640 2100 vocales
680 2053 965 2114 junguntur,
1015 2067 1132 2112 quas
1179 2048 1383 2112 syllabas
1439 2045 1592 2092 Graeci

135 2129 491 2193 sdiphthongos
516 2137 702 2184 vocant,
729 2137 779 2174 ut
805 2144 874 2182 ae,
901 2145 967 2184 oe,
993 2144 1070 2182 au,
1103 2142 1178 2182 eu,
1209 2130 1224 2158 t
1241 2124 1284 2171 ei
1303 2143 1318 2170 .·
1356 2141 1466 2169 nam
1503 2123 1594 2168 illae

189 2297 200 2325 i
222 2300 349 2346 index]
372 2298 482 2335 index
503 2307 559 2335 est
579 2299 619 2334 P.
770 2296 791 2324 k
811 2298 946 2345 Forus]
972 2297 1086 2346 Forys
1106 2296 1151 2333 P.
1306 2294 1317 2322 l
1337 2294 1435 2341 ληνῷ]
1457 2300 1534 2328 λενω
1555 2293 1594 2332 Ρ,

136 2377 168 2396 m
188 2370 365 2420 Syllabis]
392 2369 539 2406 Sillabis
560 2370 599 2406 P.
637 2369 698 2405 ubi
721 2382 807 2405 mox
835 2368 987 2418 syllaba.
1153 2373 1173 2392 Π
1194 2364 1307 2402 etiam
1330 2365 1404 2411 est]
1438 2349 1526 2411 erg}
1556 2364 1596 2399 P.

137 2430 156 2450 o
176 2424 321 2471 breves]
346 2423 462 2460 brevis
485 2423 525 2459 P.
663 2430 682 2458 Ρ
702 2423 925 2472 sequuntur]
948 2428 1126 2457 secuntur
1146 2419 1192 2456 P.
1357 2424 1377 2452 q
1398 2417 1590 2463 constant]

136 2478 471 2578 &ufta-13:3¹·
492 2476 621 2523 modo]
645 2475 717 2512 alio
738 2475 850 2512 modo
872 2476 910 2511 P.
1029 2481 1043 2500 s
1064 2472 1308 2522 diphtongos]
1332 2470 1533 2520 diptongos
1554 2471 1594 2507 P.

169 2543 200 2566 et
244 2543 282 2579 y!
334 2559 342 2566 .

203 2661 216 2685 1
231 2661 243 2685 1
259 2661 288 2685 1.
333 2648 512 2687 Quamvis
542 2655 580 2684 et
599 2647 765 2696 formum
804 2646 840 2682 in
897 2660 930 2683 v.
952 2645 1162 2682 Cassiodor.
1185 2657 1219 2693 p.
1240 2655 1355 2691 2292.

140 2702 283 2738 Glossis
304 2700 496 2751 reperiam.
520 2700 692 2737 existimo
715 2708 840 2737 tamen
950 2699 999 2736 ib.
1030 2700 1114 2735 Imo
1133 2698 1284 2746 forceps
1303 2709 1346 2732 ex
1357 2694 1505 2743 serceps
1523 2692 1597 2728 sive

139 2755 351 2805 legendnm,
384 2756 479 2801 quod
499 2754 653 2802 fornum
682 2755 841 2801 capiant,
886 2753 1077 2801 ferriceps,
1098 2760 1137 2788 ut
1158 2752 1267 2787 bonus
1287 2761 1330 2785 ex
1348 2749 1466 2784 benus.
1506 2747 1596 2781 Pro-

140 2812 177 2845 z'd
204 2814 255 2844 est
286 2809 454 2851 calidum,
476 2821 519 2844 ex
540 2806 682 2843 Nonio.
749 2806 842 2843 Vide
898 2807 976 2855 prie
996 2814 1052 2842 est
1071 2805 1200 2841 fabrile
1215 2804 1503 2839 instrumentum
1522 2810 1596 2846 quo

141 2860 351 2897 charisium
386 2860 422 2896 in
449 2861 611 2909 f07fices.
666 2860 840 2897 COMM.
898 2860 1034 2896 ferrum
1054 2858 1207 2908 capitur.
1250 2850 1596 2892 TERHAERIUS.
