1962 3355
335 207 433 245 340
803 197 950 244 Atilii.
974 197 1325 244 Forttmatiani
1597 210 1705 240 PAR.
1732 210 1785 239 11.

338 329 384 366 et
413 319 663 383 Pythicum
689 327 744 365 Pa
769 319 1002 382 Pythone.
1040 319 1168 364 Nam
1190 334 1296 363 cum
1325 332 1480 362 arcum
1511 315 1556 360 in
1582 331 1690 360 eum
1716 315 1787 360 in-

338 396 553 443 tenderet
575 396 764 460 Apollo,
791 396 1019 459 nymphae
1045 411 1152 440 eum
1192 394 1282 439 hoc
1316 409 1451 437 versu
1485 391 1683 437 hortatae
1717 391 1787 436 di-

339 482 522 520 cuntur.
594 473 888 519 Hexameter
923 480 1079 516 autem
1115 468 1268 514 dictus
1301 466 1426 529 quod
1463 475 1575 513 qsex
1613 467 1788 524 metris,

340 549 429 595 hoc
453 558 524 595 est
549 565 630 594 sex
654 548 869 611 pedibus,
893 546 1070 592 feritur.
1122 543 1257 589 Idem
1283 553 1460 599 tamen,
1484 542 1589 604 ¹”qui
1616 543 1786 588 herous

329 625 431 686 jam
463 634 510 671 et
545 624 805 686 dactylicus
842 621 1129 677 nominatur,
1153 620 1369 682 quamvis
1406 620 1603 666 inveniri
1639 619 1789 683 possit

338 700 417 762 qui
438 717 603 746 omnes
624 698 855 762 spondeos
880 697 1065 752 habeat,
1085 696 1265 760 recipit,
1288 704 1338 741 ut
1355 695 1468 752 dixi,
1494 695 1635 759 pedes
1655 694 1790 741 sdac-

338 775 490 837 tylum
519 784 565 820 et
590 773 852 837 spondeum
879 772 1101 818 omnibus
1126 772 1172 817 in
1202 771 1316 817 locis
1352 771 1682 826 indifferenter,
1707 770 1790 816 ali-

338 850 530 912 quando
555 850 600 895 in
637 849 806 895 ultimo
831 858 878 894 et
901 849 1177 894 trochaeum.
1248 846 1419 892 Omnis
1455 846 1580 892 enim
1619 847 1790 892 ultima

301 942 316 972 5
340 926 519 988 syllaba
544 925 590 970 in
621 943 756 971 versu
794 925 1073 988 adiaphoros
1110 923 1210 969 erit.
1280 922 1403 968 Item
1437 922 1688 985 diligenter
1723 931 1791 967 at-

338 1001 479 1048 tende
504 1000 630 1063 quod
657 1001 810 1046 omnis
850 1001 1045 1064 syllaba,
1070 1017 1176 1062 quae
1213 1009 1394 1062 partem
1421 999 1644 1045 orationis
1671 998 1789 1055 finit,

339 1077 384 1123 in
411 1077 540 1123 omni
567 1094 702 1122 versu
729 1076 945 1123 similiter
970 1075 1286 1122 indifferenter
1311 1075 1552 1138 accipitur,
1579 1083 1631 1121 ut
1655 1083 1739 1132 est,

508 1153 732 1193 Invalidus
752 1154 954 1208 etiamque
975 1158 1150 1192 tremens
1170 1153 1294 1192 etiam
1314 1153 1471 1192 inscius
1493 1152 1586 1200 ccvi,

340 1227 426 1272 dus
451 1226 632 1288 syllaba
657 1226 939 1272 indifferens.
999 1225 1244 1271 Maximus
1269 1225 1348 1287 qui
1374 1233 1445 1270 est
1467 1241 1626 1270 versus
1652 1222 1791 1286 sylla-

340 1303 420 1348 bas
450 1302 590 1347 habet
615 1317 744 1356 xvn,
770 1312 836 1357 ut,

510 1378 566 1417 At
587 1378 685 1417 tuba
705 1378 929 1418 terribilem
947 1379 1127 1418 sonitum
1141 1377 1293 1431 procul
1314 1389 1393 1416 (ere
1411 1389 1576 1416 canoro.

341 1454 578 1501 Minimus
605 1455 748 1500 habet
774 1470 869 1509 XII,
896 1466 946 1501 ut
971 1463 1040 1500 est
1064 1453 1328 1509 Ennianus,

514 1531 595 1570 Olli
616 1531 827 1586 respondit
848 1544 923 1570 rea*
944 1529 1067 1569 Albai
1087 1529 1243 1583 longai.

301 1615 321 1646 6
341 1604 433 1650 Sed
459 1605 543 1650 hos
569 1614 615 1650 et
640 1622 718 1650 eos
743 1604 823 1667 qui
852 1604 1007 1668 plures
1034 1601 1268 1665 spondeos
1293 1618 1435 1664 quam
1461 1600 1674 1664 dactylos
1712 1601 1792 1646 ha-

340 1682 468 1736 bent,
494 1676 630 1743 quasi*
655 1680 810 1726 minus
836 1681 998 1736 bonos,
1024 1688 1069 1725 et
1095 1679 1194 1725 sine
1217 1678 1406 1742 dactylo
1430 1695 1596 1741 parum
1622 1682 1791 1724 teretes

339 1766 386 1804 et
428 1774 635 1810 sonoros,
674 1755 1062 1820 ‘spondiazontas
1104 1755 1473 1819 appellaverunt.
1542 1754 1790 1818 Proprium

341 1832 482 1894 hujus
519 1841 604 1888 est,
643 1832 769 1893 quod
808 1849 994 1894 semper
1035 1849 1060 1877 a
1096 1832 1235 1894 longa
1277 1831 1442 1895 incipit
1480 1841 1527 1877 et
1561 1830 1793 1894 disyllabo

339 1908 490 1972 vpede
517 1909 694 1954 finitur.
765 1908 992 1971 Optimus
1017 1908 1231 1963 habetur,
1256 1908 1389 1970 cujus
1414 1908 1568 1972 prima
1592 1916 1794 1954 chsura

339 1984 757 2049 penthemimerim
785 1984 929 2029 habet
954 1984 1175 2030 orationis
1201 1994 1332 2048 parte
1356 1984 1504 2041 finita,
1528 1994 1581 2030 ut

454 2061 587 2100 Arma
608 2061 825 2114 virumque
845 2074 947 2100 cano
975 2061 1117 2115 Trojcc
1136 2062 1207 2115 qui
1220 2062 1390 2116 primus
1409 2061 1460 2101 ab
1480 2063 1566 2100 orz'S
1579 2077 1593 2106 ‚-

342 2142 423 2179 aut
446 2132 563 2178 duos
588 2132 731 2194 pedes
756 2141 803 2178 et
827 2133 1087 2178 trochaeum
1126 2132 1342 2178 similiter
1364 2142 1545 2196 partem
1573 2131 1794 2177 orationis

343 2208 602 2262 finientem,
628 2218 682 2254 ut

569 2284 801 2338 Jrffamlum
823 2284 1110 2339 reginajubes
1132 2298 1331 2324 renovare
1351 2285 1540 2324 dolorem.

308 2372 323 2402 7
344 2358 465 2404 Haec
492 2356 675 2402 interim
705 2356 939 2401 catholica
962 2356 1078 2401 Xtibi
1105 2366 1256 2402 erunt.
1314 2356 1460 2403 Nunc
1486 2356 1704 2418 exempla
1728 2356 1794 2401 vi-

343 2433 538 2479 deamus
576 2449 600 2477 a
634 2430 850 2476 dimetro.
919 2430 1195 2476 Dimetrum
1233 2433 1591 2479 ycatalecticum
1628 2434 1674 2478 in
1700 2450 1794 2494 quo

344 2509 555 2555 clausula
579 2517 648 2552 est
674 2507 953 2561 hexametri,

578 2584 753 2623 Terruit
773 2584 930 2631 urbem,

399 2714 418 2741 P
438 2719 461 2741 α
482 2705 663 2752 Pythone]
689 2718 709 2739 α
732 2716 806 2740 om.
830 2704 876 2739 V.
1018 2712 1037 2738 (l
1056 2705 1133 2751 sex]
1157 2718 1198 2740 ex
1218 2706 1262 2741 V.
1285 2715 1322 2741 et
1342 2707 1394 2743 sic
1417 2720 1517 2743 mox.
1660 2715 1675 2734 r
1696 2709 1796 2754 quasi

346 2759 489 2806 herous]
514 2760 573 2805 qui
594 2758 720 2794 herous
730 2756 813 2802 jam
835 2756 881 2791 V.
978 2763 992 2782 S
1013 2759 1195 2805 dactylum
1216 2760 1265 2805 et]
1288 2761 1395 2806 pedes
1415 2761 1630 2807 dactylicum
1648 2765 1682 2795 et
1697 2760 1741 2794 V.
1758 2768 1795 2795 et

346 2826 431 2848 mox
451 2825 528 2848 om.
549 2813 598 2848 in.
683 2813 694 2837 ἵ
713 2810 1005 2856 spondiazontas]
1029 2813 1307 2857 sponcliazwztas
1327 2812 1375 2848 V.
1463 2820 1481 2838 V
1500 2814 1615 2860 paene]
1637 2815 1728 2860 pede
1749 2813 1792 2846 V.

345 2872 373 2891 W
394 2865 559 2911 censura]
583 2876 705 2899 cesara
725 2864 771 2899 V.
801 2863 893 2898 Mox
913 2862 1109 2910 l.finitam.
1220 2872 1240 2891 X
1261 2867 1340 2914 tibi]
1364 2867 1425 2913 qui
1446 2866 1506 2901 tibi
1530 2867 1572 2901 V.
1693 2873 1712 2900 Y
1734 2879 1794 2901 ca·

346 2920 533 2966 talectum]
559 2930 581 2952 α
602 2922 671 2952 cat.
693 2917 907 2952 catalectum
923 2916 970 2951 V.
