1962 3355
330 177 426 214 420
938 166 1191 214 Prisciani

331 289 590 353 AEschylus
616 289 661 335 in
686 289 819 335 Ἑπτὰ
843 287 906 335 ἐπὶ
931 291 1104 347 Θήβαςι

493 366 785 425 Ἱππομέδοντος
807 371 920 426 σῆμα
944 364 1011 412 καὶ
1034 367 1166 427 μέγας
1189 365 1321 416 τύπος.

333 441 389 487 In
426 440 662 505 principio
694 441 820 487 enim
855 441 1117 487 trochaeum
1156 439 1329 503 posuit.
1401 439 1557 491 Quem
1594 438 1788 485 imitans

333 517 607 582 Sophocles,
625 526 745 564 teste
770 518 982 574 Seleuco,
1002 516 1180 581 profert
1204 515 1419 578 quaedam
1447 523 1609 562 contra
1633 515 1786 580 legem

333 603 612 648 metrorum,
638 594 761 640 sicut
784 592 833 638 in
860 593 979 638 hoc:

496 670 796 729 Ἀλφεσιβοῖαν
819 670 862 726 ἢν
886 672 904 715 ὃ
927 670 1120 731 γεννήσας
1144 671 1289 732 πατήρ.

273 778 313 809 35
336 759 434 806 Hic
459 775 648 820 quoque
680 757 866 803 iambus
892 774 918 802 a
941 756 1149 802 trochaeo
1187 756 1369 821 incipit.
1440 756 1708 803 Simonides
1743 764 1792 802 et

333 835 538 881 Alcman
563 833 610 878 in
636 832 857 887 iambico,
883 840 1003 878 teste
1029 831 1308 890 Heliodoro,
1326 850 1419 879 non
1446 833 1598 879 solum
1625 833 1671 878 in
1698 833 1792 878 fine

334 918 520 974 ponunt
544 908 826 972 spondeum,
852 908 932 955 sed
958 908 1101 955 etiam
1129 908 1176 954 in
1203 909 1304 955 aliis
1331 909 1459 955 locis.
1523 907 1792 955 Simonides

335 987 382 1033 in
407 986 497 1032 Ἐπ’
521 985 766 1049 Ἀρτεμισίῳ
791 984 1036 1047 Νανμαχίᾳ,
1062 985 1109 1030 in
1135 985 1339 1032 dimetro
1364 985 1654 1042 catalectico,

501 1061 773 1123 Ἐβόμβησεν
798 1065 1005 1118 θάλασσα,

336 1152 384 1198 in
410 1149 616 1197 seeundo
640 1150 745 1196 loco
771 1149 1034 1214 spondeum
1061 1149 1234 1213 posuit.
1306 1149 1586 1212 Ἀντιστρέφει
1611 1149 1652 1196 δὲ
1675 1147 1797 1212 αὐτῷ,

502 1228 803 1289 Ἀποτρέπουσα
826 1233 963 1289 κῆρας.

337 1315 542 1361 Alcman
575 1322 734 1360 autem
760 1313 808 1359 in
834 1313 990 1376 primo
1015 1313 1345 1360 catalecticum
1375 1312 1645 1359 trimetrum
1672 1311 1798 1369 fecit,

339 1391 594 1437 habentem
625 1390 673 1436 in
699 1398 867 1452 quarto
903 1390 1008 1435 loco
1044 1389 1187 1436 modo
1224 1390 1455 1445 iambum,
1482 1388 1623 1435 modo
1659 1406 1797 1452 spon⁴

340 1468 500 1523 deum,
525 1466 620 1513 sic:

506 1541 733 1605 Νεοχμον’
717 1564 816 1604 αρχε
841 1542 1040 1605 παρθενοις
1062 1541 1194 1588 ἄειδεν

508 1607 590 1654 Και
615 1629 702 1660 ναος
725 1611 847 1670 ἁγνᾶς
873 1608 1046 1670 ευπῦργω
1071 1609 1275 1669 θεράπνας.

283 1709 325 1749 36
346 1697 443 1743 Hic
469 1703 635 1758 quarto
660 1696 765 1741 loco
789 1694 1054 1758 spondeum
1085 1694 1239 1740 habet.
1312 1694 1557 1751 Similiter,

510 1772 706 1836 Χερσὸνῧε
731 1770 859 1831 κωφὸν
885 1771 920 1818 ἐν
943 1770 1123 1830 φύκεσσι
1149 1777 1289 1828 πιτνεῒ,

345 1869 512 1924 quarto
555 1860 659 1906 loco
701 1858 966 1923 spondeum
1011 1858 1184 1922 posuit,
1225 1860 1355 1919 (nam
1396 1867 1454 1918 φυ
1495 1857 1805 1922 producitur,)

347 1946 464 1984 teste
504 1935 783 1993 Heliodoro,
825 1934 906 1997 qui
948 1935 1028 1989 ait,
1068 1934 1367 1981 Simonidem
1411 1935 1501 1981 hoc
1540 1935 1808 1997 frequenter

346 2015 514 2061 facere.
584 2012 719 2058 Idem
745 2011 955 2058 ostendit
981 2011 1236 2058 Pindarum
1275 2012 1419 2059 etiam
1455 2011 1724 2075 trisyllabos
1761 2010 1806 2056 in

348 2092 442 2136 fine
467 2106 625 2136 versus
651 2088 897 2152 posuisse:

516 2164 658 2225 Νόμων
681 2165 884 2216 ἀκούοντες
907 2164 1121 2226 θεᾶὃμητον
1146 2165 1322 2211 κέλαδον.

292 2272 333 2304 37
354 2252 481 2299 Ecce
504 2252 552 2298 in
580 2253 670 2299 hoc
695 2252 855 2299 iambo
887 2251 936 2298 in
962 2253 1056 2298 fine
1089 2251 1363 2315 tribrachyn
1404 2250 1580 2314 posuit,
1605 2250 1686 2312 qui
1725 2266 1813 2296 nec

354 2337 690 2377 concatenatus
725 2346 824 2374 esse
859 2336 1017 2392 potest
1049 2345 1158 2373 cum
1187 2335 1524 2389 consequente,
1550 2326 1729 2390 quippe
1764 2326 1813 2371 in

355 2413 697 2452 consonantem
723 2403 958 2450 desinens.
1028 2403 1257 2449 Similiter
1280 2402 1629 2467 Bacchylides:

522 2485 678 2548 Χρνσόν
702 2490 850 2547 βροτῶν
873 2484 1070 2546 ’γνώμαισι
1096 2485 1233 2546 μανύει
1258 2484 1436 2548 καθαρόν.

297 2591 338 2629 38
358 2575 458 2622 Hic
492 2590 681 2637 quoque
714 2572 899 2619 iambus
936 2572 984 2617 in
1021 2573 1116 2618 fine
1152 2571 1428 2635 tribrachyn
1466 2572 1622 2618 habet.
1690 2570 1817 2634 Hip-

359 2659 611 2716 ponactem
641 2649 783 2696 etiam
821 2648 1027 2695 ostendit
1065 2648 1354 2695 Heliodorus
1391 2649 1574 2695 iambos
1599 2655 1646 2694 et
1670 2646 1819 2694 choli-

363 2728 526 2776 ambos
551 2725 745 2775 confuse
769 2724 1046 2789 protulisse:

525 2804 672 2865 Ἑρμῆ,
692 2800 781 2861 φίλ’
811 2802 957 2863 Ἑρμῆ,
984 2801 1187 2858 Μαιαὸεῢ,
1207 2802 1421 2859 Κυλλήνιε,

530 2878 747 2940 ἐπεύχομαι
773 2899 848 2933 τοι,
874 2879 1001 2940 κάρτα
1024 2879 1100 2941 γὰρ
1125 2883 1254 2930 κακῶς
1276 2881 1386 2940 ῥιγῶ.
