1962 3355
359 227 451 263 202
858 219 1016 266 Marii
1044 218 1287 266 Victorini
1617 232 1713 263 Lm.
1739 233 1804 264 1v.

358 337 456 384 Hic
479 357 564 402 pro
582 340 787 387 trochaeo
812 340 1074 403 tribrachys
1100 341 1295 405 positus,
1322 340 1462 401 longa
1487 338 1535 384 in
1560 338 1676 385 duas
1700 340 1804 385 bre·

358 432 435 460 ves
473 416 626 462 soluta
651 417 738 463 tibi
760 433 829 472 ve,
856 416 1100 479 utriusque
1128 416 1264 462 metri
1291 415 1590 478 disciplinam
1620 422 1805 468 tuetur3

358 491 446 537 tibi
469 492 597 537 enim
623 492 701 538 hic
735 510 820 556 pro
846 510 940 537 una
974 493 1153 555 syllaba
1190 492 1330 553 longa
1356 490 1600 553 accipitur,
1635 495 1715 552 qui
1752 492 1807 537 fit

295 586 334 618 45
358 575 410 613 ut
446 568 570 614 idem
614 586 773 614 versus
810 569 923 614 asub
974 568 1216 629 utriusque
1259 566 1529 612 conditione
1576 575 1805 612 teneatur.

355 642 483 689 Nam
511 644 610 707 pari
644 645 748 707 lege
770 643 877 690 duae
905 645 1080 697 breves,
1106 643 1151 689 id
1178 652 1248 689 est
1274 642 1429 689 media
1455 652 1596 704 atque
1621 641 1806 698 ultima,

357 718 406 764 in
425 736 569 765 unam
591 720 781 782 longam
803 729 1040 774 coeuntes,
1058 719 1269 765 iambum
1289 728 1335 764 et
1354 719 1614 764 trochaeum
1634 718 1806 764 forma-

356 795 488 840 bunt.
559 795 687 848 Quid
727 813 854 842 nunc
893 795 950 841 de
991 795 1413 858 proceleusmatico
1451 793 1685 840 dixerim?
1721 793 1803 855 qui

354 887 410 915 ex
435 871 657 916 omnibus
695 871 912 917 brevibus
951 871 1178 928 subsistit,
1202 881 1255 917 ut
1279 880 1349 917 cst
1372 871 1451 917 ille
1476 888 1636 917 versus
1661 880 1804 917 tetra-

356 955 504 992 meter
528 946 851 1000 catalecticus;

484 1023 632 1069 Perit
655 1023 756 1069 abit
779 1023 991 1085 avipedis
1015 1022 1230 1069 animula
1256 1022 1441 1085 leporis.

291 1108 333 1145 46
352 1098 479 1145 Nam
516 1099 612 1145 fere
649 1100 810 1146 metris
842 1099 1064 1145 omnibus
1099 1100 1281 1146 misceri
1322 1098 1686 1161 communisque
1724 1098 1805 1145 ba-

354 1175 448 1221 beri
491 1175 707 1239 bpoterit,
748 1177 783 1222 si
821 1194 931 1222 eum
968 1193 1052 1239 per
1092 1176 1476 1237 conjunctionem
1515 1175 1802 1238 syllabarum

352 1269 405 1298 ac
431 1261 718 1315 temporum,
743 1263 884 1317 prout
911 1253 1284 1314 uniuscujusque
1306 1252 1442 1298 metri
1468 1252 1679 1298 conditio
1703 1253 1804 1298 exi-

290 1340 329 1373 47
351 1327 433 1390 git,
459 1328 710 1374 informare
736 1347 788 1375 ac
824 1329 1030 1375 dividere
1054 1329 1296 1375 cvolueris.
1367 1328 1471 1374 Pari
1496 1328 1676 1374 ratione
1707 1329 1804 1391 syl-

348 1404 563 1450 labarum
600 1405 767 1452 divisio
795 1406 867 1451 vel
905 1405 1138 1452 connexio
1174 1405 1371 1451 eandem
1410 1403 1572 1451 metris
1610 1404 1804 1452 varieta-

349 1489 446 1527 tem
473 1480 619 1535 dabit,
647 1489 711 1538 ut,

550 1557 644 1603 Rei
667 1559 867 1621 magnai
881 1558 1102 1620 publz'cai
1126 1555 1357 1621 dgr-atiud.

349 1633 478 1679 Nam
506 1633 542 1678 si
568 1633 916 1680 ediductionem
946 1634 1232 1697 syllabarum
1261 1632 1317 1679 ad
1338 1632 1569 1679 unitatem
1597 1651 1801 1689 revoces,

349 1718 402 1756 ut
437 1710 497 1755 sit
532 1727 717 1774 magna}
753 1721 799 1757 et
828 1711 1045 1773 pzcblicce,
1070 1728 1128 1756 ex
1154 1710 1368 1755 trimetro
1392 1709 1666 1756 catalectico
1700 1710 1802 1756 bra-

287 1794 328 1831 48
348 1785 731 1848 chycatalectum
768 1787 1033 1832 trimetrum
1073 1786 1260 1831 efficies.
1331 1786 1418 1832 Per
1453 1787 1799 1832 connexionem

349 1871 525 1918 autem,
551 1862 593 1907 id
623 1872 694 1908 est
718 1880 826 1908 cum
854 1862 957 1908 duae
984 1862 1168 1909 vocales
1205 1880 1300 1908 non
1333 1862 1609 1925 interposita
1635 1880 1801 1909 conso-

348 1947 491 1984 nante
518 1939 675 1985 media
707 1939 756 1984 in
792 1956 936 1985 unam
964 1938 1197 2002 syllabam
1223 1948 1472 2002 coguntur,
1497 1938 1622 1984 idem
1661 1939 1799 1995 effici,

347 2015 435 2061 erit
457 2015 678 2079 exemplo
703 2033 860 2061 versus
888 2016 979 2069 hic,

484 2090 604 2137 Cum
631 2092 938 2155 teflagranti
962 2091 1134 2155 dejecit
1157 2090 1171 2120 f
1168 2090 1387 2154 fulmine
1410 2091 1627 2138 Phaeton.

287 2177 328 2208 49
349 2166 526 2212 scilicet
559 2176 609 2213 ut
634 2167 921 2230 disyllabum
949 2185 1125 2213 nomen
1150 2185 1209 2213 ex
1235 2167 1479 2230 trisyllabo
1499 2169 1596 2214 fiat.
1666 2168 1796 2215 Nam

348 2243 384 2289 si
411 2261 625 2289 connexa
645 2243 838 2290 diducas
858 2253 910 2289 ut
931 2244 991 2290 sit
1006 2243 1243 2299 Plzae‘ton,
1263 2243 1409 2288 heroo
1428 2243 1579 2288 versui
1601 2244 1798 2291 ultimus

348 2328 612 2383 anapaestus
649 2319 987 2382 &adjungeturz
1031 2319 1096 2365 ita
1139 2321 1193 2365 fit
1230 2328 1284 2364 ut
1320 2318 1613 2365 admixtione
1660 2320 1798 2367 unius

287 2414 328 2446 50
346 2395 479 2459 pedis
520 2395 701 2442 diversa
739 2405 996 2441 metrorum
1039 2412 1211 2458 genera
1253 2393 1553 2440 misceantur.
1622 2396 1798 2442 Versus

346 2489 536 2535 quoque
578 2471 1001 2535 hendecasyllabus
1049 2470 1318 2534 Sapphicns
1365 2470 1492 2516 varia
1539 2472 1796 2519 scandendi

345 2547 574 2594 divisione
599 2547 792 2594 diversis
827 2548 948 2593 inter
977 2565 1024 2592 se
1062 2546 1223 2592 metris
1257 2546 1526 2592 communis
1562 2547 1797 2594 reddetur.

344 2623 473 2669 Nam
513 2623 549 2669 si
586 2624 649 2670 ita
685 2623 934 2687 percutias,
958 2632 1013 2669 ut
1035 2622 1217 2686 primus
1243 2621 1293 2668 in
1322 2639 1378 2667 eo
1408 2640 1492 2685 pes
1526 2622 1585 2668 sit
1609 2623 1799 2688 disylla-

399 2780 419 2799 a
438 2772 643 2822 utriusque]
667 2774 735 2810 sub
757 2773 947 2822 utriusque
968 2774 1007 2809 P.
1090 2771 1110 2800 b
1131 2774 1266 2823 poterit
1287 2775 1368 2823 pes]
1389 2774 1527 2824 poterit
1546 2776 1587 2811 P.
1699 2782 1715 2802 0
1734 2789 1799 2812 vo-

345 2825 473 2875 lueris]
498 2826 654 2863 voluerit
674 2827 715 2863 P.
878 2824 898 2852 d
916 2827 1028 2876 grati]
1050 2826 1181 2876 gratiai
1203 2828 1245 2865 P.
1398 2834 1414 2853 θ
1435 2827 1710 2876 seductionem]
1731 2829 1796 2865 de-

345 2878 561 2916 ductionem
581 2880 623 2916 P.
746 2878 761 2906 f
779 2879 952 2927 fulmine]
975 2880 1128 2917 flumine
1147 2880 1186 2916 Ρ.
1311 2888 1332 2915 g
1354 2880 1593 2931 adjungetur]
1618 2882 1796 2932 adjunge-

346 2941 445 2969 retur
465 2933 505 2970 P.
