1962 3355
385 210 410 247 8
890 201 1049 248 ,Marii
1078 201 1325 248 Victorini
1677 217 1771 247 Lm.
1799 216 1830 246 1.

343 320 581 376 sodiosus,
606 340 688 386 per
722 323 816 369 duo
851 342 875 370 s
909 324 1188 381 scribebant,
1212 323 1424 370 haussus.
1493 324 1645 370 Juxta
1669 333 1828 369 autem

378 415 474 443 non
501 400 740 461 ponebant
765 416 850 456 cm,
875 399 1046 445 deinde
1070 417 1157 446 nee
1177 399 1455 446 Alcmenam
1479 399 1715 453 dicebant,
1742 417 1828 444 nee

378 473 690 530 iTecmesam,
711 476 791 521 sed
807 475 1134 532 Alcumenam,
1151 476 1262 521 inde
1285 475 1593 522 kAlcumoeon
1612 484 1658 520 et
1678 475 1831 521 Alcu-

378 566 515 596 mena
549 551 805 613 tragoediae,
843 551 994 597 donec
1034 552 1131 597 Jul.
1163 550 1350 608 lCaesar,
1385 551 1466 613 qui
1502 550 1754 613 Vopiscus,
1785 560 1832 595 et

379 625 562 682 Strabo,
599 636 686 673 met
717 627 1020 689 Sesquieulus
1056 626 1209 673 dictus
1250 637 1334 683 est,
1370 627 1550 690 primus
1589 625 1646 671 de
1682 625 1833 671 nTec-

379 718 506 747 mesa
527 703 711 765 scripsit
730 703 1010 766 tragoediam
1037 720 1187 757 suam,
1207 712 1254 748 et
1273 703 1319 748 in
1347 711 1514 748 0scena
1538 701 1831 764 pronuntiari

341 776 528 838 4jussit.
567 778 741 824 Accius
765 796 875 824 vero
900 796 1007 824 cum
1031 778 1253 824 scriberet
1279 779 1466 841 anguis,
1486 778 1720 841 Panguez’s
1744 777 1832 822 im-

378 854 598 916 ponebat.
650 853 814 899 quem
841 871 926 899 nec
951 871 978 899 z
1004 854 1203 908 literam,
1227 871 1314 899 nee
1344 871 1380 916 y
1410 854 1457 899 in
1482 854 1603 899 libro
1628 870 1713 899 suo
1737 861 1833 898 rre-

377 928 499 984 tulit,
532 928 641 990 quia
676 945 780 989 quae
813 937 920 974 ante
957 928 1165 974 fecerant
1195 928 1392 974 Naevius
1428 938 1474 974 et
1504 929 1683 983 Livius,
1720 945 1827 974 cum

377 1004 518 1065 longa
554 1004 734 1066 syllaba
771 1003 1015 1049 scribenda
1043 1016 1181 1059 esset,
1204 1003 1320 1048 duas
1357 1004 1540 1049 vocales
1576 1005 1831 1067 ponebant,

376 1088 687 1143 praeterquam
725 1097 828 1141 quae
866 1081 914 1124 in
954 1079 970 1125 i
1005 1079 1188 1138 literam
1225 1078 1504 1136 inciderant,
1542 1079 1666 1125 hanc
1700 1079 1829 1124 enim

378 1174 460 1219 per
503 1174 526 1202 e
563 1157 662 1202 etz'
707 1156 989 1202 scribebant.
1062 1156 1268 1202 SGneius
1317 1155 1572 1218 Pompeius
1620 1156 1829 1218 Magnus

378 1243 425 1279 et
466 1233 721 1279 ¹[scribebat
760 1242 807 1278 et
846 1231 1033 1278 dicebat
1069 1232 1410 1279 kadamitatem
1449 1250 1535 1295 pro
1577 1232 1830 1278 kalamita-

340 1330 356 1358 5
378 1318 483 1355 tem.
551 1309 776 1371 Nigidius
826 1308 1021 1372 Figulus
1057 1309 1103 1354 in
1141 1309 1511 1355 Commentariis
1548 1308 1642 1354 suis
1678 1326 1765 1354 nec
1801 1309 1830 1354 lr

377 1386 548 1449 posuit,
574 1395 687 1431 unec
723 1404 764 1448 q,
789 1403 875 1431 nec
905 1402 950 1431 x.
1010 1385 1144 1432 Idem
1171 1386 1202 1432 Ῐι
1231 1403 1327 1431 non
1363 1403 1464 1431 esse
1499 1385 1721 1441 litteram,
1748 1384 1827 1430 sed

377 1472 536 1508 notam
565 1462 892 1525 adspirationis
917 1461 1122 1508 tradidit.
1183 1462 1398 1508 Licinius
1424 1462 1596 1509 Calvus
1621 1480 1648 1525 q
1674 1462 1829 1507 littera

377 1556 469 1584 non
508 1547 575 1583 est
613 1556 749 1584 usus:
789 1539 1055 1584 consultam
1090 1546 1311 1585 vsenatus
1346 1539 1446 1602 ipse
1480 1538 1745 1602 vvscripsit:
1781 1546 1828 1582 et

340 1629 359 1659 6
378 1614 435 1660 ad
459 1614 665 1660 WCaium
695 1614 945 1671 Caesarem,
967 1621 1162 1661 senatus
1198 1614 1475 1662 consultum.
1536 1614 1669 1661 Idem
1709 1614 1829 1676 opti-

378 1709 481 1737 mus
512 1692 748 1737 maoeimus
773 1691 974 1754 scripsit,
1000 1708 1096 1736 non
1123 1700 1174 1737 ut
1198 1709 1282 1737 nos
1318 1709 1401 1755 per
1424 1709 1457 1737 u
1482 1691 1702 1738 litteram.
1739 1690 1828 1736 Di-

378 1785 460 1813 vus
484 1769 728 1831 Augustus
764 1768 1003 1831 Xgenitivo
1027 1785 1137 1814 casu
1169 1768 1309 1831 hzgjus
1340 1768 1498 1814 domos
1531 1784 1641 1814 mese
1670 1784 1753 1830 per
1786 1782 1827 1820 o,

377 1862 471 1889 non
510 1854 560 1889 ut
596 1862 680 1889 nos
712 1861 795 1907 per
828 1862 859 1890 u
895 1844 1078 1890 literam
1115 1844 1314 1906 scripsit.
1373 1844 1596 1900 Messala,
1633 1845 1826 1897 Brutus,

341 1942 356 1973 7
376 1920 604 1983 Agrippa,
617 1938 703 1983 pro
718 1938 895 1976 sumus,
905 1921 1067 1967 simus.
1099 1920 1203 1966 Nos
1220 1920 1519 1984 paucioribus
1537 1920 1702 1966 litteris
1719 1919 1829 1966 scri—

378 1996 547 2054 bimus,
563 2015 706 2059 quam
723 1998 903 2060 antiqui
925 1997 1208 2052 scribebant,
1224 2005 1292 2053 ut,
1306 2013 1470 2053 nurus,
1488 2013 1651 2053 navus,
1669 2002 1828 2052 natus,

376 2089 541 2118 nosco.-
579 2082 715 2119 ynam
755 2074 822 2120 illi
861 2074 943 2120 has
968 2091 1121 2130 voceS,
1146 2082 1193 2119 et
1229 2073 1406 2118 similes
1442 2073 1544 2118 istis
1573 2089 1610 2135 g
1634 2080 1828 2134 antepo-

378 2148 464 2193 sita
501 2149 792 2195 scribebant:
831 2149 963 2211 cujus
997 2149 1352 2195 consuetudinis
1388 2167 1472 2195 nos
1499 2149 1696 2211 vestigia
1719 2149 1827 2194 reti-

377 2241 558 2280 nemus,
604 2243 709 2271 cum
765 2226 1016 2272 scribimus
1062 2227 1277 2289 ignarus,
1318 2232 1563 2290 cognatus,
1607 2226 1826 2288 ignavus,

430 2345 449 2371 h
481 2360 605 2381 aussus
635 2355 670 2382 et
693 2350 841 2395 caetera]
869 2362 1000 2384 aussus
1031 2349 1070 2384 P.
1233 2346 1498 2395 iTecmesam]
1531 2355 1755 2397 tescmusam
1783 2349 1826 2384 P.

376 2398 397 2424 k
418 2399 648 2446 Alcumaeon]
673 2401 898 2437 Alcumeneo
921 2402 959 2437 P.
1069 2400 1080 2429 l
1100 2401 1240 2447 Caesar]
1266 2402 1380 2437 Cesar
1400 2402 1439 2437 P.
1550 2408 1580 2426 m
1600 2400 1661 2450 qui
1682 2409 1720 2436 et
1740 2402 1825 2437 Ses-

377 2451 565 2501 quiculus]
587 2460 624 2487 et
643 2455 878 2501 sesquecnlns
900 2455 940 2489 P.
970 2456 1208 2501 sesquioczzlus
1228 2454 1372 2490 Fabric.
1394 2455 1440 2490 B.
1457 2455 1506 2490 G.
1527 2455 1599 2490 ΙΙΙ.
1621 2466 1655 2502 p.
1678 2453 1825 2490 8=IV.

377 2518 412 2554 p.
434 2515 523 2552 577.
650 2513 670 2530 n
691 2507 870 2542 Tecufflsa
889 2507 1051 2556 scripsit]
1074 2508 1297 2544 Tecmusam
1319 2506 1463 2543 scribsit
1482 2507 1522 2542 P.
1667 2513 1685 2532 o
1706 2518 1826 2542 scaena

376 2557 630 2607 pronunciari]
655 2571 764 2594 scena
787 2560 1015 2607 pronuntiari
1038 2561 1076 2596 P.
1204 2567 1224 2595 P
1243 2560 1414 2609 angueis]
1438 2558 1588 2609 anguies
1609 2558 1761 2608 angules
1784 2560 1824 2596 P.

377 2628 397 2655 q
428 2622 542 2667 Item]
579 2621 685 2658 Idem
715 2623 753 2657 P.
877 2632 891 2650 1·
924 2625 1080 2672 rettulit]
1115 2624 1241 2660 retulit
1265 2625 1305 2660 P.
1435 2629 1449 2649 S
1482 2622 1639 2670 Gneius]
1675 2624 1751 2659 GN
1783 2624 1823 2659 P.

375 2675 390 2700 t
409 2674 620 2710 scribebant
639 2682 675 2709 et
694 2673 884 2722 dicebaut]
909 2676 1090 2713 scribebat
1109 2686 1147 2713 et
1166 2677 1312 2713 dicebat
1331 2678 1372 2712 P.
1448 2683 1471 2702 ¹1
1491 2689 1555 2725 pro
1576 2676 1628 2722 Q]
1654 2688 1722 2712 nec
1742 2676 1822 2715 QP.

376 2735 394 2753 V
415 2727 547 2772 senati]
568 2735 716 2762 senatus
738 2728 776 2761 P.
809 2729 863 2763 An
880 2732 1036 2765 senatuis
1050 2732 1070 2764 ‚9
1089 2744 1120 2766 v.
1139 2730 1256 2779 Sosip.
1272 2729 1412 2766 Charis.
1434 2743 1469 2778 p.
1492 2729 1576 2765 116.
1651 2728 1824 2776 ,Περιήρ-

375 2780 440 2827 sit]
463 2779 608 2816 scribsit
629 2780 669 2814 P.
691 2788 725 2814 et
747 2780 852 2816 infra.
937 2788 964 2805 w
985 2783 1135 2828 Caium]
1158 2787 1177 2819 f:
1201 2784 1238 2818 P.
1335 2790 1355 2808 X
1373 2782 1553 2832 genitivo]
1575 2768 1748 2832 genetivo
1779 2782 1822 2818 P.

374 2841 392 2868 Y
413 2842 450 2869 et
469 2832 538 2879 illi]
563 2846 644 2868 nan]
668 2832 719 2867 illi
740 2834 776 2867 P.

483 2926 503 2960 3
528 2914 676 2960 Strabo]
703 2926 731 2947 v.
755 2914 906 2948 Sueton.
929 2915 1022 2949 Caes.
1045 2927 1075 2949 c.
1099 2926 1159 2961 55.
1182 2916 1286 2951 Voss.
1309 2916 1354 2952 de
1373 2917 1477 2953 Poet.
1498 2916 1581 2952 Lat.
1603 2929 1636 2965 p.
1658 2927 1716 2961 14.
