1962 3355
359 186 427 226 viii

904 184 1258 225 PRAEFATIO.

360 290 441 336 det
475 290 510 336 si
544 290 647 352 quis
683 289 730 334 in
767 289 1006 334 meliorem
1045 287 1254 333 codicem
1295 286 1511 331 inciderit
1542 304 1683 347 quam
1710 304 1805 348 quo

362 366 588 413 hactenus
614 365 749 411 nobis
772 364 861 409 frui
883 363 1029 409 licuit.

362 528 385 542 “
408 521 540 558 himas.
561 522 658 558 hanc
674 521 725 557 sic
743 528 876 557 notant
895 529 991 556 stare
1010 520 1056 555 ad

361 580 385 594 “
407 583 518 622 caput
532 578 610 624 ejus
638 574 878 610 consonantis
906 571 964 609 cui
995 584 1056 607 vo-

360 632 384 647 “
405 626 491 663 calis
506 627 693 662 subtracta
712 634 780 668 est,
794 625 964 661 inflexam
985 623 1057 659 vir-

362 683 387 699 “
406 679 544 728 gulam,
580 691 662 727 quae
700 679 746 714 ad
781 689 861 713 eam
901 684 1055 726 spectat,

362 735 387 751 “
408 739 613 780 apponunt.

376 784 398 800 “
416 783 550 812 Tanton'
561 792 606 812 me
621 783 750 812 crimine
764 783 891 820 diynum
908 781 1057 811 duoeisti.'‘

417 836 619 885 Sequentia
637 837 776 885 praebet
795 835 854 872 ed.
872 834 1056 872 Mediola-

363 889 509 924 nensis:

417 946 442 960 “
464 939 670 976 Donatiani
691 940 957 988 Fragmentum
977 939 1058 988 lege

363 998 386 1013 “
408 1005 491 1028 cum
530 993 646 1028 venia.
716 993 784 1028 Ars
816 991 1059 1041 grammatica

364 1049 390 1065 “
410 1052 562 1093 accepta
593 1057 638 1080 ex
679 1043 863 1080 auditorio
895 1043 1056 1079 Donati-

363 1101 388 1117 “
409 1096 468 1132 ani
509 1095 747 1132 Artificialia:
795 1109 879 1132 cum
911 1103 1060 1132 contra-

363 1153 388 1168 “
408 1148 468 1185 riis
514 1149 690 1197 loquendi
726 1149 940 1185 facultatem
974 1161 1060 1184 usus

363 1205 388 1220 “
409 1200 561 1242 invenit,
583 1201 675 1237 ratio
695 1200 963 1250 comprobavit.
1004 1213 1059 1236 ra-

365 1257 391 1272 “
411 1254 464 1289 tio
503 1253 672 1303 dirigitur
708 1252 747 1289 in
780 1254 871 1289 duas
905 1252 1058 1301 species,

364 1310 387 1325 “
407 1318 559 1354 quarum
594 1306 745 1342 alteram
782 1305 1058 1355 aetimologiam,

364 1362 389 1378 “
410 1358 561 1394 alteram
591 1357 796 1407 analogiam
819 1357 936 1394 Graeci
957 1358 1058 1393 dixe-

365 1415 389 1429 “
411 1418 508 1446 runt.
577 1410 803 1458 aetimologia
838 1419 894 1447 est
931 1411 1060 1446 verbo-

367 1466 390 1482 “
411 1475 492 1498 rum
512 1462 548 1498 in
571 1476 638 1499 usu
657 1462 841 1500 credibilis
869 1475 1058 1499 enumera-

365 1519 391 1535 “
411 1515 479 1557 tio,
499 1515 582 1551 ideo
613 1516 711 1564 quod
739 1517 841 1564 quasi
870 1514 1060 1564 antologia

367 1572 391 1586 “
414 1566 511 1603 dicta
530 1575 598 1604 est.
647 1568 864 1617 Analogiam
886 1567 938 1604 sic
955 1569 1060 1603 Grae-

367 1624 391 1639 ‘⁴
412 1618 447 1655 ci
467 1619 703 1656 diffinierunt.
748 1620 929 1670 Analogia
948 1628 1003 1656 est
1023 1619 1060 1655 in

367 1676 390 1692 ‘⁶
410 1672 597 1721 symploce
605 1702 743 1709 ......
759 1672 860 1709 idest
872 1685 1061 1709 connexus

367 1728 393 1743 “
413 1724 621 1760 orationum
654 1724 959 1773 consequentium
992 1725 1061 1760 hu-

368 1779 513 1825 “jusce
544 1777 724 1826 generalis
763 1776 944 1826 analogiae
977 1789 1057 1826 spe-

368 1833 394 1848 “
416 1828 490 1864 cies
519 1829 687 1877 quaedam
723 1833 906 1879 spectant*
932 1830 972 1865 in
1006 1841 1061 1864 re·

368 1884 392 1900 “
413 1881 500 1916 bus:
520 1882 687 1930 quaedam
702 1881 737 1917 in
752 1882 955 1918 rationibus
969 1882 1063 1917 hanc

369 1937 391 1952 ‘⁴
413 1933 619 1983 analogiam
630 1934 747 1970 Graeci
756 1948 837 1982 quae
847 1942 1064 1984 spectantur

369 1989 393 2005 “
414 1985 452 2021 in
477 1985 698 2022 dictionibus
728 1986 780 2023 sic
809 1987 1057 2023 definierunt:

369 2042 393 2057 “
415 2037 582 2087 analogia
613 2048 669 2074 est
703 2069 710 2075 .
728 2069 736 2076 .
757 2069 788 2075 ..
816 2039 851 2075 id
886 2048 941 2076 est
972 2052 1062 2075 con-

370 2094 394 2108 “
417 2102 529 2126 nexus
577 2091 754 2127 orationis
802 2093 839 2127 in
887 2091 1060 2128 dictione.

369 2146 393 2161 “
414 2142 521 2191 hujus
540 2155 626 2178 vero
648 2143 824 2192 analogiae
845 2157 924 2192 quae
950 2152 1006 2180 est
1025 2143 1063 2179 in

370 2199 394 2214 “
414 2195 532 2230 verbis
549 2195 611 2230 illa
630 2208 776 2245 quoque
790 2196 961 2246 analogia
977 2197 1063 2232 sub-

370 2249 512 2296 “jecta
531 2255 597 2289 est,
621 2261 700 2296 quae
729 2248 896 2297 procedit
926 2261 990 2298 per
1016 2249 1063 2284 si-

371 2303 396 2318 “
418 2298 560 2334 milium
606 2301 936 2349 comparationem,
984 2315 1065 2350 quae

371 2357 396 2371 ‘⁸
418 2350 471 2387 sic
497 2351 671 2388 definitur
690 2365 710 2388 a
730 2354 958 2401 quibusdam.
1014 2355 1063 2390 A-

371 2408 394 2422 “
416 2403 563 2452 nalogia
595 2434 602 2441 .
674 2435 681 2441 .
711 2404 746 2441 id
784 2415 840 2441 est
876 2419 1064 2442 connexus

372 2460 395 2475 “
416 2455 625 2492 orationum
672 2458 979 2506 consequentium
1027 2459 1063 2494 in

372 2512 396 2527 “
419 2508 727 2545 declinationibus
748 2512 906 2558 partium
928 2512 1062 2546 oratio-

372 2564 398 2579 “
417 2560 474 2596 nis
493 2561 531 2596 in
554 2591 692 2598 ......
709 2562 871 2611 quinque
896 2564 1065 2599 observa-

372 2617 396 2631 ‘⁴
417 2614 536 2649 tiones
563 2613 688 2656 tradit,
711 2627 775 2662 per
801 2628 889 2663 quas
916 2624 1066 2663 possent

371 2669 396 2685 ‘⁴
416 2664 568 2702 inveniri
589 2665 733 2709 similia,
750 2675 791 2702 ut
809 2668 973 2716 ejusdem
991 2669 1066 2704 sint

370 2722 394 2736 ‘⁴
416 2719 585 2767 generis3
616 2731 734 2760 casus,
756 2720 886 2756 exitus.
922 2720 1064 2756 numeri

370 2775 398 2789 “
418 2770 639 2819 syllabarum
675 2770 769 2807 soni.
834 2771 1065 2808 Aristarchus

371 2827 395 2841 “
417 2822 564 2858 auditor
589 2826 666 2872 ejus
690 2822 802 2859 adicit
822 2824 1064 2860 differentiam

371 2873 454 2910 “id
484 2883 540 2912 est
571 2888 618 2912 ne
644 2874 825 2925 simplicia
853 2889 936 2912 cum
965 2889 1064 2913 com-

1102 362 1210 407 Hoc
1234 361 1421 407 interim
1449 378 1595 406 unum
1624 361 1806 422 adjicio,

1113 523 1138 538 “
1157 519 1288 567 positis
1313 528 1582 567 comparemus
1630 519 1808 555 hactenus

1113 572 1205 608 “de
1242 572 1395 608 nomine
1432 571 1624 621 analogiae.
1692 572 1807 608 Nunc

1114 627 1137 642 “
1161 624 1206 660 de
1247 625 1328 673 ipsa
1365 623 1537 673 analogia
1574 623 1806 672 incipiamus.

1115 681 1138 695 “
1160 678 1195 712 A
1219 676 1341 712 littera
1370 675 1550 712 finiuntur
1568 689 1721 712 romana
1741 689 1808 712 no-

1114 733 1137 747 “
1159 728 1260 764 mina
1285 737 1321 764 et
1343 728 1548 764 masculina
1563 736 1600 764 et
1615 727 1811 764 foeminina

1114 784 1137 799 ‘⁶
1158 789 1196 817 et
1215 780 1405 817 neutralia.
1437 781 1500 816 sed
1517 780 1553 816 in
1569 780 1810 817 multitudine

1113 838 1137 852 “
1159 834 1232 869 hoe
1261 841 1316 869 est
1346 833 1558 882 pluraliter:
1611 832 1811 883 singularia

1114 891 1138 905 “
1159 885 1257 922 enim
1295 885 1487 935 peregrina
1526 893 1614 922 sunt
1652 893 1807 922 neutra:

1114 942 1138 957 ‘⁶
1161 938 1363 974 masculina
1402 946 1443 974 ut
1474 937 1650 973 Catillina
1676 939 1809 979 Pansa,

1115 995 1139 1010 “
1162 990 1355 1026 foeminina
1384 999 1426 1026 ut
1457 990 1622 1026 amicitia
1647 989 1809 1026 avaritia.

1116 1048 1140 1062 “
1163 1042 1388 1079 Communia
1407 1051 1446 1079 et
1465 1042 1671 1078 masculino
1687 1050 1725 1078 et
1739 1043 1810 1078 foe-

1116 1101 1141 1114 ‘⁶
1163 1095 1321 1139 minino,
1370 1103 1411 1131 ut
1450 1095 1602 1132 assecla.
1642 1094 1809 1131 conviva.

1117 1152 1139 1167 “
1161 1147 1273 1183 ebria.
1307 1147 1499 1184 foeminino
1517 1147 1747 1197 Pomponius
1772 1147 1811 1183 in

1117 1206 1141 1219 “
1162 1208 1365 1242 auctorato,
1409 1208 1606 1249 postquam
1654 1200 1811 1235 conveni

1117 1258 1141 1271 “
1161 1252 1283 1288 omnis
1313 1252 1484 1289 convivas
1510 1265 1622 1288 meas.
1654 1252 1755 1288 ebria
1773 1251 1812 1287 in

1116 1310 1139 1324 “
1162 1304 1367 1341 masculino
1387 1304 1422 1340 in
1437 1305 1568 1341 eodem
1584 1304 1813 1354 Pomponius

1160 1370 1281 1406 neque
1312 1370 1394 1393 sum
1422 1358 1521 1393 meni
1552 1370 1671 1406 neque
1698 1356 1816 1393 castia

1162 1423 1280 1458 neque
1292 1410 1491 1446 Mimacius
1503 1410 1616 1446 ebria.
1633 1409 1815 1445 neutralia

1117 1466 1140 1481 “
1156 1462 1191 1498 in
1206 1461 1443 1498 multitudine
1455 1463 1526 1499 hoc
1541 1471 1597 1498 est
1607 1461 1810 1510 pluraliter:

1117 1519 1140 1533 “
1161 1523 1202 1550 ut
1222 1514 1429 1551 Saturnalia
1446 1514 1660 1564 compitalia
1678 1515 1812 1550 horum

1118 1572 1143 1586 ‘⁶
1163 1566 1344 1617 genitivus
1375 1567 1540 1616 quamvis
1570 1566 1666 1603 varie
1696 1567 1814 1603 elatus

1119 1625 1141 1638 “
1163 1619 1210 1655 sit
1240 1620 1335 1668 apud
1362 1627 1529 1656 auctores
1562 1619 1814 1655 Saturnalium

1120 1677 1145 1691 “
1166 1671 1264 1708 enim
1287 1680 1325 1709 et
1350 1672 1640 1708 Saturnaliorum
1670 1673 1814 1721 compi-

1121 1730 1142 1743 “
1165 1724 1294 1760 talium
1340 1733 1379 1761 et
1418 1724 1719 1773 compitaliorum
1758 1724 1814 1761 di-

1119 1781 1143 1796 “
1163 1784 1307 1813 xerunt.
1369 1777 1494 1812 Dativi
1524 1785 1648 1813 tamen
1679 1776 1816 1813 mansit

1120 1835 1144 1848 ‘¹
1168 1830 1291 1878 regula
1311 1837 1352 1865 ut
1381 1831 1448 1865 bus
1474 1829 1612 1878 syllaba
1636 1829 1813 1866 finiretur.

1121 1887 1146 1902 “
1164 1882 1265 1917 Nam
1293 1890 1423 1917 neutra
1451 1895 1531 1930 quae
1561 1895 1706 1930 semper
1734 1881 1814 1931 plu-

1121 1933 1253 1969 “ralia
1285 1942 1372 1969 sunt
1402 1933 1433 1969 si
1463 1942 1550 1970 ante
1578 1934 1816 1970 novissimam

1119 1991 1141 2006 ‘¹
1165 1986 1341 2035 syllabam
1361 1987 1380 2022 1
1400 1986 1561 2022 litteram
1587 1987 1750 2023 habeant
1778 1986 1814 2022 in

1120 2045 1146 2058 “
1167 2038 1329 2088 genitivo
1362 2040 1428 2075 bus
1461 2039 1599 2088 syllaba
1624 2040 1813 2082 finientur,

1120 2097 1145 2111 “
1169 2100 1209 2126 ut
1229 2091 1450 2133 Saturnalia,
1467 2091 1731 2136 Saturnalium,
1748 2093 1814 2128 Sa-

1119 2148 1143 2163 “
1164 2144 1381 2180 turmalibus.
1438 2144 1538 2180 Nam
1574 2157 1676 2180 arma
1714 2153 1817 2180 casta

1121 2201 1143 2215 ‘⁶
1165 2205 1249 2232 exta
1277 2196 1361 2245 quia
1381 2210 1456 2232 non
1478 2197 1617 2232 habent
1637 2197 1653 2231 I
1675 2205 1761 2233 ante
1781 2199 1817 2233 A

1121 2254 1144 2268 “
1165 2249 1341 2297 syllabam
1362 2250 1485 2285 dativo
1506 2262 1594 2285 casu
1620 2248 1657 2284 in
1682 2249 1711 2284 is
1731 2249 1815 2285 fini·

1123 2307 1144 2320 “
1165 2310 1286 2343 entur,
1326 2301 1436 2337 armis
1473 2302 1572 2338 enim
1613 2310 1651 2337 et
1687 2301 1816 2338 castris

1122 2358 1145 2373 “
1167 2354 1334 2402 extisque
1371 2354 1549 2390 dicemus.
1608 2353 1818 2403 Singularia

1123 2412 1146 2425 “
1168 2415 1290 2442 autem
1323 2416 1453 2442 neutra
1483 2419 1504 2442 a
1535 2406 1656 2442 littera
1689 2408 1816 2443 termi-

1123 2464 1144 2478 “
1167 2469 1253 2495 nata
1294 2459 1396 2495 nulla
1432 2458 1693 2495 inveniuntur:
1747 2458 1816 2495 nisi

1122 2511 1359 2562 “peregrina
1388 2520 1428 2547 ut
1467 2520 1634 2548 toreuma
1675 2511 1816 2548 emble-

1122 2567 1227 2600 “ma
1263 2577 1419 2613 poema:
1463 2564 1508 2600 de
1537 2565 1669 2612 quibus
1710 2563 1816 2600 dubi-

1122 2622 1263 2653 “tatur
1299 2629 1409 2665 quem
1449 2629 1575 2652 casum
1613 2615 1814 2665 genitivum

1123 2673 1146 2687 “
1166 2677 1204 2704 et
1224 2669 1423 2705 ablativum
1445 2669 1626 2712 habeant;
1660 2668 1816 2718 legimus

1123 2726 1147 2740 “
1168 2720 1266 2756 enim
1294 2729 1545 2757 toreumatum
1566 2729 1603 2757 et
1628 2717 1815 2757 toreuma-

1122 2778 1145 2791 “
1166 2781 1289 2809 torum
1321 2772 1587 2810 toreumatibus
1621 2781 1658 2809 et
1691 2781 1816 2808 toreu-

1123 2829 1148 2844 “
1169 2825 1276 2861 matis
1292 2834 1330 2862 et
1342 2825 1392 2862 sic
1409 2824 1553 2861 similia.
1583 2824 1817 2862 commodius

1122 2884 1144 2897 ‘⁶
1165 2886 1289 2914 tamen
1315 2887 1512 2915 senserunt
1538 2877 1600 2926 qui
1630 2886 1817 2914 toreuma-

1115 1362 1137 1376 66

1116 1414 1140 1429 66
