1962 3355
350 198 447 236 304
891 190 1068 238 Caesius
1092 192 1277 238 Bassus

634 312 772 353 Silvae
789 312 1023 354 laborantes
1037 312 1231 369 geluque.

349 383 733 447 enneasyllabon‚
775 384 910 432 silvae
953 384 1205 448 spondeuS‚
1245 383 1351 430 labo
1398 383 1600 441 iambus,
1635 389 1802 429 rantes

351 459 602 523 spondeuS,
622 461 739 524 gelu
764 461 966 516 iambUS,
991 477 1082 523 que
1106 459 1301 523 syllaba.

635 537 841 577 Flumina
862 536 1121 577 constiterint
1141 541 1275 585 acuto,

353 610 444 656 hoc
479 619 662 656 constat
694 627 751 656 ex
785 618 1010 671 quattuor
1043 608 1244 673 pedibus
1281 608 1481 655 heroicis
1514 608 1694 672 syllaba
1725 607 1806 655 de-

352 694 500 733 tracta
524 686 650 732 brevi
676 687 724 731 in
751 685 890 731 tertio
913 684 1049 749 pede.
1119 685 1199 731 Fit
1223 685 1349 732 enim
1375 685 1613 749 integrum
1641 684 1722 742 sic,

580 761 781 800 Flumina
802 762 1062 802 constiterint
1081 761 1132 801 ab
1152 767 1285 802 acuto.

683 951 819 1002 CAP.
843 949 918 1001 ΙΙ.
977 951 1254 1004 Breviatio
1270 951 1488 1021 pedum.

420 1064 567 1111 Pedes
592 1064 813 1129 disyllabi
840 1075 950 1113 sunt
974 1084 1174 1113 numero
1198 1076 1434 1129 quattuor.
1487 1065 1811 1131 Pyrrhichius

353 1160 413 1189 ex
452 1142 634 1190 duabus
667 1144 903 1202 brevibus,
936 1153 1208 1208 temporum
1241 1144 1406 1201 duum,
1432 1153 1485 1190 ut
1517 1144 1692 1190 Deus:
1731 1142 1810 1188 sed

354 1221 484 1267 bunc
519 1221 592 1267 alii
631 1222 893 1285 lzegemona
929 1222 1300 1286 appellaverunt,
1329 1221 1404 1268 alii
1432 1219 1708 1283 dibrachyn,
1733 1218 1811 1265 alii

347 1297 668 1360 pariambum.

320 1389 336 1411 2
423 1373 670 1436 Spondezcs
693 1391 749 1420 ex
787 1373 970 1421 duabus
1003 1375 1172 1438 longis,
1197 1384 1470 1439 temporum
1496 1382 1733 1436 quattuor,
1759 1380 1813 1417 ut

355 1450 543 1496 Heres.

319 1543 337 1573 3
425 1527 619 1573 Iambus
643 1545 699 1573 ex
726 1525 851 1574 brevi
880 1538 926 1575 et
951 1528 1104 1591 longa,
1129 1538 1398 1593 temporum
1426 1527 1587 1582 trium,
1605 1534 1658 1571 ut
1681 1524 1794 1571 dies.

430 1604 687 1651 Trochoeus
720 1622 777 1650 ex
817 1606 957 1668 longa
995 1615 1042 1651 et
1081 1606 1223 1663 brevi,
1261 1615 1531 1670 temporum
1561 1603 1721 1657 trium,
1762 1610 1813 1647 ut

359 1699 552 1729 comma.
601 1682 693 1728 Sed
721 1683 848 1729 hunc
873 1683 949 1729 alii
976 1682 1189 1728 chorium
1213 1682 1585 1746 appellaverunt,
1612 1678 1689 1725 alii
1714 1695 1814 1724 cor-

359 1759 535 1805 dacem.

320 1852 339 1878 4
428 1834 576 1882 Pedes
612 1833 841 1898 trisyllabi
881 1844 989 1880 sunt
1026 1851 1224 1880 numero
1248 1842 1369 1879 octo.
1434 1831 1728 1895 Tribrachys
1755 1847 1815 1877 ex

359 1912 510 1958 tribus
529 1911 765 1967 brevibus,
782 1922 1050 1974 temporum
1075 1910 1234 1964 trium,
1253 1919 1305 1956 ut
1325 1909 1530 1956 Helena.
1567 1907 1660 1955 Sed
1686 1908 1815 1955 hunc

362 1988 436 2034 alii
471 1988 730 2034 troc-hicum
755 1988 1068 2052 appellarunt,
1095 1988 1170 2034 alii
1203 1987 1490 2051 bpygmona,
1516 1987 1592 2032 alii
1620 1985 1817 2049 brachy-

360 2064 591 2129 syllabon.
661 2064 828 2111 Cicero
871 2064 997 2110 enim
1046 2064 1104 2110 de
1141 2064 1338 2111 Oratore
1375 2064 1517 2111 etiam
1563 2062 1818 2110 trochaeum

362 2141 630 2204 appellavit.

325 2232 342 2262 5
431 2216 672 2263 [Molossus
689 2234 747 2262 ex
765 2216 915 2262 tribus
935 2217 1103 2279 longis,
1122 2227 1392 2280 temporum
1415 2233 1511 2271 sex,
1530 2226 1584 2262 ut
1600 2215 1816 2262 AEneas.

365 2293 516 2339 Hunc
542 2294 616 2339 alii
645 2293 833 2356 hippion
845 2291 920 2357 [a]
950 2293 1318 2356 appellaverunt.

326 2375 345 2406 6
433 2370 674 2416 Bacchius
698 2387 754 2415 ex
780 2370 907 2416 brevi
934 2378 980 2414 et
1003 2369 1186 2415 duabus
1212 2369 1379 2432 longis,
1402 2378 1456 2415 ut
1478 2369 1701 2415 Atlzenoe,

436 2446 824 2493 Palimbaechius
848 2463 904 2491 ex
932 2445 1114 2491 duabus
1140 2445 1291 2508 longis
1308 2454 1354 2492 et
1379 2446 1521 2503 brevi,
1546 2455 1816 2509 temporum

367 2524 594 2587 quinque,
619 2532 673 2568 ut
697 2522 912 2569 ZVatura.

331 2623 346 2655 7
435 2602 726 2664 Anapcrstus
749 2617 807 2646 ex
833 2599 1016 2646 duabus
1053 2598 1271 2644 brevibus
1297 2608 1343 2645 et
1366 2598 1521 2661 longa,
1546 2607 1817 2663 temporum

369 2688 606 2740 quattuor,
632 2686 683 2723 ut
707 2675 894 2723 nebula.

330 2763 350 2793 8
437 2754 685 2817 Dactylus
720 2770 778 2799 ex
813 2753 954 2814 longa
989 2761 1035 2797 et
1063 2750 1246 2797 duabus
1283 2751 1519 2808 brevibus,
1548 2760 1817 2814 temporum

370 2842 607 2896 quattuor,
634 2842 683 2877 ut
710 2829 960 2877 Romulus.

813 2932 833 2961 b
855 2934 1057 2983 pygmona]
1081 2935 1248 2981 pignomct
1269 2933 1374 2969 Med.
