1962 3355
281 521 320 550 32

282 965 321 994 33

344 234 362 271 1
378 234 434 272 12
847 224 1002 272 Marii
1030 226 1267 273 Victorini
1616 241 1714 271 LIB.
1735 241 1788 272 11.

340 344 534 407 quidem
562 364 855 409 unaquaeque
873 346 1020 393 duum
1048 346 1221 410 pedum
1245 346 1516 409 conjugatio
1541 355 1647 392 octo
1671 355 1793 392 tem-

341 438 453 483 pora
475 422 679 486 colligat,
703 422 748 468 id
775 432 860 479 est,
885 432 965 468 aut
1001 421 1196 485 spondei
1234 431 1280 466 et
1316 422 1556 485 anapaesti,
1582 432 1663 467 aut
1686 421 1794 467 dac-

341 497 427 559 tyli
466 507 513 544 et
554 499 794 562 anapaesti,
833 508 913 544 aut
953 498 1103 543 duum
1145 507 1506 560 anapaestorum.
1578 497 1647 544 Hi
1685 505 1794 543 sunt

341 572 467 618 enim
516 574 594 636 qui
643 583 811 636 praeter
856 584 1034 619 ceteros
1086 573 1229 636 pedes
1277 573 1324 618 in
1372 573 1586 619 iambicis
1632 573 1793 618 metris

340 650 635 712 temporibus
669 649 938 700 abundant;
978 648 1058 711 qui
1091 650 1159 704 fit,
1186 659 1238 695 ut
1262 659 1353 695 tres
1378 651 1519 713 pedes
1551 667 1634 712 per
1657 666 1795 712 syzy-

343 725 467 786 giam
508 725 672 787 viginti
713 733 936 785 quattuor
973 725 1266 787 temporibus
1302 725 1616 788 impleantur:
1659 742 1795 787 quar-

342 810 417 847 tus
445 819 552 846 vero
586 801 665 863 qui
698 810 767 846 est
803 800 1101 847 catalecticus
1139 818 1219 846 sex
1255 802 1548 865 temporibus
1573 801 1795 847 termine·

342 885 431 931 tur,
456 875 635 921 scilicet
660 887 710 922 ut
742 877 863 922 intra
898 877 1090 939 triginta
1128 887 1342 941 tempora
1366 896 1525 923 versus
1552 878 1794 923 habeatur.

344 951 559 1012 Plerique
593 961 840 998 auctorum
875 952 1107 998 nobilium
1133 953 1180 999 id
1205 953 1526 1010 obtinuerunt,
1551 962 1603 999 ut
1627 953 1798 999 iambi-

343 1044 452 1072 cum
481 1027 765 1084 trimetrum,
790 1028 914 1090 quod
951 1029 1306 1075 acatalecticum
1342 1029 1627 1085 nominatur,
1650 1028 1798 1074 rduo-

343 1102 496 1148 decim
537 1103 729 1166 syllabis
767 1104 1109 1160 terminaretur,
1147 1104 1271 1167 quod
1311 1114 1426 1150 tunc
1473 1105 1644 1162 evenit,
1681 1123 1797 1167 quo-

344 1179 464 1224 tiens
490 1196 515 1224 e
541 1179 760 1242 spondeis
787 1189 831 1225 et
857 1180 1026 1226 iambis
1056 1180 1231 1244 pedum
1269 1180 1540 1244 conjugatio
1579 1181 1797 1237 sociatur,

346 1264 392 1299 at
428 1254 552 1300 enim
595 1255 941 1302 incurrentibus
980 1257 1143 1302 ceteris
1180 1256 1394 1319 pedibus,
1429 1267 1475 1302 et
1508 1257 1795 1320 syllabarum

345 1342 391 1376 et
432 1340 700 1394 temporum
753 1333 1042 1378 incrementa
1089 1343 1360 1388 nascuntur,
1399 1343 1445 1379 et
1485 1334 1798 1379 nihilominus

347 1417 456 1452 sunt
481 1407 670 1452 iambici
698 1425 855 1453 versus
889 1418 1133 1454 constante
1173 1426 1403 1465 mensura,
1429 1419 1474 1455 et
1511 1410 1797 1472 syllabarum

348 1482 568 1544 Squidem
607 1483 900 1530 incrementa
938 1485 1002 1530 sic
1040 1485 1247 1548 trecipit,
1273 1496 1323 1531 ut
1360 1504 1383 1531 a
1419 1485 1670 1532 duodecim
1709 1485 1802 1548 syl-

289 1598 294 1604 .
349 1559 466 1604 labis
493 1559 549 1605 ad
575 1559 837 1605 octodecim
877 1560 1080 1622 syllabas
1116 1561 1437 1624 protendatur.
1506 1562 1799 1625 Temporum

349 1646 505 1681 autem
548 1636 611 1681 ita
649 1653 807 1681 versus
847 1636 988 1681 babet
1025 1637 1328 1694 incrementa,
1355 1648 1406 1683 ut
1442 1639 1499 1684 ab
1536 1637 1799 1683 octodecim

347 1712 642 1774 temporibus
680 1711 733 1757 ad
774 1712 939 1774 viginti
979 1722 1202 1773 quattuor
1235 1714 1513 1776 porrigatur,
1547 1714 1803 1760 novissima

349 1787 526 1832 etenim
567 1788 744 1849 syllaba
786 1787 1054 1833 indifferens
1085 1788 1298 1844 liabetur,
1323 1790 1432 1835 licet
1466 1791 1615 1835 brevis
1652 1790 1725 1847 sit,
1750 1798 1803 1835 ut

350 1870 394 1906 et
422 1862 574 1924 longae
605 1863 757 1908 vicem
796 1864 1015 1926 praebeat.
1084 1864 1270 1926 Tragici
1309 1874 1466 1910 autem
1506 1875 1733 1922 auctores,
1758 1874 1805 1911 et

351 1937 536 1991 comici,
562 1939 706 2001 paulo
730 1939 865 2002 plura
891 1948 937 1984 et
961 1939 1007 1984 in
1035 1939 1224 2001 syllabis
1249 1950 1295 1986 et
1326 1943 1620 2004 temporibus
1656 1941 1807 1987 incre-

353 2023 514 2060 menta
539 2014 765 2069 fecerunt,
790 2015 967 2078 quippe
993 2032 1098 2061 cum
1127 2016 1320 2078 quidam
1354 2017 1560 2062 inductis
1586 2026 1806 2063 tetrame-

353 2091 449 2147 tris,
476 2092 695 2137 novitatis
723 2091 878 2138 studio
908 2091 1006 2137 ausi
1041 2092 1135 2137 sint
1167 2102 1327 2139 contra
1364 2094 1688 2157 praescriptum
1727 2093 1807 2138 tri-

354 2167 484 2229 ginta
523 2176 792 2230 temporum
834 2167 928 2213 duo
964 2167 1178 2228 adjicere,
1204 2186 1289 2214 nec
1325 2169 1575 2231 quisquam
1613 2169 1806 2215 ulterius

356 2252 529 2305 postea.

412 2380 425 2398 r
446 2374 660 2421 duodecim]
683 2388 725 2410 xl
748 2376 786 2411 Ρ.
908 2383 922 2402 s
943 2377 1109 2425 quidem]
1133 2377 1231 2426 quod
1252 2377 1291 2412 P.
1401 2377 1415 2401 t
1438 2376 1581 2425 recipit]
1607 2375 1746 2425 recepit
1767 2377 1806 2412 P.

414 2506 476 2541 33.
504 2496 711 2540 octodecim]
743 2497 977 2541 septendecim
1003 2495 1057 2531 vel
1114 2495 1245 2544 quibus
1278 2493 1449 2529 ultimum
1476 2506 1556 2529 esse
1586 2492 1807 2542 disyllabum

362 2546 599 2583 scribendum
641 2556 709 2587 est,
751 2549 806 2582 vel
846 2548 1056 2598 intelligen·
1114 2556 1273 2597 oportet,
1296 2546 1346 2582 ita
1373 2546 1627 2595 relinquentur
1647 2545 1811 2595 quinque

364 2600 465 2641 dum,
488 2607 529 2634 ut
549 2600 615 2634 hac
637 2599 815 2647 particula
837 2614 951 2649 usque
972 2610 1057 2637 octo
1114 2600 1266 2643 caeteris‚
1287 2600 1346 2648 qui
1374 2599 1510 2648 singuli
1536 2598 1714 2648 trisyllabi
1735 2600 1811 2634 fieri

363 2652 616 2693 excludantur,
649 2660 687 2687 et
721 2651 942 2688 definiantur
973 2667 1055 2702 sep-
1114 2652 1430 2702 possint,syllabae
1443 2652 1621 2688 decernet
1635 2651 1810 2700 quinque,

364 2714 452 2741 tem.
510 2705 608 2740 Nam
640 2712 676 2739 et
705 2705 775 2739 hoc
803 2715 888 2741 ante
909 2706 961 2741 sic
982 2719 1060 2742 esse
1118 2706 1173 2742 his
1195 2707 1349 2742 addatur
1368 2714 1492 2740 sextus
1514 2717 1577 2753 pes
1598 2704 1810 2753 disyllabus,

365 2758 475 2807 plane
504 2756 629 2793 docuit
651 2757 879 2798 Victorinus,
902 2767 938 2793 et
970 2760 1062 2794 ratio
1118 2757 1539 2795 consummabanturita
1553 2757 1701 2806 syllabae
1715 2769 1812 2793 xvu.

369 2811 405 2846 in
438 2819 588 2859 promtu
619 2819 685 2845 est.
750 2810 935 2846 Tn'meter
962 2811 1060 2846 enim
1121 2812 1316 2847 CAMER.

371 2863 551 2899 iambicus
571 2861 669 2899 senis
689 2861 843 2911 pedibus
873 2862 1023 2906 incedit,
1045 2876 1064 2899 e
