1962 3355
354 200 394 238 iv
899 197 1252 238 PRAEFATIO.

427 312 466 348 1.
503 302 730 348 MARIUM
764 302 1097 348 Vlc'romNUM
1136 301 1403 362 integruma
1443 297 1622 360 primus
1654 297 1803 343 edidit

355 378 404 423 J.
429 377 726 423 Camerarius
756 377 988 439 Tube’ngoe
1017 384 1154 432 1537.
1180 383 1247 420 40.
1274 390 1366 418 una
1385 390 1492 418 curn
1525 373 1671 418 Servii
1699 373 1804 418 Ho-

357 454 506 498 norati
544 452 841 514 grammatici
877 452 934 497 de
970 451 1168 514 pedibus
1194 465 1410 494 versuum
1449 448 1625 504 libello,
1652 448 1804 511 Euty-

358 528 433 573 chi
471 528 693 572 auditoris
731 527 952 572 Prisciani
986 526 1043 571 de
1078 524 1395 571 discernendis
1419 526 1665 569 verborum
1692 541 1806 569 con-

351 601 694 662 jugationibus,
743 602 887 647 Servii
934 601 1075 646 Marii
1125 599 1358 645 Honorati
1408 597 1466 643 de
1517 598 1802 660 syllabarum

360 675 634 737 quantitate.
702 677 779 721 Ex
805 676 1058 721 Camerarii
1094 675 1309 737 Epistola
1345 672 1401 718 ad
1435 672 1803 718 illustrissimum

359 751 620 813 principem
647 751 897 796 Albertum
923 750 1141 795 Casimiri
1178 749 1209 794 f.
1236 748 1563 794 Mareliionem
1602 757 1689 793 etc.
1722 747 1804 793 de-

359 825 583 871 dicatoria
618 843 745 886 seqq.
770 825 1064 887 excerpenda
1100 836 1235 869 sunt:
1274 830 1302 849 ‘⁶
1327 823 1480 868 Pauca
1507 822 1564 867 de
1599 823 1808 868 authori-

360 906 387 926 “
412 901 497 944 bus
523 900 787 944 libellorum
814 900 1007 943 istorum
1036 900 1175 944 verba
1200 898 1441 944 faciamus.
1485 898 1642 943 Primo
1666 897 1811 959 igitur

361 983 388 1001 “
415 974 677 1019 invenimus
697 973 1020 1035 praescriptum
1043 991 1217 1018 nomen
1242 973 1384 1018 Marii
1403 973 1636 1019 Victorini
1663 975 1711 1018 in
1731 989 1809 1018 co-

362 1057 390 1076 “
415 1049 517 1094 dice
542 1048 674 1109 cujus
707 1048 893 1110 copiam
920 1048 1056 1093 nobis
1086 1049 1198 1094 fecit
1222 1048 1425 1093 eximius
1447 1048 1610 1109 jurisc.
1634 1049 1809 1094 Joann.

361 1131 386 1150 “
412 1123 680 1176 Sichardus,
706 1123 838 1184 cujus
863 1140 959 1168 uno
983 1123 1172 1184 quidem
1202 1123 1247 1168 in
1281 1122 1412 1169 locob
1436 1123 1560 1169 tituli
1588 1123 1810 1168 mutatio—

363 1207 390 1226 “
415 1217 521 1244 nem
561 1198 975 1262 deprehendimus,
999 1198 1228 1258 ejusmodi
1266 1208 1425 1244 tamen
1461 1216 1565 1260 quae
1601 1216 1693 1243 non
1731 1197 1812 1243 de-

363 1281 391 1301 “
417 1275 545 1320 beret
570 1275 615 1319 in
641 1274 837 1320 dubium
866 1291 1028 1319 vocare
1064 1282 1358 1319 constantem
1386 1283 1432 1319 et
1457 1283 1631 1319 certam
1670 1273 1811 1333 hujus

418 1472 437 1492 ὃ
449 1466 560 1501 Marii
573 1465 754 1502 Victorini
767 1478 872 1514 capp.
888 1465 960 1501 duo
976 1465 1054 1501 scil.

367 1518 432 1553 VI.
458 1520 502 1553 de
524 1519 764 1553 enuntiatione
790 1520 989 1553 littei-orum
1020 1526 1058 1553 et

363 1571 432 1607 IV.
453 1572 495 1606 de
514 1570 773 1617 orthographia
794 1573 871 1618 jam
893 1570 1058 1606 ediderat
1115 1575 1138 1589 “

364 1623 528 1658 Adamus
540 1624 670 1658 Petrus
680 1636 763 1658 cum
778 1622 856 1658 aliis
872 1622 922 1658 rei
935 1636 1055 1672 gram-

366 1674 508 1710 maticae
524 1674 761 1723 scriptoribus
778 1674 858 1723 (qui
875 1683 961 1710 sunt
981 1674 1058 1710 scil.

365 1727 575 1762 Rhemnius
609 1727 795 1762 Palaemon
832 1727 877 1762 de
916 1740 1061 1763 summa
1116 1732 1139 1747 “

365 1779 635 1828 grammaticeS,
658 1780 704 1817 Q.
722 1779 918 1814 Terentius
946 1781 1059 1815 Scau·
1117 1785 1140 1799 ‘⁵

366 1844 426 1866 rus
455 1831 501 1866 de
529 1830 804 1880 orthographia,
826 1831 951 1867 AElius
978 1832 1058 1867 Do·
1118 1837 1141 1851 “

366 1891 474 1918 natus
495 1882 539 1918 de
560 1882 801 1926 barbarismo,
816 1883 984 1932 pedibus,
1002 1892 1060 1919 to·
1115 1890 1136 1904 “

365 1935 436 1978 nis,
456 1936 600 1971 Servius
623 1936 838 1971 Honoratus
859 1935 895 1971 in
915 1936 1058 1972 AElium
1117 1942 1141 1956 ‘⁶

366 1988 576 2027 Donatum,
600 1988 743 2022 B'Iarius
774 1987 985 2024 Victorinus
1016 1989 1062 2024 de
1118 1993 1142 2009 “

367 2039 623 2075 enuntiatione
649 2039 849 2081 literarum,
872 2041 1062 2089 orthogra-
1119 2045 1143 2060 “

368 2092 467 2139 plna,
490 2099 527 2126 et
560 2090 685 2126 metris
716 2092 879 2134 comicis,
917 2092 1062 2141 Pap5rii

369 2142 580 2179 Praetextati
600 2143 847 2192 fragmentum
870 2145 915 2180 de
936 2146 1063 2180 ortho-
1121 2152 1144 2166 ‘³

369 2195 532 2244 graphia,
556 2195 747 2231 Cornelius
770 2196 908 2232 Fronto
929 2197 973 2233 de
992 2197 1061 2233 dif-
1121 2202 1144 2217 “

368 2247 533 2283 ferentiis
586 2247 865 2295 vocabulorum)
915 2251 1065 2285 Basileae
1120 2256 1144 2270 “

376 2309 489 2346 1527.
522 2300 576 2334 80.
608 2300 676 2335 hac
709 2313 794 2335 usus
827 2301 1062 2349 praefatione:
1122 2307 1147 2323 “

373 2356 396 2371 “
415 2352 542 2387 Torsit
574 2364 640 2400 pro
674 2351 871 2401 exiguitate
902 2366 967 2389 sua
1007 2355 1066 2391 hic
1121 2359 1145 2374 “

373 2408 397 2423 “
417 2416 485 2438 nos
528 2403 741 2439 Victorinus
788 2405 874 2440 satis
923 2405 1064 2449 misere,
1121 2413 1145 2427 “

374 2460 397 2475 “
419 2455 506 2491 dum
536 2455 673 2490 nullam
702 2456 746 2491 de
776 2455 854 2502 ejus
880 2466 988 2494 aetate
1008 2467 1063 2494 at·
1121 2465 1145 2480 “

375 2513 398 2527 ·‘
420 2519 490 2555 que
518 2507 637 2555 patria
666 2508 844 2544 rationem
867 2509 959 2545 inire
982 2524 1069 2559 pos-

376 2565 401 2579 “
420 2572 548 2595 sumus
577 2559 783 2601 certiorem,
806 2573 922 2609 eoque
953 2564 1069 2612 magis

376 2617 401 2632 “
421 2611 519 2659 quod
546 2611 851 2660 exemplariorum
881 2621 983 2649 tanta
1013 2629 1068 2651 es-

377 2667 402 2684 “
421 2671 477 2699 set
504 2664 603 2699 inter
633 2676 672 2699 se
701 2663 892 2706 dissensio,
913 2680 1068 2714 quorum

378 2721 402 2735 “
423 2715 496 2751 duo
537 2728 557 2751 e
591 2715 775 2758 Laurissa,
829 2719 979 2753 tertium
1028 2732 1070 2754 ex

378 2773 403 2787 “
422 2767 645 2803 RIurbachio
701 2767 809 2804 nobis
875 2770 1070 2806 Sicharclus

378 2826 401 2840 “
423 2819 770 2855 communicaverat.
827 2821 897 2856 Sed
927 2835 992 2857 uos
1021 2823 1070 2858 al-

379 2878 401 2891 “
423 2880 542 2908 terum
566 2872 673 2920 plane
689 2873 811 2921 coe'git
831 2881 868 2908 ut
887 2887 952 2910 nec
973 2878 1066 2922 ejus-

1113 1469 1138 1484 “
1157 1465 1241 1501 (lem
1262 1464 1409 1514 quidem
1431 1464 1568 1501 autoris
1587 1464 1714 1501 onmia
1732 1478 1813 1501 cre-

1114 1522 1136 1537 ‘⁸
1157 1518 1339 1559 deremus,
1368 1517 1570 1566 praesertim
1599 1531 1682 1553 cum
1710 1518 1813 1554 Lau-

1160 1569 1341 1605 rissanum
1376 1569 1562 1618 exemplar
1593 1583 1658 1605 sua
1686 1569 1813 1606 Maxi-

1115 1627 1138 1642 ‘⁶
1161 1636 1221 1658 mo
1268 1622 1414 1658 cuidam
1460 1621 1667 1664 Victorino,
1713 1622 1813 1658 aliud

1117 1679 1140 1694 “
1162 1687 1245 1711 vero
1262 1683 1395 1710 contra
1408 1674 1528 1709 Mario
1544 1683 1813 1723 asserat,quem

1160 1735 1308 1763 constat
1335 1726 1541 1763 eruditione
1560 1727 1694 1763 celebri
1715 1727 1810 1763 Lac-

1161 1778 1269 1814 tantii
1300 1780 1531 1827 temporibus
1562 1780 1706 1821 Romae,
1726 1792 1812 1815 cum

1165 1831 1300 1880 alioqui
1338 1832 1430 1867 Afer
1467 1840 1576 1875 esset,
1611 1831 1816 1868 Rhetorica

1159 1883 1342 1920 docuisse.
1383 1884 1564 1920 Praeterea
1578 1897 1648 1920 nec
1664 1883 1816 1920 videba-

1162 1945 1221 1972 tur
1245 1936 1364 1972 simile
1396 1936 1481 1978 veri,
1508 1937 1619 1973 toties
1650 1937 1813 1972 eundem

1164 1997 1330 2024 autorem
1355 1997 1542 2025 versatum
1575 2002 1654 2025 esse
1684 1988 1721 2024 in
1751 2001 1816 2024 eo-

1164 2041 1248 2076 dem
1296 2049 1528 2090 argumento,
1567 2041 1734 2090 adeoque
1776 2041 1815 2077 in

1120 2099 1144 2113 “
1166 2092 1325 2142 speciem
1347 2093 1490 2142 puerili.
1547 2094 1816 2136 Quamobrem,

1165 2159 1245 2194 quae
1276 2153 1362 2181 sunt
1390 2146 1503 2181 Marii
1532 2145 1629 2181 illius
1662 2145 1815 2193 reliqua,

1167 2201 1305 2247 majora
1330 2197 1479 2245 quidem
1505 2211 1616 2246 quam
1644 2206 1686 2234 ut
1716 2211 1817 2235 nunc

1164 2250 1222 2286 edi
1261 2250 1418 2299 possint,
1456 2262 1526 2286 nec
1558 2250 1667 2298 paulo
1704 2250 1816 2286 etiam

1168 2302 1239 2338 hiis
1272 2302 1451 2344 doctiora,
1487 2302 1684 2339 statuimus
1729 2316 1817 2351 pro-

1165 2355 1311 2403 pediem
1355 2354 1508 2390 seorsim
1555 2354 1734 2397 emittere,
1769 2367 1817 2390 ne

1166 2407 1330 2443 habeant
1356 2406 1510 2443 studiosi
1537 2406 1723 2443 literarum
1751 2406 1817 2443 ubi

1166 2459 1329 2495 officium
1364 2468 1531 2495 nostrum
1559 2464 1643 2510 Jure
1672 2459 1818 2495 deside-

1125 2517 1148 2531 “
1170 2524 1247 2547 rare
1268 2511 1447 2560 possint.'’

1177 2562 1196 2590 b
1217 2565 1356 2600 Nescio
1383 2576 1429 2599 an
1460 2563 1532 2599 tale
1561 2562 1647 2612 quid
1677 2563 1819 2612 legatur

1124 2615 1160 2651 in
1189 2616 1317 2652 codice
1343 2628 1416 2663 quo
1446 2628 1535 2651 usus
1561 2624 1617 2651 est
1644 2617 1820 2651 Camera-

1125 2667 1197 2703 rius
1223 2668 1331 2716 quale
1360 2668 1396 2703 in
1428 2667 1595 2704 Parisino
1625 2667 1818 2716 reperitur,

1125 2733 1174 2755 sc.
1195 2719 1233 2755 in
1253 2719 1434 2769 principio
1454 2728 1490 2756 et
1510 2720 1546 2755 111
1569 2721 1640 2755 tine
1659 2719 1711 2755 ibi
1731 2720 1819 2755 scri-

1125 2781 1229 2820 ptum
1261 2780 1317 2808 est
1339 2778 1361 2792 “
1382 2771 1564 2808 Victorini
1592 2773 1689 2807 Mari
1719 2775 1820 2808 etc.'’

1126 2835 1163 2859 at
1191 2824 1227 2859 in
1256 2825 1327 2861 fine
1355 2824 1439 2861 libri
1460 2837 1487 2861 1.
1510 2830 1534 2844 ‘⁸
1556 2823 1667 2860 Marii
1686 2824 1818 2860 Victo-

1127 2882 1151 2896 “
1172 2875 1277 2911 rini.'’
