1962 3355
314 206 407 243 328
776 198 930 244 Atilii
953 198 1307 244 Fortunatiani.
1604 210 1713 241 PAR.
1735 211 1767 241 1.

313 318 602 382 Ophallicurn
654 327 858 365 metrum
900 319 1078 380 junxit,
1120 318 1199 363 sed
1252 318 1581 363 hexametrum
1626 316 1771 377 majo-

257 414 294 435 12
314 412 413 440 rem
442 394 622 458 syllaba
648 404 832 440 vocant.
901 395 1115 440 Tertium
1143 393 1277 438 colon

543 470 690 525 Sylva?
709 470 943 510 laborantes
958 470 1152 524 geluque,

315 560 374 588 ex
415 542 630 587 trimetro
680 542 883 588 iambico
919 541 1135 586 Pfactum
1174 548 1244 585 est
1281 538 1501 585 detractis
1544 540 1584 584 ei
1625 540 1772 585 tribus

315 618 535 681 syllabis:
572 617 721 678 adjice
757 617 887 662 enim
914 616 953 661 ei
991 633 1151 662 rursus
1176 624 1267 661 tres
1295 615 1511 678 syllabaS‚
1538 614 1583 660 id
1609 623 1678 660 est
1703 632 1772 660 se-

315 693 553 756 mipedem
583 693 770 755 longam
799 700 845 737 et
869 691 1100 748 iambum,
1125 693 1207 737 fiet
1231 692 1529 744 qtrimetrus3

543 769 687 823 Sylvae
706 768 938 807 laborantes
953 768 1134 823 geluque
1136 768 1332 824 frigido.

318 842 499 887 Rursus
525 840 719 886 detrahe
746 840 977 903 syllabam
1005 841 1116 887 huic
1142 842 1245 888 colo
1270 841 1529 898 ¹'ultimam‚
1554 842 1649 894 fiet,

545 917 695 971 Sylva:
715 917 949 957 laborantes
964 917 1066 972 gelu
1082 934 1094 963 ‚-

318 994 397 1056 qui
423 1003 494 1039 est
518 994 698 1057 epodus
725 1012 783 1040 ex
809 995 1039 1051 trimetro„
1063 1013 1147 1059 par
1172 995 1254 1051 illi,

546 1072 667 1111 Alias
687 1074 860 1112 maritat
873 1073 1061 1128 populos.

318 1143 446 1189 Nam
491 1143 895 1205 quemadmodum
939 1145 976 1190 si
1025 1145 1247 1206 adjeceris
1290 1145 1413 1192 idem
1454 1162 1645 1201 nomen,
1687 1143 1773 1190 erit

319 1220 575 1282 probabilis
601 1221 856 1275 trimetrus,

547 1296 691 1350 Sylva?
711 1297 944 1338 laborantes
958 1298 1060 1353 gelu
1083 1297 1332 1338 Simonides.

265 1389 301 1419 13
322 1369 558 1420 Quartum
586 1369 723 1414 colon
749 1380 833 1424 est,

549 1449 750 1489 Flumina
772 1452 1032 1491 constiterint
1052 1457 1185 1491 acuto.

325 1521 446 1568 Haec
482 1522 692 1568 clausula
724 1523 865 1585 hujus
895 1524 1108 1588 strophes
1146 1523 1268 1569 facta
1303 1531 1374 1568 est
1409 1540 1467 1567 ex
1503 1530 1777 1568 tetrametro

323 1598 491 1662 epodo,
516 1599 650 1660 cujus
678 1609 839 1646 auctor
861 1600 1191 1646 Archilochus.
1250 1598 1542 1661 Exemplum
1583 1597 1777 1659 subjeci,

350 1741 357 1748 ·
550 1687 637 1726 Aut
657 1687 870 1742 Ephesum
891 1688 1115 1727 bimarisve
1137 1685 1343 1727 Corinthi.

324 1759 403 1796 s1c‚

552 1807 755 1848 Flumina
776 1810 1058 1849 sconstiterint
1078 1814 1115 1849 et
1130 1814 1265 1849 acuto.

269 1923 306 1951 14
325 1895 453 1942 Nam
482 1897 577 1944 sive
611 1899 923 1963 praeposueris
949 1899 1066 1946 duos
1092 1899 1304 1962 dactylos
1330 1898 1473 1962 pedes
1499 1898 1595 1944 sive
1625 1897 1780 1959 subje-

326 1972 456 2028 ceris,
484 1973 787 2022 hexametrus
814 1976 983 2022 herous
1009 1986 1105 2022 est:
1143 1975 1406 2039 praepositis
1431 1974 1649 2038 pedibus,
1675 1974 1758 2029 sic,

556 2055 1118 2113 tPraecipitatanqueflmnina
1137 2057 1399 2097 constiterint
1418 2062 1456 2096 et
1476 2061 1608 2104 acuto,

329 2125 551 2188 subjectis
572 2127 788 2191 pedibus,
815 2131 895 2187 sic,

557 2204 600 2242 F
599 2203 760 2244 lumina
779 2207 1039 2248 constiterint
1059 2213 1096 2247 et
1115 2212 1234 2246 acuto
1235 2206 1433 2261 frigoris
1455 2206 1550 2244 ictu.

332 2288 411 2335 sed
432 2288 695 2336 detrahitur
709 2293 861 2356 epodo
880 2295 1074 2357 syllaba,
1091 2303 1141 2341 ut
1158 2295 1240 2340 fiat
1256 2293 1539 2340 conveniens
1556 2292 1782 2347 clausula,

332 2383 414 2422 sic,

559 2444 761 2484 Flumina
782 2446 1040 2485 constiterint
1059 2451 1191 2485 acuto.

278 2551 313 2580 15
334 2526 655 2572 vArchebuleo
670 2545 858 2590 quoque
878 2536 1027 2574 metro
1047 2528 1083 2574 si
1100 2528 1354 2575 detraxeris
1369 2528 1580 2592 primum
1596 2527 1783 2592 pedem,

335 2602 415 2665 qui
441 2611 511 2649 est
540 2613 803 2668 anapaestus
844 2614 927 2651 aut
962 2604 1211 2668 spondeus,
1235 2613 1281 2650 et
1315 2605 1555 2668 proximas
1592 2604 1633 2649 ei
1668 2603 1783 2650 duas

389 2750 407 2769 o
422 2744 654 2792 phalaecium]
669 2746 871 2793 phaloecum
893 2746 937 2780 V.
1074 2752 1093 2779 P
1114 2745 1180 2791 est]
1191 2745 1337 2793 sactum
1358 2745 1404 2780 V.
1542 2751 1561 2778 q
1583 2744 1780 2791 trinzetrus]

342 2796 406 2832 tibi
423 2802 558 2833 metrus
575 2798 622 2833 V.
749 2805 766 2823 r
784 2798 967 2844 ultimam]
991 2799 1120 2834 ultima
1142 2798 1186 2835 V.
1316 2804 1331 2823 s
1353 2798 1596 2844 constiterint]
1620 2798 1784 2832 constite-
1836 2800 1840 2804 '

336 2854 422 2884 runt
442 2855 476 2886 et
495 2851 540 2885 V.
623 2849 638 2876 f»
651 2851 944 2899 praecz'pitatque]
961 2853 1219 2900 praecz‘pitaque
1238 2851 1286 2887 V.
1308 2850 1413 2886 Med.
1510 2857 1530 2876 V
1549 2849 1779 2896 Archibulio]

337 2903 559 2939 Archebuleo
574 2903 623 2940 V.
