1962 3355
397 165 454 201 14
898 157 1058 203 Marii
1089 157 1335 204 Victorini
1685 173 1780 203 ΜΒ.
1807 175 1841 205 1.

329 295 369 327 35
390 277 558 323 litterae
583 277 865 333 scribuntur,
890 277 1097 324 dandum
1125 288 1196 325 est
1220 279 1396 342 aliquid
1426 279 1710 341 antiquitati.
1749 278 1844 325 Re-

390 354 541 417 liquas
571 372 722 411 voces,
745 372 850 417 quae
887 365 994 402 ante
1028 356 1240 402 vocalem
1279 355 1530 402 habuerint
1559 373 1591 402 u
1623 373 1707 419 pro
1731 373 1844 401 con-

392 441 587 476 sonante
611 430 838 493 positum,
864 439 917 477 ut
942 431 1145 495 quando,
1164 432 1407 494 quaeritur,
1426 431 1677 494 quispiam,
1698 431 1845 494 quod-

328 519 370 558 36
393 506 516 563 dam,
543 524 627 570 per
661 524 689 570 q
721 507 880 570 potius
906 525 1048 570 quam
1085 526 1168 572 per
1197 525 1235 565 c,
1260 508 1485 554 scribetis.
1554 507 1620 553 At
1645 524 1752 553 cum
1781 506 1845 553 lo-

389 588 541 637 cutus,
562 589 753 629 secutus
777 600 858 646 per
884 600 921 638 c,
941 592 1078 630 ⁰cum
1105 583 1295 646 quidam
1322 583 1599 647 praecipiant
1624 583 1680 629 ad
1705 583 1844 645 origi-

388 675 497 704 nem
525 658 695 705 debere
731 659 917 706 referri:
954 660 1092 723 Pquia
1127 668 1197 705 est
1232 659 1415 705 loeutus
1444 677 1469 705 a
1506 658 1749 722 loquendo,
1773 676 1844 704 se-

390 741 526 780 cutus
555 752 580 780 a
603 735 855 798 sequendo,
891 753 973 798 per
1007 753 1034 798 q
1065 735 1223 798 potius
1248 752 1390 797 quam
1422 752 1507 798 per
1541 752 1564 781 c
1598 735 1699 781 haec
1733 734 1844 780 scri-

389 809 567 856 benda:
606 827 715 856 nam
755 827 1017 867 concussus,
1052 819 1187 857 ‘lcum
1227 828 1253 856 a
1287 811 1450 873 quatio
1491 811 1662 856 habeat
1701 810 1843 873 origi-

388 903 515 940 nem,
540 894 587 931 et
622 902 760 931 cocus
796 903 820 931 a
856 886 1134 949 rcoquendo,
1159 894 1206 931 et
1242 885 1412 931 cotidie
1444 903 1469 931 a
1500 892 1641 949 quoto
1678 886 1767 944 die,
1798 896 1844 932 et

388 960 544 1007 incola
569 961 627 1006 ab
652 960 883 1024 inquilino
899 980 914 1006 :
953 970 1163 1006 attamen
1188 978 1272 1023 per
1297 978 1321 1006 c
1344 961 1524 1024 spotius
1544 977 1686 1022 quam
1711 979 1794 1024 per
1817 979 1844 1024 q

327 1059 367 1090 37
389 1037 672 1083 scribuntur.
745 1036 1014 1099 Quicquam
1037 1044 1083 1081 et
1107 1036 1335 1099 quicquid
1356 1046 1402 1082 et
1425 1037 1672 1100 quaequod
1692 1038 1844 1100 prima

390 1113 571 1177 syllaba
590 1112 810 1175 quotiens
832 1111 1050 1158 habuerit
1075 1112 1118 1166 d,
1144 1111 1210 1157 tid
1237 1129 1317 1158 vos
1343 1112 1603 1175 perducite,
1619 1121 1666 1159 et
1685 1131 1845 1177 super-

388 1189 550 1252 ponite
577 1206 614 1235 c.
676 1188 805 1234 Nam
844 1205 952 1235 curn
991 1188 1084 1235 sint
1121 1189 1222 1235 baec
1256 1189 1532 1253 vconposita
1557 1199 1604 1235 et
1633 1190 1843 1246 confusa,

389 1265 424 1310 si
469 1274 718 1327 utramque
754 1282 916 1311 vocem
962 1265 1056 1311 suis
1091 1265 1257 1311 litteris
1295 1266 1516 1330 scriptam
1553 1266 1844 1329 relinquatis,

387 1339 503 1386 duas
541 1351 695 1404 partes
731 1341 954 1387 orationis
988 1350 1221 1404 separatas
1260 1342 1564 1403 relinquetis:
1589 1343 1844 1405 quicquam

328 1436 369 1473 38
390 1417 515 1462 enim
554 1416 749 1463 ductum
788 1427 859 1463 est
892 1435 916 1463 a
941 1417 1214 1481 quidquam.
1283 1418 1366 1464 AE
1392 1419 1619 1482 syllabam
1646 1419 1840 1481 quidam

390 1511 520 1539 more
558 1494 836 1540 Graecorum
868 1512 951 1558 per
983 1495 1032 1541 αἱ
1073 1496 1299 1552 scribunt,
1333 1503 1458 1540 wnec
1499 1494 1614 1540 illud
1648 1494 1842 1557 quidem

389 1568 672 1627 custodient,
697 1571 807 1633 quia
832 1588 998 1616 omnes
1027 1571 1137 1627 fere,
1162 1570 1241 1633 qui
1279 1570 1337 1616 de
1372 1570 1738 1634 Xorthographia
1763 1571 1845 1616 ali-

388 1645 501 1708 quid
539 1646 766 1710 scriptum
806 1647 1110 1710 reliquerunt,
1134 1646 1431 1711 praecipiunt,
1455 1646 1649 1692 nomina
1678 1646 1844 1693 -ermi-

386 1722 499 1767 nina
523 1740 632 1769 casu
670 1723 966 1769 nominativo
1000 1740 1027 1769 α
1052 1723 1201 1781 finita,
1233 1740 1432 1768 numero
1466 1722 1635 1785 plurali
1672 1722 1718 1768 in
1756 1731 1843 1768 yyce

388 1798 530 1854 exire,
566 1807 619 1844 ut
652 1799 838 1846 AEle'oe:
876 1799 1039 1846 eadem
1075 1817 1159 1863 per
1191 1817 1219 1845 α
1251 1808 1297 1845 et
1332 1800 1350 1845 ἱ
1385 1799 1556 1862 scripta
1591 1816 1840 1845 numerum

388 1875 673 1938 singularem
701 1876 961 1934 ostendere,
985 1886 1037 1922 ut
1063 1877 1205 1938 hujus
1226 1876 1429 1922 AEliai:
1469 1876 1648 1922 inducti
1674 1894 1700 1922 a
1732 1893 1844 1938 poe-

387 1950 462 2007 tis,
489 1952 568 2012 qui
589 1953 741 2013 pictai
766 1954 905 2000 vestis
940 1953 1276 2017 Zscripserunt:
1314 1962 1362 1999 et
1387 1952 1498 2014 quia
1524 1952 1673 1999 Graeci
1709 1970 1793 2016 per
1827 1952 1845 1997 i

388 2027 688 2089 potissimum
719 2029 841 2075 hanc
865 2031 1098 2093 syllabam
1129 2031 1342 2076 scribunt
1367 2038 1557 2093 propter
1581 2029 1840 2075 exilitatem

388 2102 569 2157 litterae,
588 2112 657 2160 ΖΖη
677 2113 833 2149 autem
857 2114 1047 2168 propter
1065 2104 1326 2150 naturalem
1346 2105 1711 2167 productionem
1729 2103 1841 2164 jun-

442 2218 460 2237 ⁰
480 2212 612 2260 quum]
635 2224 720 2247 cum
742 2213 781 2248 P.
931 2220 950 2247 P
970 2212 1056 2262 quia
1075 2212 1147 2260 est]
1172 2212 1265 2262 qua-e
1281 2214 1321 2249 P.

387 2271 403 2290 ¹·
422 2264 639 2313 coquendo]
665 2266 890 2313 quoquendo
911 2266 952 2301 P.
1063 2273 1078 2292 s
1098 2266 1222 2315 potius
1237 2267 1367 2315 quam]
1392 2279 1502 2315 quam
1523 2267 1564 2302 P.
1687 2267 1701 2292 t
1719 2267 1837 2313 idem]

387 2317 423 2352 id
444 2317 486 2353 P.
605 2324 624 2343 V
643 2319 869 2366 composita]
893 2318 1089 2368 conposita
1109 2320 1148 2354 P.
1276 2324 1300 2339 w
1321 2318 1694 2367 ne—custodientes]
1718 2332 1842 2355 nec—-

388 2369 601 2406 custodient
620 2371 660 2406 P.
766 2378 786 2396 x
807 2371 1087 2421 orthographia]
1110 2372 1333 2422 orthografia
1352 2373 1392 2408 P.
1511 2379 1531 2407 Y
1551 2371 1761 2419 foeminina]
1785 2373 1839 2408 fe-

701 2431 741 2458 YY
759 2424 805 2470 ae]
828 2438 871 2460 ae
890 2425 931 2460 P.
1052 2431 1070 2450 Ζ
1090 2426 1293 2473 scripsere:
1325 2433 1361 2460 et
1381 2425 1498 2473 quod]
1521 2425 1771 2474 scripserunt:
1805 2434 1843 2461 et

644 2483 684 2502 ²²
704 2478 740 2524 η]
776 2479 803 2523 b
838 2478 878 2512 P.
912 2477 996 2513 Vid.
1018 2476 1143 2514 Vossii
1165 2479 1207 2513 A.
1231 2478 1296 2513 Gr.
1318 2478 1385 2514 IV.
1407 2491 1444 2523 4.

1450 2220 1470 2248 q
1489 2213 1674 2261 quamvis]
1692 2226 1777 2250 curn
1799 2214 1840 2250 P.

389 2422 529 2458 minina
549 2423 588 2459 P.

388 2474 475 2524 quia
493 2477 533 2511 P.

388 2560 481 2597 Vult
516 2561 613 2598 enim
662 2570 742 2597 tum
781 2562 930 2598 demum
979 2563 1089 2599 obse-

387 2614 577 2662 quendum
607 2614 832 2664 antiquitati,
864 2614 893 2650 si
924 2628 1087 2665 pronun-

388 2666 492 2702 tiatio
520 2666 654 2703 usitata
683 2680 758 2703 non
783 2668 937 2704 nimium
959 2669 1004 2704 ab
1025 2668 1088 2704 illa

388 2719 593 2756 abhorreat.
642 2720 678 2756 Si
700 2720 865 2769 legamus
886 2722 995 2763 haud,
1016 2721 1087 2757 hoc

388 2772 439 2808 ita
475 2772 587 2809 etiam
622 2773 667 2809 de
700 2773 754 2809 his
785 2774 902 2810 verbis
936 2787 1018 2823 quae
1050 2773 1087 2810 in

389 2833 490 2861 textu
513 2825 690 2862 orationis
718 2828 1008 2875 perscribuntur,
1030 2826 1086 2863 in-

389 2877 585 2928 telligetur.
618 2880 817 2917 CAMER.
869 2880 1085 2930 Legendum

1144 2570 1248 2612 puto,
1269 2564 1329 2598 sed
1358 2564 1416 2598 ubi
1435 2563 1559 2610 aliqua
1589 2564 1692 2598 modo
1712 2564 1758 2611 fit
1778 2569 1843 2599 aut

1144 2617 1222 2651 soni
1267 2614 1430 2661 jactura,
1484 2620 1518 2651 et
1575 2617 1719 2651 totidem
1776 2622 1840 2652 etc.

1142 2668 1316 2705 COMM.

1197 2731 1245 2769 37
1279 2719 1487 2770 perducite]
1529 2722 1714 2768 praeez‘clite
1752 2722 1841 2757 Put-

1144 2774 1278 2811 sebius.
1303 2773 1417 2810 Male.
1435 2775 1591 2821 perduco
1606 2773 1703 2810 idem
1724 2782 1780 2810 est
1799 2787 1842 2810 ac

1143 2830 1323 2876 διαγράφω,
1368 2840 1400 2863 V.
1436 2840 1545 2877 supra
1583 2840 1610 2863 s.
1650 2839 1707 2873 14.
1746 2827 1842 2863 infra

1143 2892 1170 2916 s.
1191 2892 1254 2927 40.
