1962 3355
328 227 388 262 50
837 216 994 262 Marii
1021 216 1265 262 Victorini
1620 228 1717 259 ΜΒ.
1741 227 1774 257 1.

326 336 558 399 positione
585 336 750 399 longis,
775 345 822 382 et
846 336 972 382 brevi
1001 336 1183 392 ultima,
1206 336 1283 398 qui
1317 337 1371 381 fit
1403 353 1484 398 pes
1521 334 1779 397 palimbac-

291 412 477 460 5chius.
548 411 709 472 Hujus
756 412 958 475 primam
996 412 1231 475 positione
1272 413 1463 474 longam
1502 419 1715 473 correpta
1757 426 1781 455 e

328 487 483 532 littera
508 504 607 531 esse
633 487 938 532 manifestum
965 496 1050 543 est,
1076 504 1216 548 quam
1253 486 1287 531 si
1320 486 1611 550 produxeris,
1635 494 1688 531 ut
1713 485 1782 530 in-

328 561 513 607 terdum
553 562 695 607 etiam
735 562 925 608 Metrici
963 562 1158 617 faciunt,
1194 571 1246 607 ut
1275 579 1360 624 pro
1393 579 1429 615 e,
1455 584 1478 618 η
1509 562 1674 607 Graeca
1708 561 1784 606 lit-

330 646 427 682 tera
447 636 676 691 audiatur,
697 655 802 699 quae
829 655 1014 700 semper
1032 647 1197 682 natura
1216 638 1354 700 longa
1375 647 1459 690 est,
1480 638 1548 691 fit,
1568 646 1622 682 ut
1640 636 1782 682 etiam

332 712 666 758 accedentibus
691 713 872 758 duabus
907 713 1292 769 consonantibus,
1318 713 1504 775 longior
1538 712 1786 775 prolixior-

295 801 313 832 6
332 804 424 848 que
461 786 700 840 videatur3
760 787 934 850 quippe
977 804 1086 832 cum
1137 788 1279 832 trium
1319 796 1589 850 temporum
1633 787 1786 850 spatio

333 871 469 907 aucta
494 862 567 917 sit,
592 880 695 923 quae
721 861 867 907 duum
894 862 1060 917 fuerat,
1086 879 1195 907 cum
1223 871 1344 908 esset
1368 880 1451 925 per
1475 880 1498 908 e
1523 871 1785 924 correptam

298 954 505 984 7nomen
533 938 725 983 elatum.
796 938 918 983 Item
946 938 1236 997 ἀμφιεσμέυος,
1260 938 1548 997 ἠμφιεσμένος.
1615 936 1788 989 ”Quod

334 1014 380 1058 in
429 1022 580 1058 metro
618 1012 742 1076 apud
782 1013 971 1058 Graecos
1013 1012 1284 1073 frequenter
1323 1013 1604 1069 invenimus,
1647 1013 1791 1058 babet

334 1089 460 1134 enim
488 1097 535 1134 et
559 1088 617 1134 de
642 1098 807 1134 natura
832 1097 877 1133 et
901 1087 959 1133 de
986 1088 1217 1150 positione
1243 1087 1465 1149 longioris
1497 1088 1689 1149 syllabae
1721 1087 1791 1132 in-

297 1176 315 1203 8
336 1174 646 1210 crementum.
716 1164 916 1209 Brevem
946 1173 1103 1210 autem
1129 1163 1284 1208 ⁰brevi
1323 1164 1582 1226 longiorem
1620 1163 1685 1210 sic
1720 1163 1791 1209 in-

335 1239 483 1302 telligi
523 1241 701 1296 volunt,
742 1249 796 1285 ut
834 1239 881 1284 in
925 1239 1089 1285 eodem
1140 1239 1346 1296 nomine,
1387 1239 1789 1285 Pleersandrus:

337 1316 453 1361 drus
471 1315 598 1360 enim
620 1315 799 1378 syllaba
821 1324 999 1376 ‘lquum
1023 1332 1163 1361 unam
1182 1315 1392 1360 vocalem
1413 1324 1579 1360 natura
1599 1315 1789 1360 brevem

338 1391 523 1444 habeat,
549 1399 640 1436 tres
666 1399 824 1436 tamen
864 1390 964 1436 aliae
994 1398 1304 1435 consonantes
1329 1407 1440 1435 cum
1466 1389 1633 1435 eadem
1658 1390 1792 1435 elatae

338 1485 431 1513 non
458 1484 624 1529 parum
655 1466 881 1529 temporis
917 1467 964 1512 in
1001 1484 1132 1512 mora
1157 1466 1554 1529 pronuntiationis
1590 1483 1793 1529 occupa-

301 1558 320 1588 9
339 1545 473 1589 bunt.
543 1542 648 1587 Erit
673 1560 782 1605 ergo
804 1543 904 1589 haec
941 1542 1091 1587 brevis
1117 1543 1175 1587 ab
1201 1560 1253 1587 ea
1280 1542 1476 1604 longior,
1501 1542 1549 1587 in
1576 1559 1669 1603 qua
1695 1542 1794 1586 sola

338 1637 385 1675 u,
415 1635 555 1680 quam
595 1635 701 1663 cum
743 1618 844 1663 aliis
881 1617 1127 1663 enuntiata
1163 1617 1327 1663 litteris
1354 1617 1498 1662 drus:
1534 1617 1791 1663 auctiorem

339 1695 465 1740 enim
494 1693 851 1755 uberioremque
888 1694 1076 1738 auribus
1115 1711 1303 1738 sensum
1333 1692 1500 1738 reddit.
1570 1692 1661 1738 Sed
1695 1693 1795 1738 baec

285 1788 321 1807 10
339 1769 696 1832 ¹'scrupulositas
715 1768 916 1814 Musicis
935 1778 981 1814 et
999 1769 1307 1831 Rhythmieis
1327 1770 1630 1831 relinquatur.
1663 1768 1794 1815 Nam

341 1846 450 1908 quia
475 1845 531 1891 ad
558 1863 643 1890 nos
670 1845 853 1901 attinet,
873 1853 1092 1890 notemus
1120 1846 1364 1908 plerasque
1391 1846 1594 1907 syllabas
1617 1845 1796 1891 ratione

340 1938 472 1985 pares
507 1938 620 1974 esse,
647 1920 798 1983 spatio
824 1930 981 1966 autem
1009 1939 1090 1966 seu
1127 1940 1242 1967 sono
1265 1922 1484 1985 impares,
1510 1930 1563 1966 ut
1593 1921 1795 1967 dicimus

340 2014 505 2042 omnes
532 1996 796 2041 Germanos
834 1996 999 2059 longos
1025 2015 1139 2051 esse,
1165 1998 1380 2059 quamvis
1414 2015 1508 2043 non
1546 1997 1641 2043 sint
1672 2008 1798 2042 Som-

342 2089 423 2118 nes
450 2071 661 2132 ejusdem
698 2080 914 2117 staturae:
952 2073 1017 2118 sic
1050 2073 1263 2118 dicemus
1294 2073 1437 2119 etiam
1475 2073 1557 2118 lias
1595 2072 1797 2135 syllabas

344 2148 388 2192 in
429 2164 597 2209 genere
633 2164 732 2191 esse
768 2164 860 2191 non
900 2147 946 2191 in
984 2148 1135 2210 spatio
1177 2149 1422 2211 longarum
1468 2166 1548 2193 seu
1581 2147 1795 2193 brevium

288 2240 319 2260 11
345 2223 645 2285 syllabarum.
718 2222 869 2284 Igitur
902 2240 1010 2268 cum
1048 2224 1210 2270 metris
1243 2225 1361 2270 nihil
1396 2224 1546 2285 majus
1582 2223 1798 2269 minusve

345 2298 504 2344 afferat
530 2296 802 2357 hujusmodi
828 2297 959 2351 ratio,
979 2316 1066 2344 nec
1090 2299 1312 2361 praefiniti
1334 2299 1419 2344 sibi
1447 2299 1671 2362 temporis
1700 2316 1799 2344 mo-

346 2373 458 2418 dum
487 2371 688 2433 adjectio
707 2374 1007 2418 consonantis
1027 2374 1236 2431 excedat,
1254 2375 1453 2420 Musicis
1478 2375 1634 2438 potius
1653 2391 1796 2437 quam

349 2447 563 2494 Metricis
589 2447 635 2493 id
662 2448 1022 2494 auscultandum
1051 2467 1150 2495 esse
1175 2449 1402 2496 dicemus.

643 2590 775 2640 CAP.
808 2590 904 2639 IX.
974 2592 1058 2642 De
1085 2593 1219 2643 Arsi
1243 2601 1293 2643 et
1330 2593 1501 2644 Theai.

414 2676 640 2724 Decursis
688 2677 972 2739 syllabarum
1019 2678 1184 2735 modis,
1224 2682 1349 2741 (quae
1396 2697 1478 2742 per
1525 2679 1707 2725 vocales
1755 2689 1802 2725 et

405 2827 425 2845 n
446 2818 564 2867 quod]
588 2830 670 2865 quae
690 2818 727 2852 P.
852 2825 870 2843 0
892 2818 990 2854 brevi
1011 2818 1233 2868 longiorem]
1258 2820 1459 2857 breviorem
1482 2822 1522 2856 P.
1644 2828 1663 2854 P
1682 2822 1801 2857 Ther—-

351 2871 523 2916 sandrus]
545 2870 798 2906 Thessandrus
819 2872 856 2906 P.
1000 2878 1019 2905 ‘l
1039 2874 1172 2920 quum]
1193 2886 1277 2909 cum
1299 2874 1339 2909 P.
1487 2881 1502 2900 Υ
1522 2873 1800 2923 scrupulositas]

351 2924 556 2974 scrupulosi
578 2925 616 2960 P.
736 2930 750 2949 s
772 2925 920 2971 omnes]
944 2925 1065 2960 omnis
1087 2925 1124 2961 P.
