1962 3355
135 222 241 252 CAP.
267 215 339 252 11.
498 204 581 250 De
603 208 754 250 metro
773 199 1225 247 Proceleusmatico.
1497 206 1585 245 133

134 328 277 383 Item,

266 402 490 466 Egregia
506 399 745 464 percoluit
769 397 967 461 ingenia
991 396 1293 443 vMusarum.

133 478 241 526 qut
286 478 427 524 etiam
487 476 734 540 pariambo
780 473 949 520 tribrar
1017 472 1045 499 *
1114 472 1222 518 dem
1284 473 1490 518 solutum
1541 471 1587 517 in

134 555 296 601 breves
322 553 720 616 amphimacrum,
745 560 1010 612 tamquam,

252 629 402 676 Modo
426 629 593 675 retulit
616 625 992 689 Philopolemus.

135 705 275 757 Quod
303 714 458 751 autem
494 718 601 769 post
627 714 719 750 tres
756 702 978 749 bacchios
1014 710 1254 765 postremo
1284 717 1452 763 paeone
1476 717 1588 746 eon-

133 781 354 836 cluditur,
381 791 584 828 metrum
612 780 956 826 rrBassaricum
986 777 1262 841 appellatur,
1287 785 1339 822 ut
1364 786 1449 830 est,

265 857 344 904 Ab
370 875 482 904 euro
506 874 729 904 sonorum
752 856 855 919 quis
878 854 1056 901 AEtnae
1075 871 1165 916 per
1187 854 1359 900 maria.

134 933 189 980 Id
227 951 336 980 vero
372 933 496 996 quod
534 934 683 980 tribus
722 931 1097 996 praecedentibus
1136 929 1319 976 creticis
1354 929 1590 975 sdiiambo

134 1010 383 1066 clauditur,
410 1012 490 1056 fiet
515 1009 770 1073 rhythmus
797 1024 1079 1053 concurrens
1105 1023 1163 1052 ex
1189 1006 1376 1052 duobus
1406 1005 1591 1068 amphi-

134 1086 302 1132 macris
340 1096 386 1131 et
423 1086 662 1131 trochaico
697 1084 899 1130 dimetro
925 1082 1236 1139 tcatalectico‚
1260 1081 1386 1145 quod
1422 1081 1589 1127 vEuri-

133 1163 296 1223 pidion
321 1162 607 1214 nominatur,
631 1170 892 1223 tamquam,

266 1238 429 1285 Aureo
453 1238 539 1283 suh
564 1244 667 1283 toro
693 1237 821 1283 tollit
844 1235 1208 1300 oemulasfaces.

134 1315 264 1361 Nam
298 1315 448 1360 ferme
478 1313 668 1376 tragicis
705 1312 993 1359 carminibus
1030 1310 1283 1357 bacchiaca
1307 1309 1591 1373 compositio

132 1390 374 1437 familiaris
399 1399 484 1436 est.

296 1521 436 1573 CAP.
465 1522 565 1573 XI.
630 1523 715 1574 De
742 1531 908 1574 metro
936 1519 1427 1573 Proceleusmatz‘ca

198 1623 475 1686 Ambigitur
500 1639 640 1685 super
671 1621 948 1668 auctoritate
975 1618 1400 1684 proceleusmatici,
1424 1617 1589 1681 unod

133 1708 317 1746 constat
342 1717 399 1745 ex
434 1698 618 1745 duobus
655 1697 960 1762 pyrrhichiis,
997 1697 1040 1742 id
1080 1705 1150 1742 est
1185 1704 1410 1758 quattuor
1444 1694 1594 1740 brevi-

133 1776 236 1832 buS,
272 1793 332 1821 an
369 1775 491 1821 inter
525 1784 780 1838 prototypa
820 1784 968 1820 metra
1008 1773 1097 1819 hoc
1138 1789 1328 1835 quoque
1364 1770 1593 1833 recipien-

133 1850 247 1896 dum
288 1850 662 1912 habendumque
698 1851 772 1905 sit,
809 1850 949 1912 xquia
985 1867 1073 1894 nec
1108 1847 1433 1903 molossicum,
1465 1845 1590 1908 quod

135 1936 319 1973 constat
343 1945 368 1973 e
393 1927 543 1972 tribus
575 1927 742 1989 longis,
768 1935 959 1990 propter
994 1925 1190 1971 nimiam
1230 1922 1588 1969 similitudinem

1610 720 1647 751 14

135 2002 293 2049 induci
321 2014 401 2049 aut
425 2002 570 2049 videri
607 2012 811 2048 metrum
849 2001 1018 2066 potuit.
1089 2000 1297 2053 Quidam
1324 2009 1483 2046 tamen
1509 1998 1591 2044 de-
1610 2022 1627 2043 2

135 2079 310 2125 cimam
351 2079 462 2125 huic
498 2079 722 2142 speciem,
747 2088 884 2142 ypost
918 2095 1088 2124 novem
1126 2085 1395 2141 prototypa,
1419 2077 1592 2137 imper-

134 2153 345 2199 tiendam
370 2171 484 2208 esse,
510 2171 534 2199 e
559 2153 731 2216 quibus
768 2162 838 2199 est
870 2163 916 2200 et
949 2153 1255 2208 Philoxenus,
1280 2169 1338 2198 ex
1371 2168 1427 2197 eo
1457 2158 1594 2213 puta-

134 2239 315 2285 verunt,
340 2230 467 2292 quod
493 2231 789 2277 Laconicum
817 2230 969 2293 longis
995 2238 1290 2276 constantem
1318 2226 1591 2290 quindecim

188 2361 208 2388 P
229 2353 320 2389 Mus
341 2354 380 2401 >¹⁶]
409 2367 594 2389 musarum
617 2354 656 2389 P.
775 2360 794 2387 q
815 2353 871 2400 fit]
894 2353 990 2389 Item
1013 2353 1052 2388 P.
1191 2359 1205 2377 ¹·
1225 2350 1340 2387 tribra
1359 2350 1397 2397 >¹²]
1421 2348 1594 2385 lacunula

135 2406 223 2442 item
245 2405 281 2442 iu
306 2408 346 2443 P.
495 2414 527 2433 Π
549 2405 801 2452 Bassaricum]
826 2405 1048 2442 Bassiricum
1071 2405 1111 2441 P.
1152 2404 1386 2454 Bassyricum
1408 2403 1465 2438 ed.
1484 2403 1591 2437 Cam.

136 2466 150 2485 s
171 2459 351 2506 diiambo]
374 2459 524 2496 diambo
545 2461 585 2496 P.
681 2460 694 2486 t
714 2459 948 2507 catalectico]
972 2458 1153 2495 catalecto
1175 2459 1213 2493 P.
1309 2464 1328 2482 v
1348 2454 1589 2505 Euripidjon]

135 2512 336 2560 suripidion
361 2514 401 2548 P.
512 2520 540 2539 W
560 2512 640 2561 qui]
661 2513 760 2561 quod
781 2513 821 2548 P.
932 2519 952 2538 X
973 2512 1087 2559 Quia]
1109 2511 1274 2549 Quidam
1299 2511 1338 2546 P.
1450 2516 1469 2544 Y
1488 2509 1589 2558 post]

135 2565 198 2614 qui
219 2566 257 2601 P.

198 2682 255 2717 13.
295 2668 458 2720 Egregia
495 2669 581 2716 &c.]
625 2668 838 2718 Perscripta
892 2670 1030 2713 retulit,
1047 2682 1124 2705 non
1145 2670 1298 2704 rettulit.
1328 2667 1527 2704 CAMER.

137 2723 307 2772 exempla
338 2722 465 2759 onmia
497 2721 631 2758 vitiosa
669 2721 838 2758 videntur
953 2735 1010 2769 14.
1062 2723 1309 2769 Bassaricum]
1373 2721 1591 2769 Legendum

137 2791 229 2818 esse,
261 2784 299 2812 et
329 2784 417 2812 sunt
448 2775 589 2824 aliquot
619 2775 690 2811 loci
719 2775 836 2811 mutili
893 2781 1046 2811 metrum
1069 2777 1312 2818 Bassaricam,
1344 2774 1380 2809 id
1409 2781 1476 2816 est,
1498 2772 1592 2808 Dio-

137 2831 199 2868 ubi
246 2837 351 2865 vetus
406 2829 589 2878 scriptura
631 2828 836 2865 deficiebat.
894 2828 1095 2878 nysiacum,
1128 2837 1167 2864 ut
1198 2836 1235 2865 et
1268 2828 1461 2867 Horatius,
1498 2826 1591 2860 Can-

136 2886 272 2934 Neque
315 2883 433 2918 habeo
472 2881 669 2931 quicquam
710 2895 836 2918 emen·
894 2884 975 2918 dide
996 2883 1188 2918 Bassareu.
1220 2879 1420 2917 CAMER.

137 2939 235 2980 dare,
269 2935 339 2971 nisi
373 2935 469 2972 forte
499 2935 534 2971 in
568 2934 700 2971 ultimo
735 2948 838 2972 versu
