1962 3355
329 237 424 276 230
839 229 1006 277 Marii
1035 230 1274 278 Victorini
1597 248 1697 278 LIB.
1717 248 1784 279 1v.

324 353 497 401 tuetur,
522 343 649 406 quod
675 343 860 390 duobus
885 343 1124 391 cernimus
1149 345 1374 399 versibuS‚
1394 353 1441 390 et
1468 345 1628 407 legem„
1641 364 1782 408 quam

325 420 425 484 ipse
451 420 539 466 sibi
564 437 674 466 casu
701 419 860 481 aliquo
884 419 1080 474 dixerat,
1106 437 1255 481 usque
1286 418 1342 465 ad
1380 419 1602 465 ultimam
1635 438 1785 468 asma-

324 497 383 542 tis
409 505 590 559 partem
617 494 908 541 observando
933 494 1195 558 aperduxit.
1265 494 1371 540 Nec
1396 511 1508 541 usus
1543 494 1662 542 bhac
1687 514 1785 542 me-

325 572 381 619 tri
410 571 565 636 specie
591 571 679 617 nisi
707 571 852 617 semel
878 570 1130 616 invenitur.

268 653 309 691 38
390 648 533 694 Nona
557 647 645 693 ode
670 647 819 693 tribus
856 645 1105 709 generibus
1131 645 1394 708 composita
1419 655 1504 703 est,
1527 663 1587 692 ex
1610 647 1781 709 quibus

323 724 418 770 duo
443 723 583 787 primi
608 741 765 769 versus
791 732 931 768 erunt
954 721 1135 767 Alcaici
1161 721 1560 785 hendecaysllabi,
1586 740 1783 785 sequen-

324 810 391 845 tes
418 799 512 845 duo
537 798 733 861 disparis
760 797 915 854 metri,
940 797 1021 851 sic,

525 874 673 921 Vides
698 881 751 920 ut
776 874 879 920 alta
901 879 997 920 stet
1019 873 1125 919 nive
1149 873 1404 920 candidam

520 951 737 1006 Soracte,
763 966 847 995 nec
854 949 969 1013 jam
994 950 1264 996 sustineant
1286 966 1407 995 onus

520 1026 663 1073 Silvae
689 1026 974 1083 laborantes,
997 1025 1206 1089 geluque

518 1101 759 1150 Flamina
785 1102 828 1131 ω’
841 1103 1144 1149 constiterint
1168 1109 1324 1148 acuto.

264 1191 305 1223 39
320 1178 504 1225 Primus
530 1197 587 1225 ex
616 1179 811 1242 syzygia
836 1180 1040 1226 iambica
1065 1188 1111 1225 et
1136 1179 1392 1243 semipede,
1417 1179 1524 1225 dein
1551 1179 1745 1242 syllaba,

521 1255 674 1302 Vides
698 1263 751 1302 at
776 1256 893 1311 alta,

318 1331 507 1378 adscitis
533 1332 621 1378 sibi
645 1332 830 1378 duobus
856 1331 1070 1395 dactylis,
1095 1331 1142 1377 in
1169 1331 1274 1385 hoc,

516 1407 626 1454 Stet
649 1408 756 1454 nice
782 1408 1052 1463 candidam,

318 1501 504 1530 versum
533 1484 766 1548 implebit.
838 1484 973 1530 Idem
1001 1494 1048 1530 et
1073 1483 1323 1541 secundus,
1349 1484 1429 1538 sic,

516 1560 735 1617 Soracte,
760 1559 965 1624 necjanz
990 1561 1259 1606 sustineant
1282 1577 1412 1606 onus.

262 1635 502 1685 40Tertius
540 1645 698 1683 autem
725 1637 812 1682 erit
841 1636 1041 1682 dimeter
1072 1654 1180 1683 cum
1220 1635 1460 1700 semipede
1499 1636 1546 1681 in
1583 1636 1778 1699 syllaba,

317 1712 395 1769 ita,

513 1776 655 1824 Silvae
681 1776 953 1823 laborantes
973 1776 1184 1841 geluque

314 1863 526 1909 trimeter
550 1863 782 1910 iambicus
803 1865 900 1920 fiet,
926 1864 962 1909 si
988 1862 1406 1928 adjiciasjrigido,
1433 1864 1514 1919 sic,

511 1938 656 1985 Silvae
683 1939 958 1985 laborantes
978 1938 1188 2003 geluque
1193 1937 1412 2004 frigido.

315 2014 443 2059 Nam
473 2015 751 2079 sesquipede
777 2015 933 2062 minor
957 2024 1028 2061 est
1059 2016 1117 2062 ab
1142 2016 1365 2073 iambico,
1390 2016 1471 2078 qui
1509 2015 1778 2079 amphima-

258 2109 296 2138 41
314 2089 379 2135 cri
416 2090 680 2151 adjectione
711 2092 979 2154 completus
1017 2100 1101 2138 est.
1172 2092 1381 2144 Quartus
1407 2091 1592 2137 duobus
1616 2091 1777 2155 dacty-

314 2165 370 2210 lis
397 2166 544 2212 currit
568 2184 676 2213 cum
706 2168 913 2214 trochaeo
938 2177 985 2213 et
1011 2167 1237 2230 spondeo,
1262 2169 1342 2224 ita,

514 2241 742 2287 Flamina
769 2243 1075 2289 constiterint
1100 2249 1254 2288 acuto.

315 2315 410 2368 Qui
446 2325 602 2379 potest
639 2317 784 2363 videri
827 2318 1005 2363 mixtus
1045 2335 1102 2364 ex
1145 2318 1330 2364 duobus
1368 2318 1528 2363 metris
1559 2318 1696 2381 epico
1731 2328 1778 2364 et

313 2392 568 2450 trochaico,
604 2394 726 2439 inter
762 2411 879 2455 quos
915 2393 1177 2457 semipodia
1214 2394 1396 2457 syllaba
1427 2395 1607 2457 cposita
1647 2395 1775 2440 heroi

314 2468 573 2513 tetrametri
600 2469 917 2514 Archilochus
943 2479 1147 2515 metrum
1175 2469 1408 2532 implevit,
1430 2478 1695 2531 tamquam,

513 2543 751 2590 Flamina
778 2545 1075 2590 constiterint
1102 2551 1148 2590 et
1173 2552 1325 2591 acuto.

261 2618 390 2667 42Ex
417 2636 512 2680 quo
537 2636 677 2682 supra
703 2619 911 2683 epodum
937 2619 1189 2666 inductum
1216 2620 1528 2675 ostendimus,
1554 2622 1636 2678 sic,

512 2695 622 2741 Aut
646 2695 884 2757 Epheson,
912 2695 1164 2743 bimarisve
1194 2697 1428 2743 Corinthi.

370 2881 388 2900 a
407 2875 596 2923 produxit]
619 2875 790 2925 perduxit
810 2876 851 2911 P.
1037 2873 1056 2901 b
1077 2875 1163 2922 hac]
1188 2888 1230 2912 ac
1251 2876 1292 2912 P.
1457 2874 1499 2902 bb
1519 2875 1772 2923 constiterint]

314 2926 562 2964 constiterunt
584 2929 625 2964 P.
647 2936 685 2964 et
703 2928 811 2964 infra.
951 2934 968 2954 c
987 2927 1127 2977 posita]
1154 2930 1276 2977 posita
1296 2928 1405 2965 fuerit
1426 2930 1467 2965 P.
