1962 3355
347 177 444 228 470
946 169 1202 217 Diomedis
1602 186 1698 217 Lm.
1725 188 1798 219 111.

347 292 547 339 vocales.
631 292 800 355 Itaque
835 299 882 338 et
925 291 1078 338 Graeci
1116 309 1222 338 suos
1260 299 1554 354 nuncupant,
1588 293 1801 353 ἀπληγεΐς,

346 370 519 430 ἀζυγεῒς,
558 367 831 431 ἆπρόσχημοι,
866 375 1141 430 πενταμερεῒς,
1174 369 1417 430 πσῧομερεῑς,
1461 366 1682 430 συρᾶποὸες,
1717 368 1805 414 [³60¹-

347 454 496 500 λεκτοι,
521 450 784 506 κυκλοτερεῖς,
807 442 1006 504 ἠχητικοῖ,
1031 441 1254 502 φωνητικοῖ.
1313 451 1375 471 WW
1385 443 1479 495 Qui
1506 460 1614 488 vero
1639 443 1685 489 in
1714 443 1802 491 hac

348 519 666 584 appellatione
706 519 1070 582 '‘inprobantur,
1112 519 1141 564 ii
1181 518 1391 581 quinque
1439 520 1683 582 speciebus
1721 519 1803 566 de-

347 595 608 658 signantur,
631 594 842 649 yMutili,
869 595 1030 650 hiulci,
1055 594 1269 652 ecaudes,
1294 595 1483 658 fragosi‚
1509 595 1640 642 fluxi.
1697 595 1802 642 Hos

348 671 501 717 Graecl
542 672 834 730 ΥῩάκεφᾶλους,
876 670 1088 733 λαγαροῦς,
1127 671 1341 733 μειούρους,
1378 672 1569 734 τραχέας,
1611 672 1805 728 κολοβοῦς

347 747 603 810 appellant.

309 837 324 857 ²
411 822 564 884 Igitur
598 821 766 867 illibati
805 830 929 878 sunt,
947 821 1027 884 qui
1055 840 1148 868 non
1176 832 1313 868 aucta
1338 823 1435 870 zvel
1461 823 1698 870 inminuta
1723 833 1805 870 aut

346 907 592 962 amputata
624 898 840 961 asyllaba
871 898 943 944 vel
982 898 1135 945 littera
1161 899 1401 957 vitiantur,
1427 900 1506 946 sed
1545 901 1726 963 integra
1758 909 1806 946 et

345 973 621 1038 plenissima
645 973 853 1020 dictione
879 974 1188 1032 bformantur,
1216 984 1281 1029 ut,

458 1062 668 1117 Depresso
687 1061 865 1117 incipiat
872 1059 968 1115 jam
991 1068 1077 1102 tum
1099 1062 1201 1101 mihi
1225 1068 1374 1103 taurus
1395 1068 1552 1103 aratro.

344 1145 433 1192 Est
457 1145 584 1192 enim
609 1162 768 1191 versus
794 1145 977 1209 integer
1002 1156 1049 1192 et
1073 1146 1204 1192 nullo
1229 1146 1344 1192 vitio
1370 1147 1761 1194 “contaminatus

307 1238 325 1266 3
411 1222 603 1285 Injuges
641 1230 766 1278 sunt,
800 1222 927 1284 ccqui
967 1223 1096 1269 nulla
1130 1223 1477 1285 conjunctionis
1515 1223 1695 1287 syllaba
1727 1241 1803 1270 co-

345 1298 583 1362 pulantur,
610 1315 727 1360 quos
754 1297 910 1344 Graeci
937 1297 1198 1352 ᾱάσυνὸέτους
1222 1310 1518 1364 nuncupant,
1543 1299 1729 1358 ddsicut,

466 1386 636 1426 Tectum
656 1391 902 1441 augustum,
922 1387 1090 1442 iugens,
1112 1393 1273 1427 centum
1294 1388 1465 1428 sublime
1485 1388 1700 1427 columnis.

347 1469 447 1516 sine
483 1486 623 1516 nexu.
694 1468 897 1515 eNullus
923 1469 1051 1516 enim
1077 1469 1425 1531 conjunctionis
1462 1488 1611 1518 nexus
1644 1488 1806 1517 occur-

347 1558 431 1593 Sat.

309 1642 328 1669 4
411 1622 737 1685 AEquiformes
775 1632 899 1680 sunt,
924 1624 1003 1686 qui
1042 1642 1136 1670 non
1174 1623 1452 1687 composita,
1484 1623 1563 1669 sed
1602 1623 1803 1687 simplici

347 1700 497 1763 figura
522 1707 834 1754 ostentantur,
861 1709 930 1754 ut,

522 1787 631 1827 Urbe
633 1788 739 1842 suit
759 1788 894 1828 media
914 1788 1141 1828 Laurentis
1162 1790 1285 1844 regia
1305 1789 1411 1828 Pici.

349 1870 625 1934 ‘Nusquam
651 1872 779 1919 enirn
808 1872 885 1918 hic
910 1872 1014 1919 duae
1041 1882 1194 1936 partes
1221 1873 1443 1919 orationis
1469 1882 1739 1921 nectuntur.

404 2115 461 2134 ww
482 2108 556 2147 Qui
578 2121 663 2145 vero
684 2108 720 2144 in
738 2109 823 2158 liae]
851 2110 890 2145 Si
910 2122 992 2145 vero
1014 2111 1048 2145 in
1071 2110 1138 2146 hac
1153 2110 1249 2146 Ven.
1270 2110 1310 2145 Si
1325 2111 1385 2146 Sc.
1442 2117 1461 2136 X
1483 2109 1740 2159 improbantur
1759 2109 1802 2157 ii]

353 2163 589 2209 inprobantur
606 2167 644 2197 ut
663 2163 754 2198 AB.
777 2164 874 2199 Ven.
1011 2171 1030 2198 Y
1060 2163 1199 2204 inutili,
1221 2163 1353 2207 trunci,
1386 2161 1511 2205 hiulci,
1538 2163 1684 2213 fragosi,
1707 2163 1806 2199 fluxi.

618 2214 706 2238 hiulci

353 2247 455 2294 Hos]
486 2249 809 2284 matthe—caudes
825 2247 972 2296 fragosz'
987 2250 1088 2298 fluxi
1117 2255 1152 2285 et
1182 2250 1243 2285 hos
1264 2251 1307 2286 A.
1338 2250 1504 2290 multiles,
1527 2250 1643 2289 exile&
1666 2250 1807 2291 caudes,

342 2299 604 2349 fracosi,fluxi
623 2306 658 2337 et
679 2302 740 2337 hos
759 2302 806 2336 B.
837 2303 945 2338 maile
965 2302 1228 2350 ravolifi·igosi
1248 2303 1460 2338 Fluoeiachos
1480 2302 1575 2337 Ven.
1670 2308 1709 2336 Π
1729 2314 1809 2338 ace-

348 2354 492 2400 phalez's
511 2355 656 2400 legarus
674 2356 809 2389 mnirus
830 2356 963 2391 trachis
983 2357 1124 2391 colobus
1144 2356 1239 2391 Ven.
1335 2362 1352 2380 Ζ
1374 2354 1428 2391 vel
1450 2353 1611 2400 minuta]
1634 2356 1690 2390 vel
1705 2356 1810 2391 inmi-

353 2411 446 2441 nuta
466 2407 560 2441 Α.Β.
705 2413 724 2433 a
743 2406 900 2456 syllaba]
926 2409 1065 2454 syllaba
1087 2409 1142 2443 vel
1162 2409 1283 2443 littera
1301 2408 1395 2444 A.B.
1537 2405 1557 2433 b
1577 2407 1804 2455 formantur]

341 2459 544 2508 firmantur
562 2459 658 2496 A.B.
807 2467 823 2486 c
842 2461 1137 2507 contaminatur]
1161 2462 1425 2496 contaminatus
1443 2461 1539 2497 AB.
1669 2468 1704 2488 cc
1723 2460 1805 2510 qui]

355 2513 439 2559 quia
459 2512 555 2547 Ven.
720 2509 739 2537 d
759 2514 967 2560 asynthetus
987 2513 1082 2550 Ven.
1248 2511 1289 2539 dd
1318 2513 1415 2550 sicut
1436 2514 1509 2560 est]
1543 2519 1593 2549 est
1622 2527 1696 2550 orn.
1717 2515 1809 2550 AB.

355 2571 371 2591 e
390 2564 544 2611 Nullus]
566 2566 638 2600 sive
658 2577 762 2600 nexu.
808 2566 943 2601 Nullus
963 2566 1057 2602 Α.Β.
1205 2565 1220 2592 f
1237 2579 1418 2616 nusquam
1441 2566 1541 2603 enirn
1563 2566 1621 2603 hic
1642 2567 1722 2603 duae
1742 2580 1811 2603 cae-

355 2630 448 2654 surae
474 2616 725 2654 inveniuntur.
768 2617 1057 2668 Quinquipartes
1090 2628 1178 2656 sunt
1204 2619 1266 2668 qui
1293 2620 1457 2669 quinque
1487 2628 1608 2669 partes
1642 2619 1808 2669 signant]

357 2671 546 2718 Nusquam
567 2671 623 2706 hic
643 2672 733 2707 enim
755 2673 833 2707 cluae
850 2678 974 2719 partes
994 2674 1167 2708 orationis
1186 2679 1389 2709 nectuntur.
1418 2676 1572 2722 quinque
1587 2679 1711 2721 partes
1729 2679 1813 2709 sunt

357 2725 418 2771 qui
437 2725 521 2771 quin
546 2725 717 2772 (quinque
737 2723 800 2769 B.)
821 2731 946 2772 partes
976 2728 1148 2762 orationis
1178 2727 1306 2762 liberas
1333 2729 1513 2775 possident
1532 2732 1572 2762 ut
1598 2728 1694 2762 oracz'
1716 2731 1811 2762 tato-

358 2790 434 2812 rum
457 2789 560 2812 cursu
581 2778 729 2813 detorsit
749 2790 918 2825 equorum
939 2779 1031 2815 A.B.
1057 2782 1159 2827 parti.
1173 2782 1282 2828 pedes
1301 2786 1383 2816 sunt
1403 2783 1461 2828 qui
1484 2782 1517 2815 in
1538 2781 1687 2827 singulis
1710 2781 1809 2826 pecli-

358 2832 420 2866 bus
437 2832 598 2877 singulas
618 2833 790 2867 orationis
815 2836 937 2878 partes
956 2834 1162 2880 adsignant,
1185 2839 1224 2870 ut
1253 2836 1399 2870 miscent
1415 2835 1499 2882 fida
1514 2834 1673 2882 flumina
1693 2833 1737 2868 B.
1769 2833 1810 2867 Ii-

358 2884 684 2920 beras—orationis
704 2897 780 2921 om.
804 2885 898 2921 Ven.
