1962 3355
105 182 209 213 CAP.
230 176 273 213 4.
312 166 395 212 De
417 164 624 212 Iambico
646 169 795 209 metro
820 169 865 209 et
887 162 987 227 ejus
1009 162 1248 225 speciebus
1272 161 1357 222 850.
1444 167 1530 219 271

359 288 608 328 Oblivionem
627 287 823 327 sensibus.

357 356 633 396 tAnacreonta
659 355 819 394 Teium.

274 489 352 535 De
377 490 572 536 dimetro
595 486 856 535 acatalecto
882 485 1011 532 clodo
1034 485 1370 549 Hipponactio.
1564 500 1600 531 15

176 588 546 650 Hipponactiam
585 588 833 633 dimetrum
860 584 1175 632 acatalectum
1208 584 1393 632 clodum
1427 584 1543 630 iam-

107 666 267 711 bicum
308 667 387 711 fiet
423 666 512 711 hoc
549 663 705 720 modo,
741 680 847 709 cum
886 663 1147 726 penultima
1185 663 1364 727 syllaba
1410 662 1542 727 pedis

108 741 260 803 quarti
297 742 522 805 simplicis
561 742 697 803 longa
734 741 805 796 sit,
839 757 946 785 cum
985 739 1188 786 iambico
1218 740 1408 786 deberet
1444 757 1543 786 esse

107 818 272 874 brevis,

368 887 476 947 χαῖρ’
499 880 552 929 νεῖν
577 883 625 928 σὺ
649 883 840 937 Aeo-fiac&
863 885 1031 941 Σάπφω.

348 988 515 1028 Salvcto
540 987 683 1027 Lesbia
705 987 888 1042 Sappho.

197 1110 280 1156 De
301 1110 583 1157 Alcmam’co
609 1110 821 1156 trimetro
848 1108 1255 1171 brachycatalecto
1278 1108 1453 1155 colare.
1569 1117 1609 1150 16

184 1209 472 1255 Trimetrum
514 1207 764 1253 iambicum
814 1206 1275 1270 braclzycatalectum
1322 1205 1549 1261 colurum,

111 1284 235 1347 quod
253 1284 558 1331 Alcmam'um
576 1293 891 1347 nuncupatur,
912 1283 1171 1348 percutitur
1194 1283 1313 1338 wsic,
1333 1300 1439 1328 cum
1466 1299 1550 1328 no-

109 1361 326 1408 vissimus
359 1380 458 1426 pes,
490 1361 537 1407 id
568 1370 638 1407 est
673 1361 851 1414 tertius,
883 1360 1059 1407 debens
1089 1368 1135 1406 et
1166 1359 1265 1423 ipse
1301 1359 1422 1406 sicut
1457 1357 1551 1405 duo

112 1448 218 1485 ante
244 1457 291 1485 se
314 1449 535 1502 quattuor
559 1439 731 1484 habere
756 1438 972 1501 syllabas,
996 1437 1110 1484 duas
1137 1437 1352 1493 Xhabeat,
1374 1445 1427 1483 ut
1451 1444 1534 1489 est,

369 1517 484 1576 μέλει
510 1515 627 1579 φόβῳ
652 1516 681 1562 δ’
708 1515 782 1577 οὐχ
805 1515 998 1561 ὑπνώσσει
1025 1516 1131 1578 κέαρ.

364 1593 569 1649 Relapsas
589 1599 709 1648 atque
729 1599 850 1633 notus
870 1594 915 1632 in
937 1593 1088 1633 vultus.

114 1667 245 1714 Huic
270 1667 307 1713 si
335 1667 650 1714 addiderimus
686 1668 880 1713 alterum
919 1666 1088 1731 pedem
1121 1666 1403 1731 disyllabum
1438 1667 1554 1710 iam·
1576 1688 1612 1721 17

114 1744 246 1798 bum,
270 1743 356 1789 erit
380 1744 642 1791 trimetrum
665 1744 919 1791 iambicum
945 1761 1117 1808 purum
1137 1743 1443 1790 acatalectum
1468 1740 1555 1786 Ar-

114 1820 418 1878 chilochium,
442 1821 500 1867 de
523 1839 617 1884 quo
641 1822 782 1885 paulo
805 1831 912 1868 ante
937 1820 1146 1877 tractavi,

310 1896 512 1960 Ῡ”Ασκρες
535 1898 606 1959 μὲν
629 1898 695 1944 οὐκ
719 1898 855 1945 ἕσεστι
878 1896 945 1958 μοὶ
970 1898 1113 1960 λύχνος
1137 1897 1276 1951 βαθύς.

312 1985 519 2040 Relapsus
538 1991 659 2041 atque
678 1991 798 2026 notus
818 1986 863 2025 in
884 1985 1023 2026 vultus
1042 1984 1184 2025 honor.

311 2054 468 2093 Beatus
488 2054 555 2093 ille
576 2055 648 2108 qui
660 2055 814 2109 procul
833 2054 1023 2109 negotiis.

463 2176 546 2222 De
565 2183 713 2223 metro
736 2175 965 2224 catalecto
990 2176 1201 2222 iambico.
1580 2192 1616 2223 18

187 2274 475 2322 Trimetram
515 2275 845 2323 catalecticum
885 2276 1135 2323 iambicum
1172 2276 1227 2322 fit
1268 2274 1359 2320 hoc
1402 2272 1558 2330 modo,

116 2369 224 2399 cum
267 2369 359 2398 una
400 2353 579 2416 syllaba
615 2353 760 2409 deest,
800 2362 853 2401 ut
893 2371 972 2399 sex
1011 2352 1153 2418 pedes
1200 2351 1390 2399 iambici
1435 2350 1558 2397 binis

108 2429 285 2491 junctis
310 2429 575 2476 trimetrum
600 2430 788 2486 faciant,
814 2440 866 2477 ut
889 2439 973 2488 est,

313 2517 568 2565 ΖἈΝΤΩΤΙ
594 2525 792 2565 ΜΟΥΣΑ
816 2523 1213 2565 ΠΡΟΣΙΜΕΣΟΝ.

171 2706 181 2727 ῑ
202 2707 436 2742 Anacreonta
453 2705 601 2755 Teium]
624 2707 682 2742 Ita
701 2707 882 2757 rescripsi.
914 2707 1176 2742 Anacreontius
1195 2703 1403 2741 Putsehius.
1499 2711 1518 2730 V
1536 2700 1559 2739 (Ξ

118 2760 177 2807 σὺ]
197 2762 237 2796 σὺ
257 2773 331 2796 om.
352 2760 396 2796 L.
504 2766 533 2785 w
553 2761 621 2807 sic]
646 2762 676 2796 si
694 2760 737 2796 L.
856 2767 876 2786 Χ
897 2760 1044 2808 habeat]
1070 2758 1129 2796 Sic
1149 2759 1193 2795 L.
1223 2758 1328 2794 habet
1347 2756 1556 2794 Putschius.

117 2820 136 2848 Y
165 2814 907 2854 ΑΟΚΙΟΜΕΝΟΥΚΕΟΕΟΤΙΝΟῙΛῙΧΝΟΧ.
928 2814 970 2850 L.
1150 2819 1169 2839 Ζ
1198 2820 1239 2849 ut
1265 2821 1332 2855 est,
1362 2815 1556 2847 ANTcoTI-

119 2871 564 2905 MOTCAHHOCMHCON
585 2866 627 2902 L.
673 2869 840 2913 Ἀντωνίνῳ
867 2884 900 2903 τι
926 2872 1034 2915 μοῦσα
1060 2868 1271 2915 πρσσῦμνησον
1297 2866 1391 2912 μέλος
1407 2864 1556 2901 Terhae-

117 2932 205 2957 rius.
