<?xml version="1.0" encoding="UTF-8"?>
<!DOCTYPE html PUBLIC "-//W3C//DTD XHTML 1.0 Transitional//EN"
    "http://www.w3.org/TR/xhtml1/DTD/xhtml1-transitional.dtd">
<html xmlns="http://www.w3.org/1999/xhtml" xml:lang="en" lang="en">
 <head>
  <title>
</title>
<meta http-equiv="Content-Type" content="text/html;charset=utf-8" />
  <meta name='ocr-system' content='tesseract 3.04.00' />
  <meta name='ocr-capabilities' content='ocr_page ocr_carea ocr_par ocr_line ocrx_word'/>
</head>
<body>
  <div class='ocr_page' id='page_1' title='image "./scriptoreslatini00gaisuoft_0475.png"; bbox 0 0 1962 3355; ppageno 0'>
   <div class='ocr_carea' id='block_1_1' title="bbox 126 182 1574 243">
    <p class='ocr_par' dir='ltr' id='par_1_1' title="bbox 126 182 1574 243">
     <span class='ocr_line' id='line_1_1' title="bbox 126 182 1574 243; baseline 0.002 -13"><span class='ocrx_word' id='word_1_1' title='bbox 126 199 235 230; x_wconf 76' lang='lat' dir='ltr'><strong>CAP.</strong></span> <span class='ocrx_word' id='word_1_2' title='bbox 256 193 327 231; x_wconf 89' lang='lat' dir='ltr'>lo.</span> <span class='ocrx_word' id='word_1_3' title='bbox 403 183 653 230; x_wconf 69' lang='lat' dir='ltr'>catholica</span> <span class='ocrx_word' id='word_1_4' title='bbox 675 182 731 227; x_wconf 82' lang='lat' dir='ltr'>de</span> <span class='ocrx_word' id='word_1_5' title='bbox 753 182 1053 228; x_wconf 61' lang='lat' dir='ltr'>eccm-emitote</span> <span class='ocrx_word' id='word_1_6' title='bbox 1073 185 1328 230; x_wconf 76' lang='lat' dir='ltr'><em>nominum.</em></span> <span class='ocrx_word' id='word_1_7' title='bbox 1480 193 1574 243; x_wconf 84' lang='lat'>457</span> 
     </span>
    </p>
   </div>
   <div class='ocr_carea' id='block_1_2' title="bbox 116 301 1579 1282">
    <p class='ocr_par' dir='ltr' id='par_1_2' title="bbox 116 301 1579 1282">
     <span class='ocr_line' id='line_1_2' title="bbox 125 301 1577 366; baseline -0.001 -16"><span class='ocrx_word' id='word_1_8' title='bbox 125 303 330 366; x_wconf 86' lang='lat' dir='ltr'>potiores</span> <span class='ocrx_word' id='word_1_9' title='bbox 372 303 683 359; x_wconf 86' lang='lat' dir='ltr'>inferioribus,</span> <span class='ocrx_word' id='word_1_10' title='bbox 718 301 798 364; x_wconf 91' lang='lat' dir='ltr'>qui</span> <span class='ocrx_word' id='word_1_11' title='bbox 839 301 884 347; x_wconf 88' lang='lat' dir='ltr'>in</span> <span class='ocrx_word' id='word_1_12' title='bbox 928 302 1058 347; x_wconf 89' lang='lat' dir='ltr'>omni</span> <span class='ocrx_word' id='word_1_13' title='bbox 1107 302 1391 365; x_wconf 67' lang='lat' dir='ltr'>”ergasterio</span> <span class='ocrx_word' id='word_1_14' title='bbox 1431 312 1577 359; x_wconf 88' lang='lat' dir='ltr'>erant,</span> 
     </span>
     <span class='ocr_line' id='line_1_3' title="bbox 126 377 1578 442; baseline -0.001 -17"><span class='ocrx_word' id='word_1_15' title='bbox 126 380 295 426; x_wconf 86' lang='lat' dir='ltr'>servire</span> <span class='ocrx_word' id='word_1_16' title='bbox 332 379 752 442; x_wconf 75' lang='lat' dir='ltr'>odedignabantur‚</span> <span class='ocrx_word' id='word_1_17' title='bbox 785 377 961 440; x_wconf 86' lang='lat' dir='ltr'>seipsos</span> <span class='ocrx_word' id='word_1_18' title='bbox 1000 396 1025 423; x_wconf 87' lang='lat' dir='ltr'>a</span> <span class='ocrx_word' id='word_1_19' title='bbox 1063 378 1300 424; x_wconf 86' lang='lat' dir='ltr'>comoedia</span> <span class='ocrx_word' id='word_1_20' title='bbox 1337 396 1578 442; x_wconf 85' lang='lat' dir='ltr'>separave-</span> 
     </span>
     <span class='ocr_line' id='line_1_4' title="bbox 125 453 1578 517; baseline -0.002 -16"><span class='ocrx_word' id='word_1_21' title='bbox 125 465 261 501; x_wconf 87' lang='lat' dir='ltr'>runt:</span> <span class='ocrx_word' id='word_1_22' title='bbox 314 474 366 501; x_wconf 90' lang='lat' dir='ltr'>ac</span> <span class='ocrx_word' id='word_1_23' title='bbox 407 455 473 501; x_wconf 88' lang='lat' dir='ltr'>sic</span> <span class='ocrx_word' id='word_1_24' title='bbox 509 455 685 500; x_wconf 87' lang='lat' dir='ltr'>factum</span> <span class='ocrx_word' id='word_1_25' title='bbox 725 462 809 510; x_wconf 88' lang='lat' dir='ltr'>est,</span> <span class='ocrx_word' id='word_1_26' title='bbox 844 462 896 499; x_wconf 89' lang='lat' dir='ltr'>ut</span> <span class='ocrx_word' id='word_1_27' title='bbox 934 454 1156 517; x_wconf 85' lang='lat' dir='ltr'>exemplo</span> <span class='ocrx_word' id='word_1_28' title='bbox 1203 453 1347 499; x_wconf 87' lang='lat' dir='ltr'>semel</span> <span class='ocrx_word' id='word_1_29' title='bbox 1385 462 1578 516; x_wconf 89' lang='lat' dir='ltr'>sumpto</span> 
     </span>
     <span class='ocr_line' id='line_1_5' title="bbox 126 529 1575 595; baseline -0.003 -17"><span class='ocrx_word' id='word_1_30' title='bbox 126 534 482 595; x_wconf 78' lang='lat' dir='ltr'>1&gt;unusquisque</span> <span class='ocrx_word' id='word_1_31' title='bbox 515 533 623 579; x_wconf 89' lang='lat' dir='ltr'>artis</span> <span class='ocrx_word' id='word_1_32' title='bbox 659 549 756 578; x_wconf 84' lang='lat' dir='ltr'>suae</span> <span class='ocrx_word' id='word_1_33' title='bbox 784 549 881 577; x_wconf 87' lang='lat' dir='ltr'>rem</span> <span class='ocrx_word' id='word_1_34' title='bbox 907 530 1078 592; x_wconf 80' lang='lat' dir='ltr'>exequi</span> <span class='ocrx_word' id='word_1_35' title='bbox 1105 530 1319 593; x_wconf 85' lang='lat' dir='ltr'>coeperit,</span> <span class='ocrx_word' id='word_1_36' title='bbox 1344 547 1495 592; x_wconf 84' lang='lat' dir='ltr'>neque</span> <span class='ocrx_word' id='word_1_37' title='bbox 1529 529 1575 575; x_wconf 87' lang='lat' dir='ltr'>in</span> 
     </span>
     <span class='ocr_line' id='line_1_6' title="bbox 125 604 1577 669; baseline -0.003 -15"><span class='ocrx_word' id='word_1_38' title='bbox 125 609 410 655; x_wconf 82' lang='lat' dir='ltr'>comoediam</span> <span class='ocrx_word' id='word_1_39' title='bbox 451 609 622 654; x_wconf 87' lang='lat' dir='ltr'>venire.</span> <span class='ocrx_word' id='word_1_40' title='bbox 692 607 841 669; x_wconf 86' lang='lat' dir='ltr'>Cujus</span> <span class='ocrx_word' id='word_1_41' title='bbox 880 607 943 652; x_wconf 88' lang='lat' dir='ltr'>rei</span> <span class='ocrx_word' id='word_1_42' title='bbox 983 605 1155 651; x_wconf 88' lang='lat' dir='ltr'>indicia</span> <span class='ocrx_word' id='word_1_43' title='bbox 1195 604 1403 668; x_wconf 88' lang='lat' dir='ltr'>produnt</span> <span class='ocrx_word' id='word_1_44' title='bbox 1440 604 1577 650; x_wconf 88' lang='lat' dir='ltr'>nobis</span> 
     </span>
     <span class='ocr_line' id='line_1_7' title="bbox 125 682 1579 747; baseline -0.001 -17"><span class='ocrx_word' id='word_1_45' title='bbox 125 685 330 747; x_wconf 84' lang='lat' dir='ltr'>antiquae</span> <span class='ocrx_word' id='word_1_46' title='bbox 372 685 637 739; x_wconf 74' lang='lat' dir='ltr'>comoediae,</span> <span class='ocrx_word' id='word_1_47' title='bbox 678 685 724 730; x_wconf 91' lang='lat' dir='ltr'>in</span> <span class='ocrx_word' id='word_1_48' title='bbox 767 684 939 747; x_wconf 88' lang='lat' dir='ltr'>quibus</span> <span class='ocrx_word' id='word_1_49' title='bbox 980 683 1261 740; x_wconf 78' lang='lat' dir='ltr'>invenimus,</span> <span class='ocrx_word' id='word_1_50' title='bbox 1303 689 1412 729; x_wconf 78' lang='lat' dir='ltr'>acta</span> <span class='ocrx_word' id='word_1_51' title='bbox 1451 682 1579 729; x_wconf 74' lang='lat' dir='ltr'>tibiis</span> 
     </span>
     <span class='ocr_line' id='line_1_8' title="bbox 116 759 1575 824; baseline -0.002 -17"><span class='ocrx_word' id='word_1_52' title='bbox 116 762 332 823; x_wconf 70' lang='lat' dir='ltr'>paribus,</span> <span class='ocrx_word' id='word_1_53' title='bbox 358 768 443 807; x_wconf 74' lang='lat' dir='ltr'>aut</span> <span class='ocrx_word' id='word_1_54' title='bbox 468 762 744 824; x_wconf 74' lang='lat' dir='ltr'><em>imparibus,</em></span> <span class='ocrx_word' id='word_1_55' title='bbox 770 767 855 807; x_wconf 65' lang='lat' dir='ltr'>aztt</span> <span class='ocrx_word' id='word_1_56' title='bbox 883 761 1147 806; x_wconf 62' lang='lat' dir='ltr'>asar-ranis.</span> <span class='ocrx_word' id='word_1_57' title='bbox 1219 759 1424 812; x_wconf 84' lang='lat' dir='ltr'>Quando</span> <span class='ocrx_word' id='word_1_58' title='bbox 1448 760 1575 805; x_wconf 86' lang='lat' dir='ltr'>enim</span> 
     </span>
     <span class='ocr_line' id='line_1_9' title="bbox 124 836 1579 895; baseline -0.001 -12"><span class='ocrx_word' id='word_1_59' title='bbox 124 839 295 884; x_wconf 87' lang='lat' dir='ltr'>chorus</span> <span class='ocrx_word' id='word_1_60' title='bbox 333 840 547 895; x_wconf 77' lang='lat' dir='ltr'>canebat,</span> <span class='ocrx_word' id='word_1_61' title='bbox 572 839 773 885; x_wconf 84' lang='lat' dir='ltr'>choricis</span> <span class='ocrx_word' id='word_1_62' title='bbox 810 838 953 895; x_wconf 82' lang='lat' dir='ltr'>tibiis,</span> <span class='ocrx_word' id='word_1_63' title='bbox 991 837 1036 882; x_wconf 94' lang='lat' dir='ltr'>id</span> <span class='ocrx_word' id='word_1_64' title='bbox 1073 847 1144 882; x_wconf 87' lang='lat' dir='ltr'>est</span> <span class='ocrx_word' id='word_1_65' title='bbox 1179 836 1473 893; x_wconf 87' lang='lat' dir='ltr'>choraulicis,</span> <span class='ocrx_word' id='word_1_66' title='bbox 1509 854 1579 882; x_wconf 86' lang='lat' dir='ltr'>ar-</span> 
     </span>
     <span class='ocr_line' id='line_1_10' title="bbox 124 912 1579 976; baseline -0.002 -16"><span class='ocrx_word' id='word_1_67' title='bbox 124 915 240 961; x_wconf 82' lang='lat' dir='ltr'><strong>tifex</strong></span> <span class='ocrx_word' id='word_1_68' title='bbox 291 916 586 970; x_wconf 82' lang='lat' dir='ltr'>concinebat,</span> <span class='ocrx_word' id='word_1_69' title='bbox 623 915 668 960; x_wconf 89' lang='lat' dir='ltr'>in</span> <span class='ocrx_word' id='word_1_70' title='bbox 717 915 934 960; x_wconf 83' lang='lat' dir='ltr'>rcantico</span> <span class='ocrx_word' id='word_1_71' title='bbox 982 922 1141 960; x_wconf 83' lang='lat' dir='ltr'>autem</span> <span class='ocrx_word' id='word_1_72' title='bbox 1189 912 1461 976; x_wconf 78' lang='lat' dir='ltr'>pithaulicis</span> <span class='ocrx_word' id='word_1_73' title='bbox 1510 930 1579 958; x_wconf 89' lang='lat' dir='ltr'>re-</span> 
     </span>
     <span class='ocr_line' id='line_1_11' title="bbox 125 989 1579 1054; baseline -0.003 -17"><span class='ocrx_word' id='word_1_74' title='bbox 125 992 393 1054; x_wconf 86' lang='lat' dir='ltr'>sponsabat.</span> <span class='ocrx_word' id='word_1_75' title='bbox 478 991 569 1037; x_wconf 87' lang='lat' dir='ltr'>Sed</span> <span class='ocrx_word' id='word_1_76' title='bbox 609 990 737 1054; x_wconf 88' lang='lat' dir='ltr'>quod</span> <span class='ocrx_word' id='word_1_77' title='bbox 782 991 982 1053; x_wconf 77' lang='lat' dir='ltr'>paribus</span> <span class='ocrx_word' id='word_1_78' title='bbox 1023 989 1167 1045; x_wconf 72' lang='lat' dir='ltr'>tibiis,</span> <span class='ocrx_word' id='word_1_79' title='bbox 1205 989 1275 1034; x_wconf 89' lang='lat' dir='ltr'>vel</span> <span class='ocrx_word' id='word_1_80' title='bbox 1314 989 1579 1051; x_wconf 76' lang='lat' dir='ltr'><em>imparibus</em></span> 
     </span>
     <span class='ocr_line' id='line_1_12' title="bbox 123 1065 1578 1130; baseline -0.003 -16"><span class='ocrx_word' id='word_1_81' title='bbox 123 1068 392 1115; x_wconf 82' lang='lat' dir='ltr'>invenimus</span> <span class='ocrx_word' id='word_1_82' title='bbox 432 1068 677 1130; x_wconf 86' lang='lat' dir='ltr'>scriptum,</span> <span class='ocrx_word' id='word_1_83' title='bbox 719 1067 810 1113; x_wconf 87' lang='lat' dir='ltr'>hoc</span> <span class='ocrx_word' id='word_1_84' title='bbox 846 1066 1097 1130; x_wconf 84' lang='lat' dir='ltr'>significat,</span> <span class='ocrx_word' id='word_1_85' title='bbox 1136 1065 1263 1128; x_wconf 91' lang='lat' dir='ltr'>quod</span> <span class='ocrx_word' id='word_1_86' title='bbox 1312 1065 1347 1110; x_wconf 87' lang='lat' dir='ltr'>si</span> <span class='ocrx_word' id='word_1_87' title='bbox 1389 1065 1578 1127; x_wconf 86' lang='lat' dir='ltr'>quando</span> 
     </span>
     <span class='ocr_line' id='line_1_13' title="bbox 124 1141 1578 1206; baseline -0.003 -16"><span class='ocrx_word' id='word_1_88' title='bbox 124 1144 350 1191; x_wconf 88' lang='lat' dir='ltr'>monodio</span> <span class='ocrx_word' id='word_1_89' title='bbox 376 1144 545 1206; x_wconf 81' lang='lat' dir='ltr'>agebat</span> <span class='ocrx_word' id='word_1_90' title='bbox 572 1160 711 1188; x_wconf 85' lang='lat' dir='ltr'>unam</span> <span class='ocrx_word' id='word_1_91' title='bbox 741 1143 903 1189; x_wconf 87' lang='lat' dir='ltr'>tibiam</span> <span class='ocrx_word' id='word_1_92' title='bbox 933 1142 1139 1198; x_wconf 85' lang='lat' dir='ltr'>inflabat,</span> <span class='ocrx_word' id='word_1_93' title='bbox 1164 1141 1199 1186; x_wconf 88' lang='lat' dir='ltr'>si</span> <span class='ocrx_word' id='word_1_94' title='bbox 1226 1141 1415 1203; x_wconf 90' lang='lat' dir='ltr'>quando</span> <span class='ocrx_word' id='word_1_95' title='bbox 1440 1158 1578 1203; x_wconf 86' lang='lat' dir='ltr'>syno-</span> 
     </span>
     <span class='ocr_line' id='line_1_14' title="bbox 123 1220 476 1282; baseline -0.003 -16"><span class='ocrx_word' id='word_1_96' title='bbox 123 1220 202 1266; x_wconf 89' lang='lat' dir='ltr'>dio</span> <span class='ocrx_word' id='word_1_97' title='bbox 228 1220 476 1282; x_wconf 85' lang='lat' dir='ltr'>Sutrisque.</span> 
     </span>
    </p>
   </div>
   <div class='ocr_carea' id='block_1_3' title="bbox 194 1349 1508 1396">
    <p class='ocr_par' dir='ltr' id='par_1_3' title="bbox 194 1349 1508 1396">
     <span class='ocr_line' id='line_1_15' title="bbox 194 1349 1508 1396; baseline -0.002 0"><span class='ocrx_word' id='word_1_98' title='bbox 194 1350 315 1396; x_wconf 81' lang='lat' dir='ltr'><strong>CAP.</strong></span> <span class='ocrx_word' id='word_1_99' title='bbox 335 1350 399 1396; x_wconf 92' lang='lat' dir='ltr'>X.</span> <span class='ocrx_word' id='word_1_100' title='bbox 443 1349 740 1395; x_wconf 83' lang='lat' dir='ltr'>CATHOLICA</span> <span class='ocrx_word' id='word_1_101' title='bbox 767 1364 833 1394; x_wconf 83' lang='lat' dir='ltr'>DE</span> <span class='ocrx_word' id='word_1_102' title='bbox 859 1363 1217 1394; x_wconf 83' lang='lat' dir='ltr'><strong>EXTREMITATE</strong></span> <span class='ocrx_word' id='word_1_103' title='bbox 1241 1363 1508 1393; x_wconf 78' lang='lat' dir='ltr'><strong>NOMINUM.</strong></span> 
     </span>
    </p>
   </div>
   <div class='ocr_carea' id='block_1_4' title="bbox 121 1445 1580 2350">
    <p class='ocr_par' dir='ltr' id='par_1_4' title="bbox 122 1445 1580 1893">
     <span class='ocr_line' id='line_1_16' title="bbox 188 1445 1577 1500; baseline -0.001 -8"><span class='ocrx_word' id='word_1_104' title='bbox 188 1447 427 1500; x_wconf 80' lang='lat' dir='ltr'>Quoniam</span> <span class='ocrx_word' id='word_1_105' title='bbox 467 1446 741 1492; x_wconf 79' lang='lat' dir='ltr'>extremitas</span> <span class='ocrx_word' id='word_1_106' title='bbox 780 1447 1030 1493; x_wconf 89' lang='lat' dir='ltr'>nominum</span> <span class='ocrx_word' id='word_1_107' title='bbox 1072 1445 1129 1491; x_wconf 86' lang='lat' dir='ltr'>ad</span> <span class='ocrx_word' id='word_1_108' title='bbox 1168 1446 1410 1492; x_wconf 82' lang='lat' dir='ltr'>metricam</span> <span class='ocrx_word' id='word_1_109' title='bbox 1447 1464 1577 1492; x_wconf 89' lang='lat' dir='ltr'>com-</span> 
     </span>
     <span class='ocr_line' id='line_1_17' title="bbox 122 1522 1580 1589; baseline -0.003 -18"><span class='ocrx_word' id='word_1_110' title='bbox 122 1525 406 1589; x_wconf 87' lang='lat' dir='ltr'>positionem</span> <span class='ocrx_word' id='word_1_111' title='bbox 441 1523 702 1570; x_wconf 84' lang='lat' dir='ltr'>necessario</span> <span class='ocrx_word' id='word_1_112' title='bbox 741 1525 1011 1588; x_wconf 79' lang='lat' dir='ltr'>indaginem</span> <span class='ocrx_word' id='word_1_113' title='bbox 1046 1523 1255 1586; x_wconf 81' lang='lat' dir='ltr'>inquirit,</span> <span class='ocrx_word' id='word_1_114' title='bbox 1281 1522 1449 1568; x_wconf 84' lang='lat' dir='ltr'>iccirco</span> <span class='ocrx_word' id='word_1_115' title='bbox 1486 1522 1580 1568; x_wconf 88' lang='lat' dir='ltr'>sin-</span> 
     </span>
     <span class='ocr_line' id='line_1_18' title="bbox 123 1598 1580 1665; baseline -0.003 -17"><span class='ocrx_word' id='word_1_116' title='bbox 123 1603 340 1665; x_wconf 84' lang='lat' dir='ltr'>gulorum</span> <span class='ocrx_word' id='word_1_117' title='bbox 383 1601 705 1648; x_wconf 85' lang='lat' dir='ltr'>extremitates</span> <span class='ocrx_word' id='word_1_118' title='bbox 741 1601 1009 1665; x_wconf 81' lang='lat' dir='ltr'>regulatim,</span> <span class='ocrx_word' id='word_1_119' title='bbox 1035 1617 1179 1664; x_wconf 86' lang='lat' dir='ltr'>quam</span> <span class='ocrx_word' id='word_1_120' title='bbox 1215 1599 1474 1663; x_wconf 86' lang='lat' dir='ltr'>potuimus,</span> <span class='ocrx_word' id='word_1_121' title='bbox 1498 1598 1580 1644; x_wconf 89' lang='lat' dir='ltr'>de-</span> 
     </span>
     <span class='ocr_line' id='line_1_19' title="bbox 123 1678 1578 1740; baseline -0.003 -17"><span class='ocrx_word' id='word_1_122' title='bbox 123 1679 280 1723; x_wconf 86' lang='lat' dir='ltr'>finitas</span> <span class='ocrx_word' id='word_1_123' title='bbox 329 1678 633 1734; x_wconf 89' lang='lat' dir='ltr'>contulimus,</span> <span class='ocrx_word' id='word_1_124' title='bbox 675 1696 769 1740; x_wconf 90' lang='lat' dir='ltr'>quo</span> <span class='ocrx_word' id='word_1_125' title='bbox 812 1678 994 1724; x_wconf 82' lang='lat' dir='ltr'>facilius</span> <span class='ocrx_word' id='word_1_126' title='bbox 1044 1686 1301 1723; x_wconf 88' lang='lat' dir='ltr'>metrorum</span> <span class='ocrx_word' id='word_1_127' title='bbox 1351 1683 1578 1720; x_wconf 85' lang='lat' dir='ltr'>tractatus</span> 
     </span>
     <span class='ocr_line' id='line_1_20' title="bbox 122 1751 1576 1816; baseline -0.003 -17"><span class='ocrx_word' id='word_1_128' title='bbox 122 1771 232 1799; x_wconf 88' lang='lat' dir='ltr'>cum</span> <span class='ocrx_word' id='word_1_129' title='bbox 272 1754 361 1816; x_wconf 80' lang='lat' dir='ltr'>legi</span> <span class='ocrx_word' id='word_1_130' title='bbox 402 1754 616 1816; x_wconf 84' lang='lat' dir='ltr'>coeperit,</span> <span class='ocrx_word' id='word_1_131' title='bbox 653 1754 914 1816; x_wconf 81' lang='lat' dir='ltr'>colligatur,</span> <span class='ocrx_word' id='word_1_132' title='bbox 949 1756 1020 1799; x_wconf 75' lang='lat' dir='ltr'>tet</span> <span class='ocrx_word' id='word_1_133' title='bbox 1058 1770 1175 1816; x_wconf 85' lang='lat' dir='ltr'>pura</span> <span class='ocrx_word' id='word_1_134' title='bbox 1210 1752 1284 1797; x_wconf 88' lang='lat' dir='ltr'>via</span> <span class='ocrx_word' id='word_1_135' title='bbox 1322 1751 1370 1796; x_wconf 90' lang='lat' dir='ltr'>in</span> <span class='ocrx_word' id='word_1_136' title='bbox 1413 1768 1576 1796; x_wconf 85' lang='lat' dir='ltr'>sensns</span> 
     </span>
     <span class='ocr_line' id='line_1_21' title="bbox 124 1830 1166 1893; baseline -0.001 -18"><span class='ocrx_word' id='word_1_137' title='bbox 124 1830 338 1893; x_wconf 79' lang='lat' dir='ltr'>legentiS,</span> <span class='ocrx_word' id='word_1_138' title='bbox 363 1838 409 1875; x_wconf 91' lang='lat' dir='ltr'>et</span> <span class='ocrx_word' id='word_1_139' title='bbox 434 1830 532 1875; x_wconf 90' lang='lat' dir='ltr'>sine</span> <span class='ocrx_word' id='word_1_140' title='bbox 557 1830 664 1875; x_wconf 88' lang='lat' dir='ltr'>ullis</span> <span class='ocrx_word' id='word_1_141' title='bbox 690 1830 970 1892; x_wconf 82' lang='lat' dir='ltr'>caliginibus</span> <span class='ocrx_word' id='word_1_142' title='bbox 998 1830 1166 1874; x_wconf 88' lang='lat' dir='ltr'>veniat.</span> 
     </span>
    </p>

    <p class='ocr_par' dir='ltr' id='par_1_5' title="bbox 121 1903 1578 2350">
     <span class='ocr_line' id='line_1_22' title="bbox 190 1903 1577 1968; baseline -0.004 -16"><span class='ocrx_word' id='word_1_143' title='bbox 190 1907 360 1952; x_wconf 87' lang='lat' dir='ltr'>Omnis</span> <span class='ocrx_word' id='word_1_144' title='bbox 399 1924 532 1952; x_wconf 86' lang='lat' dir='ltr'>casus</span> <span class='ocrx_word' id='word_1_145' title='bbox 575 1906 759 1951; x_wconf 88' lang='lat' dir='ltr'>numeri</span> <span class='ocrx_word' id='word_1_146' title='bbox 801 1905 1048 1968; x_wconf 82' lang='lat' dir='ltr'>singularis</span> <span class='ocrx_word' id='word_1_147' title='bbox 1090 1913 1137 1950; x_wconf 88' lang='lat' dir='ltr'>et</span> <span class='ocrx_word' id='word_1_148' title='bbox 1178 1903 1385 1967; x_wconf 84' lang='lat' dir='ltr'>pluralis,</span> <span class='ocrx_word' id='word_1_149' title='bbox 1420 1903 1577 1948; x_wconf 84' lang='lat' dir='ltr'>obser-</span> 
     </span>
     <span class='ocr_line' id='line_1_23' title="bbox 122 1979 1577 2045; baseline -0.004 -15"><span class='ocrx_word' id='word_1_150' title='bbox 122 1993 229 2030; x_wconf 85' lang='lat' dir='ltr'>vata</span> <span class='ocrx_word' id='word_1_151' title='bbox 253 1982 508 2028; x_wconf 86' lang='lat' dir='ltr'>novissima</span> <span class='ocrx_word' id='word_1_152' title='bbox 544 1982 737 2045; x_wconf 81' lang='lat' dir='ltr'>syllaba,</span> <span class='ocrx_word' id='word_1_153' title='bbox 759 1981 944 2028; x_wconf 87' lang='lat' dir='ltr'>facilius</span> <span class='ocrx_word' id='word_1_154' title='bbox 980 1980 1308 2036; x_wconf 88' lang='lat' dir='ltr'>Vmonstrabit,</span> <span class='ocrx_word' id='word_1_155' title='bbox 1335 1979 1577 2041; x_wconf 89' lang='lat' dir='ltr'>quomodo</span> 
     </span>
     <span class='ocr_line' id='line_1_24' title="bbox 123 2057 1577 2123; baseline -0.002 -17"><span class='ocrx_word' id='word_1_156' title='bbox 123 2077 335 2123; x_wconf 87' lang='lat' dir='ltr'>separare</span> <span class='ocrx_word' id='word_1_157' title='bbox 384 2057 656 2114; x_wconf 85' lang='lat' dir='ltr'>debeamus,</span> <span class='ocrx_word' id='word_1_158' title='bbox 698 2075 803 2119; x_wconf 81' lang='lat' dir='ltr'>quae</span> <span class='ocrx_word' id='word_1_159' title='bbox 850 2057 908 2102; x_wconf 88' lang='lat' dir='ltr'>sit</span> <span class='ocrx_word' id='word_1_160' title='bbox 955 2057 1258 2119; x_wconf 85' lang='lat' dir='ltr'>producenda</span> <span class='ocrx_word' id='word_1_161' title='bbox 1308 2057 1418 2102; x_wconf 79' lang='lat' dir='ltr'>erl</span> <span class='ocrx_word' id='word_1_162' title='bbox 1473 2074 1577 2119; x_wconf 85' lang='lat' dir='ltr'>quae</span> 
     </span>
     <span class='ocr_line' id='line_1_25' title="bbox 123 2132 1573 2196; baseline -0.001 -16"><span class='ocrx_word' id='word_1_163' title='bbox 123 2133 416 2196; x_wconf 87' lang='lat' dir='ltr'>corripienda</span> <span class='ocrx_word' id='word_1_164' title='bbox 443 2134 609 2179; x_wconf 87' lang='lat' dir='ltr'>ultima</span> <span class='ocrx_word' id='word_1_165' title='bbox 635 2133 883 2178; x_wconf 89' lang='lat' dir='ltr'>nominum</span> <span class='ocrx_word' id='word_1_166' title='bbox 923 2134 1117 2195; x_wconf 86' lang='lat' dir='ltr'>syllaba.</span> <span class='ocrx_word' id='word_1_167' title='bbox 1189 2132 1414 2195; x_wconf 82' lang='lat' dir='ltr'>Quinque</span> <span class='ocrx_word' id='word_1_168' title='bbox 1449 2133 1573 2178; x_wconf 89' lang='lat' dir='ltr'>enim</span> 
     </span>
     <span class='ocr_line' id='line_1_26' title="bbox 121 2211 1578 2274; baseline -0.001 -18"><span class='ocrx_word' id='word_1_169' title='bbox 121 2211 305 2257; x_wconf 88' lang='lat' dir='ltr'>vocales</span> <span class='ocrx_word' id='word_1_170' title='bbox 332 2228 474 2271; x_wconf 28' lang='lat' dir='ltr'>suam]</span> <span class='ocrx_word' id='word_1_171' title='bbox 501 2218 785 2274; x_wconf 85' lang='lat' dir='ltr'>potestatem</span> <span class='ocrx_word' id='word_1_172' title='bbox 827 2218 1032 2264; x_wconf 84' lang='lat' dir='ltr'>mutant,</span> <span class='ocrx_word' id='word_1_173' title='bbox 1059 2227 1168 2256; x_wconf 89' lang='lat' dir='ltr'>cum</span> <span class='ocrx_word' id='word_1_174' title='bbox 1207 2227 1289 2273; x_wconf 91' lang='lat' dir='ltr'>per</span> <span class='ocrx_word' id='word_1_175' title='bbox 1324 2226 1458 2255; x_wconf 87' lang='lat' dir='ltr'>casus</span> <span class='ocrx_word' id='word_1_176' title='bbox 1496 2227 1578 2254; x_wconf 90' lang='lat' dir='ltr'>no-</span> 
     </span>
     <span class='ocr_line' id='line_1_27' title="bbox 121 2285 1578 2350; baseline -0.001 -18"><span class='ocrx_word' id='word_1_177' title='bbox 121 2287 250 2333; x_wconf 89' lang='lat' dir='ltr'>mina</span> <span class='ocrx_word' id='word_1_178' title='bbox 276 2305 301 2332; x_wconf 85' lang='lat' dir='ltr'>a</span> <span class='ocrx_word' id='word_1_179' title='bbox 325 2287 476 2350; x_wconf 89' lang='lat' dir='ltr'>prima</span> <span class='ocrx_word' id='word_1_180' title='bbox 506 2287 576 2333; x_wconf 89' lang='lat' dir='ltr'>sui</span> <span class='ocrx_word' id='word_1_181' title='bbox 602 2286 835 2350; x_wconf 78' lang='lat' dir='ltr'>positione.</span> <span class='ocrx_word' id='word_1_182' title='bbox 861 2287 1036 2333; x_wconf 84' lang='lat' dir='ltr'>inflexa</span> <span class='ocrx_word' id='word_1_183' title='bbox 1062 2286 1313 2332; x_wconf 87' lang='lat' dir='ltr'>varientur.</span> <span class='ocrx_word' id='word_1_184' title='bbox 1368 2285 1578 2331; x_wconf 83' lang='lat' dir='ltr'>XOmnia</span> 
     </span>
    </p>
   </div>
   <div class='ocr_carea' id='block_1_5' title="bbox 119 2437 1578 2964">
    <p class='ocr_par' dir='ltr' id='par_1_6' title="bbox 119 2437 1578 2964">
     <span class='ocr_line' id='line_1_28' title="bbox 176 2437 1575 2490; baseline -0.001 -15"><span class='ocrx_word' id='word_1_185' title='bbox 176 2447 196 2465; x_wconf 84' lang='lat'>¹¹</span> <span class='ocrx_word' id='word_1_186' title='bbox 217 2441 446 2489; x_wconf 82' lang='lat' dir='ltr'>magisterio]</span> <span class='ocrx_word' id='word_1_187' title='bbox 470 2443 667 2490; x_wconf 77' lang='lat' dir='ltr'>ergasterio</span> <span class='ocrx_word' id='word_1_188' title='bbox 688 2441 823 2477; x_wconf 83' lang='lat' dir='ltr'>A.B.C.</span> <span class='ocrx_word' id='word_1_189' title='bbox 969 2447 987 2466; x_wconf 94' lang='lat' dir='ltr'>o</span> <span class='ocrx_word' id='word_1_190' title='bbox 1009 2437 1575 2489; x_wconf 82' lang='lat' dir='ltr'>dedignabantur—comoediis]</span> 
     </span>
     <span class='ocr_line' id='line_1_29' title="bbox 122 2493 1576 2542; baseline -0.001 -14"><span class='ocrx_word' id='word_1_191' title='bbox 122 2495 585 2539; x_wconf 70' lang='lat' dir='ltr'>declignantar-comoedia</span> <span class='ocrx_word' id='word_1_192' title='bbox 609 2495 744 2531; x_wconf 88' lang='lat' dir='ltr'>A.B.C.</span> <span class='ocrx_word' id='word_1_193' title='bbox 766 2496 1050 2541; x_wconf 75' lang='lat' dir='ltr'>dedignarentur</span> <span class='ocrx_word' id='word_1_194' title='bbox 1077 2493 1238 2542; x_wconf 82' lang='lat' dir='ltr'>Scioppii</span> <span class='ocrx_word' id='word_1_195' title='bbox 1270 2494 1352 2528; x_wconf 79' lang='lat' dir='ltr'>MS.</span> <span class='ocrx_word' id='word_1_196' title='bbox 1402 2493 1495 2529; x_wconf 81' lang='lat' dir='ltr'>Mox</span> <span class='ocrx_word' id='word_1_197' title='bbox 1516 2505 1576 2527; x_wconf 61' lang='lat' dir='ltr'>ex-</span> 
     </span>
     <span class='ocr_line' id='line_1_30' title="bbox 123 2546 1578 2596; baseline -0.001 -14"><span class='ocrx_word' id='word_1_198' title='bbox 123 2547 450 2593; x_wconf 76' lang='lat' dir='ltr'>templo—sumptu</span> <span class='ocrx_word' id='word_1_199' title='bbox 473 2548 531 2582; x_wconf 88' lang='lat' dir='ltr'>Sc.</span> <span class='ocrx_word' id='word_1_200' title='bbox 643 2555 662 2582; x_wconf 87' lang='lat' dir='ltr'>P</span> <span class='ocrx_word' id='word_1_201' title='bbox 683 2547 957 2596; x_wconf 84' lang='lat' dir='ltr'>unusquisque]</span> <span class='ocrx_word' id='word_1_202' title='bbox 984 2560 1066 2582; x_wconf 73' lang='lat' dir='ltr'>usus</span> <span class='ocrx_word' id='word_1_203' title='bbox 1082 2548 1227 2594; x_wconf 75' lang='lat' dir='ltr'>quisque</span> <span class='ocrx_word' id='word_1_204' title='bbox 1242 2547 1332 2582; x_wconf 64' lang='grc' dir='ltr'>ΑΕ.</span> <span class='ocrx_word' id='word_1_205' title='bbox 1352 2547 1448 2583; x_wconf 84' lang='lat' dir='ltr'>Ven.</span> <span class='ocrx_word' id='word_1_206' title='bbox 1484 2546 1578 2581; x_wconf 82' lang='lat' dir='ltr'>Mox</span> 
     </span>
     <span class='ocr_line' id='line_1_31' title="bbox 122 2598 1577 2646; baseline -0.001 -11"><span class='ocrx_word' id='word_1_207' title='bbox 122 2601 224 2646; x_wconf 77' lang='lat' dir='ltr'>coepit</span> <span class='ocrx_word' id='word_1_208' title='bbox 243 2600 386 2635; x_wconf 86' lang='lat' dir='ltr'><strong>A.B.C.</strong></span> <span class='ocrx_word' id='word_1_209' title='bbox 520 2606 540 2633; x_wconf 93' lang='lat' dir='ltr'><strong>q</strong></span> <span class='ocrx_word' id='word_1_210' title='bbox 560 2601 718 2646; x_wconf 81' lang='lat' dir='ltr'>seranis]</span> <span class='ocrx_word' id='word_1_211' title='bbox 742 2602 883 2636; x_wconf 73' lang='lat' dir='ltr'>samnis</span> <span class='ocrx_word' id='word_1_212' title='bbox 902 2602 946 2636; x_wconf 86' lang='lat' dir='ltr'>A.</span> <span class='ocrx_word' id='word_1_213' title='bbox 968 2602 1130 2636; x_wconf 77' lang='lat' dir='ltr'>sarranis</span> <span class='ocrx_word' id='word_1_214' title='bbox 1151 2601 1195 2635; x_wconf 76' lang='lat' dir='ltr'>B.</span> <span class='ocrx_word' id='word_1_215' title='bbox 1216 2601 1371 2636; x_wconf 80' lang='lat' dir='ltr'>sarsanis</span> <span class='ocrx_word' id='word_1_216' title='bbox 1392 2602 1434 2635; x_wconf 90' lang='lat' dir='ltr'>C.</span> <span class='ocrx_word' id='word_1_217' title='bbox 1491 2598 1577 2634; x_wconf 78' lang='lat' dir='ltr'>Vid.</span> 
     </span>
     <span class='ocr_line' id='line_1_32' title="bbox 122 2651 1573 2702; baseline -0.001 -13"><span class='ocrx_word' id='word_1_218' title='bbox 122 2652 205 2689; x_wconf 78' lang='lat' dir='ltr'>Alsli</span> <span class='ocrx_word' id='word_1_219' title='bbox 228 2651 390 2688; x_wconf 81' lang='lat' dir='ltr'>Manutii</span> <span class='ocrx_word' id='word_1_220' title='bbox 413 2652 471 2687; x_wconf 86' lang='lat' dir='ltr'>De</span> <span class='ocrx_word' id='word_1_221' title='bbox 489 2652 667 2688; x_wconf 76' lang='lat' dir='ltr'>Quaesitis</span> <span class='ocrx_word' id='word_1_222' title='bbox 688 2666 751 2700; x_wconf 79' lang='lat' dir='ltr'>per</span> <span class='ocrx_word' id='word_1_223' title='bbox 767 2653 886 2702; x_wconf 85' lang='lat' dir='ltr'>Epist.</span> <span class='ocrx_word' id='word_1_224' title='bbox 901 2655 951 2689; x_wconf 89' lang='lat'>11.</span> <span class='ocrx_word' id='word_1_225' title='bbox 967 2666 1004 2700; x_wconf 88' lang='lat'>4.</span> <span class='ocrx_word' id='word_1_226' title='bbox 1117 2661 1131 2680; x_wconf 89' lang='lat'>1&#39;</span> <span class='ocrx_word' id='word_1_227' title='bbox 1152 2651 1573 2702; x_wconf 73' lang='lat' dir='ltr'>canticis—pyraulicis]</span> 
     </span>
     <span class='ocr_line' id='line_1_33' title="bbox 123 2705 1574 2753; baseline -0.001 -12"><span class='ocrx_word' id='word_1_228' title='bbox 123 2705 533 2752; x_wconf 67' lang='lat' dir='ltr'>cantico—pythonlicis</span> <span class='ocrx_word' id='word_1_229' title='bbox 553 2706 642 2740; x_wconf 79' lang='lat' dir='ltr'>AB.</span> <span class='ocrx_word' id='word_1_230' title='bbox 677 2706 760 2741; x_wconf 75' lang='lat' dir='ltr'>vid.</span> <span class='ocrx_word' id='word_1_231' title='bbox 778 2706 923 2742; x_wconf 80' lang='lat' dir='ltr'>Brodaei</span> <span class='ocrx_word' id='word_1_232' title='bbox 944 2705 1104 2742; x_wconf 75' lang='lat' dir='ltr'>Miscell.</span> <span class='ocrx_word' id='word_1_233' title='bbox 1127 2707 1178 2742; x_wconf 90' lang='grc' dir='ltr'>ΙΙ.</span> <span class='ocrx_word' id='word_1_234' title='bbox 1198 2718 1255 2753; x_wconf 81' lang='lat'>13.</span> <span class='ocrx_word' id='word_1_235' title='bbox 1339 2712 1354 2731; x_wconf 80' lang='lat' dir='ltr'>S</span> <span class='ocrx_word' id='word_1_236' title='bbox 1377 2705 1574 2753; x_wconf 74' lang='lat' dir='ltr'>uti-anque]</span> 
     </span>
     <span class='ocr_line' id='line_1_34' title="bbox 122 2759 1575 2808; baseline -0.002 -14"><span class='ocrx_word' id='word_1_237' title='bbox 122 2761 282 2804; x_wconf 78' lang='lat' dir='ltr'>utrisque</span> <span class='ocrx_word' id='word_1_238' title='bbox 302 2759 396 2794; x_wconf 71' lang='lat' dir='ltr'>AB.</span> <span class='ocrx_word' id='word_1_239' title='bbox 418 2759 605 2804; x_wconf 77' lang='lat' dir='ltr'>utriusque</span> <span class='ocrx_word' id='word_1_240' title='bbox 627 2759 688 2794; x_wconf 88' lang='lat' dir='ltr'>Sc.</span> <span class='ocrx_word' id='word_1_241' title='bbox 817 2761 830 2786; x_wconf 71' lang='lat' dir='ltr'>t</span> <span class='ocrx_word' id='word_1_242' title='bbox 850 2767 890 2794; x_wconf 87' lang='lat' dir='ltr'>ut</span> <span class='ocrx_word' id='word_1_243' title='bbox 910 2761 1017 2808; x_wconf 82' lang='lat' dir='ltr'>pura]</span> <span class='ocrx_word' id='word_1_244' title='bbox 1041 2765 1075 2795; x_wconf 77' lang='lat' dir='ltr'>et</span> <span class='ocrx_word' id='word_1_245' title='bbox 1092 2772 1188 2807; x_wconf 73' lang='lat' dir='ltr'>pura</span> <span class='ocrx_word' id='word_1_246' title='bbox 1208 2760 1300 2795; x_wconf 88' lang='lat' dir='ltr'><strong>B.C.</strong></span> <span class='ocrx_word' id='word_1_247' title='bbox 1429 2765 1447 2783; x_wconf 78' lang='lat' dir='ltr'><strong>V</strong></span> <span class='ocrx_word' id='word_1_248' title='bbox 1468 2769 1575 2792; x_wconf 86' lang='lat' dir='ltr'>mon-</span> 
     </span>
     <span class='ocr_line' id='line_1_35' title="bbox 123 2811 1578 2861; baseline -0.002 -14"><span class='ocrx_word' id='word_1_249' title='bbox 123 2811 274 2858; x_wconf 78' lang='lat' dir='ltr'>strabit]</span> <span class='ocrx_word' id='word_1_250' title='bbox 297 2812 508 2846; x_wconf 70' lang='lat' dir='ltr'>monstravit</span> <span class='ocrx_word' id='word_1_251' title='bbox 530 2812 572 2846; x_wconf 90' lang='lat' dir='ltr'>A.</span> <span class='ocrx_word' id='word_1_252' title='bbox 593 2812 816 2846; x_wconf 77' lang='lat' dir='ltr'>monstrabat</span> <span class='ocrx_word' id='word_1_253' title='bbox 836 2811 878 2847; x_wconf 87' lang='lat' dir='ltr'>B.</span> <span class='ocrx_word' id='word_1_254' title='bbox 1028 2820 1057 2838; x_wconf 82' lang='lat' dir='ltr'>W</span> <span class='ocrx_word' id='word_1_255' title='bbox 1078 2812 1132 2848; x_wconf 90' lang='lat' dir='ltr'>vel</span> <span class='ocrx_word' id='word_1_256' title='bbox 1153 2811 1402 2861; x_wconf 83' lang='lat' dir='ltr'>corripienda]</span> <span class='ocrx_word' id='word_1_257' title='bbox 1428 2811 1482 2846; x_wconf 82' lang='lat' dir='ltr'>vel</span> <span class='ocrx_word' id='word_1_258' title='bbox 1501 2822 1578 2855; x_wconf 69' lang='lat' dir='ltr'>qua&gt;</span> 
     </span>
     <span class='ocr_line' id='line_1_36' title="bbox 119 2862 1571 2912; baseline -0.002 -13"><span class='ocrx_word' id='word_1_259' title='bbox 119 2866 348 2912; x_wconf 75' lang='lat' dir='ltr'>corripienda</span> <span class='ocrx_word' id='word_1_260' title='bbox 370 2865 461 2900; x_wconf 81' lang='lat' dir='ltr'>A.C.</span> <span class='ocrx_word' id='word_1_261' title='bbox 484 2865 539 2899; x_wconf 77' lang='lat' dir='ltr'>vel</span> <span class='ocrx_word' id='word_1_262' title='bbox 559 2877 626 2911; x_wconf 77' lang='lat' dir='ltr'>que</span> <span class='ocrx_word' id='word_1_263' title='bbox 642 2865 867 2911; x_wconf 76' lang='lat' dir='ltr'>corripienda</span> <span class='ocrx_word' id='word_1_264' title='bbox 890 2877 924 2900; x_wconf 82' lang='grc' dir='ltr'>ιι.</span> <span class='ocrx_word' id='word_1_265' title='bbox 949 2865 1127 2901; x_wconf 76' lang='lat' dir='ltr'>hominum</span> <span class='ocrx_word' id='word_1_266' title='bbox 1152 2866 1196 2901; x_wconf 86' lang='grc' dir='ltr'>Β.</span> <span class='ocrx_word' id='word_1_267' title='bbox 1267 2872 1287 2890; x_wconf 77' lang='lat' dir='ltr'>X</span> <span class='ocrx_word' id='word_1_268' title='bbox 1308 2863 1435 2900; x_wconf 83' lang='lat' dir='ltr'>onmia</span> <span class='ocrx_word' id='word_1_269' title='bbox 1454 2862 1571 2909; x_wconf 83' lang='lat' dir='ltr'>enim]</span> 
     </span>
     <span class='ocr_line' id='line_1_37' title="bbox 124 2918 485 2964; baseline -0.003 -11"><span class='ocrx_word' id='word_1_270' title='bbox 124 2920 242 2953; x_wconf 76' lang='lat' dir='ltr'>omnia</span> <span class='ocrx_word' id='word_1_271' title='bbox 265 2919 375 2964; x_wconf 77' lang='lat' dir='ltr'>igitur</span> <span class='ocrx_word' id='word_1_272' title='bbox 396 2918 485 2953; x_wconf 71' lang='lat' dir='ltr'>AC.</span> 
     </span>
    </p>
   </div>
   <div class='ocr_carea' id='block_1_6' title="bbox 812 2987 896 3024">
    <p class='ocr_par' dir='ltr' id='par_1_7' title="bbox 812 2987 896 3024">
     <span class='ocr_line' id='line_1_38' title="bbox 812 2987 896 3024; baseline -0.012 0"><span class='ocrx_word' id='word_1_273' title='bbox 812 2987 896 3024; x_wconf 61' lang='lat'>31&lt;</span> 
     </span>
    </p>
   </div>
  </div>
 </body>
</html>
