1962 3355
147 184 253 216 CAP.
278 179 324 226 9.
561 168 644 213 De
664 167 897 229 poematis
915 167 1189 230 generibus
1504 176 1596 213 445

147 289 296 353 elegia
321 297 533 335 extrema
557 299 746 334 mortuo
771 287 1092 343 accinebatur‚
1116 286 1256 334 sicuti
1292 288 1448 343 nenia,
1473 286 1602 332 ideo-

147 383 239 428 que
280 366 338 410 ab
374 363 540 409 eodem
584 361 734 426 elegia
770 362 955 409 videtur
990 371 1225 408 Vtractum
1263 361 1603 425 cognominari,

149 440 275 503 quod
304 439 500 487 mortuis
526 439 598 486 vel
626 438 862 486 morituris
888 438 1172 485 adscribitur
1195 438 1525 484 novissimum.

216 516 483 563 Iambicum
528 525 596 562 est
637 533 827 562 carmen
861 514 1164 572 maledicum,
1200 514 1483 577 plerumque
1525 513 1640 560 tri-2

152 601 302 638 metro
327 609 460 638 versu
485 600 533 638 et
557 591 710 656 epodo
734 600 959 654 sequente
984 591 1334 656 compositum:
1371 599 1438 648 ut,

376 668 498 708 Mala
520 668 654 708 soluta
673 669 798 708 navis
818 669 904 708 exit
923 668 1036 718 alite,

462 736 505 775 F
503 749 621 775 erens
642 736 812 776 olentem
832 735 1092 776 wMaevium.

151 808 460 872 Appellatum
487 817 558 854 cst
582 818 738 855 autem
776 809 882 872 παρὰ
905 807 948 855 τὸ
974 807 1192 869 ἰαμβίζειν,
1216 807 1343 871 quod
1368 816 1439 854 θεῖ
1462 807 1608 853 male-

152 885 319 930 dicere.
380 884 529 946 Cujus
555 885 775 931 carminis
798 885 1025 949 praecipui
1052 885 1301 948 scriptores
1327 883 1451 948 apud
1479 883 1610 929 Grae-

152 978 231 1007 cos
269 960 585 1006 Archilochus
622 971 668 1007 θῖ
707 962 985 1025 Hipponax,
1022 961 1146 1025 apud
1181 961 1426 1007 Romanos
1464 960 1611 1007 Luci-

154 1037 243 1083 lius
269 1046 316 1082 et
340 1037 557 1083 Catullus
583 1047 629 1083 et
655 1038 885 1084 Horatius
912 1047 958 1083 θῖ
982 1038 1256 1084 Bibaculus,

219 1112 403 1175 XEpodi
446 1112 669 1160 dicuntur
700 1132 858 1160 versus
893 1114 1135 1177 yquolibet
1169 1124 1319 1160 metro
1352 1113 1528 1178 scripti,
1564 1122 1648 1162 et4

155 1189 421 1252 sequenteis
469 1189 700 1236 clausulas
763 1191 988 1237 habentes
1048 1191 1403 1254 particularum,
1448 1189 1610 1251 quales

155 1275 266 1312 sunt
302 1265 465 1329 zepodi
507 1267 708 1321 Horatii,
746 1267 790 1313 in
829 1268 1001 1330 quibus
1038 1267 1236 1330 singulis
1270 1267 1481 1313 versibus
1519 1266 1612 1311 sin-

154 1343 278 1406 gulae
306 1342 526 1389 clausulae
552 1343 853 1405 adjiciuntur,
878 1352 945 1400 ut,

382 1418 483 1459 Noa:
501 1424 604 1468 erat,
625 1425 663 1459 et
682 1419 776 1460 coelo
796 1420 1020 1476 afidgebat
1039 1419 1143 1460 luna
1162 1433 1305 1460 sereno

154 1490 341 1547 deinde,

382 1569 503 1608 Inter
523 1569 687 1608 minora
708 1569 863 1609 sidera.

156 1650 203 1688 et

208 1679 220 1698 ⁹
384 1707 528 1747 Altera
532 1708 632 1762 jam
653 1708 835 1749 bteritur
855 1708 968 1749 bellis
988 1709 1179 1748 civilibus
1201 1714 1301 1748 (etas

158 1788 368 1844 cdeinde,

389 1866 492 1906 Suis
513 1872 550 1906 et
571 1867 665 1921 ipsa
686 1867 822 1907 Roma
843 1868 1006 1908 viribus
1027 1868 1130 1907 ruit.

160 1945 207 1982 ct
231 1938 502 2000 quicunque
528 1947 638 1984 sunt
662 1939 852 1986 similes.
921 1939 1054 1986 Dicti
1089 1948 1246 1986 autem
1274 1939 1413 2003 epodi
1440 1942 1617 1987 συνεκδο-

159 2018 284 2074 χικῶς
322 2031 347 2058 a
388 2014 599 2077 partibus
640 2033 876 2071 versuum,
916 2033 1021 2078 quae
1067 2015 1294 2078 legitimis
1336 2025 1383 2062 et
1422 2016 1616 2079 integris

160 2091 372 2136 versibus
398 2090 617 2153 ἐπᾴδονται,
643 2093 688 2138 id
715 2101 783 2138 est
810 2092 1107 2139 accinuntur.

228 2166 394 2229 Satyra
431 2165 632 2214 ddicitur
663 2186 852 2214 carmen
892 2168 1017 2231 apud
1055 2169 1299 2215 Romanos
1336 2177 1492 2216 enunc
1517 2169 1655 2232 qui-5

160 2242 268 2288 dem
309 2243 612 2302 maledicum,
647 2245 779 2291 etad
813 2245 1046 2309 carpenda
1084 2246 1337 2293 hominum
1377 2246 1490 2293 vitia
1530 2245 1620 2292 far-

214 2419 233 2436 v
255 2414 710 2463 tractuiii—adscribitur]
742 2418 1118 2453 carmen—accinitur
1147 2418 1300 2454 Santen.
1320 2418 1473 2454 Terent.
1496 2418 1619 2453 Maur.

163 2478 200 2513 p.
224 2476 244 2511 3
260 2477 312 2500 10.
439 2473 468 2491 w
488 2467 656 2505 Mevium
677 2469 904 2518 appellatum
926 2471 998 2517 est]
1024 2472 1220 2507 Meavimn.
1242 2473 1465 2519 appellatum
1486 2477 1537 2507 est
1556 2484 1620 2506 au-

165 2524 232 2553 tem
256 2519 350 2554 Α.Β.
460 2526 480 2544 X
500 2521 640 2569 Epodi]
666 2524 812 2570 Epodoe
833 2524 928 2561 Α.Β.
963 2525 1104 2572 Epodos
1123 2525 1217 2561 Ven.
1235 2532 1272 2560 et
1291 2524 1342 2561 sic
1365 2524 1470 2561 infra.
1516 2525 1620 2561 Idem

165 2584 241 2607 0111.
264 2576 297 2606 et
319 2578 403 2620 post
425 2573 611 2610 Horatius.
774 2584 794 2611 Y
821 2577 986 2625 quolibet
1008 2579 1137 2625 modo]
1162 2579 1319 2626 quolibet
1347 2584 1460 2614 metro
1479 2579 1619 2614 A.B.C.

166 2625 261 2660 Ven.
430 2631 447 2650 Ζ
468 2626 598 2675 epodi]
624 2631 755 2675 epodoe
771 2630 864 2665 Α.Β.
1028 2638 1047 2657 a
1065 2631 1214 2667 lucebat
1229 2632 1317 2668 luna
1337 2645 1480 2668 sereno.
1501 2631 1616 2677 inter]

155 2678 329 2725 fulgebat
351 2678 436 2714 luna
457 2691 591 2716 sereno.
612 2683 738 2717 deinde
761 2685 854 2718 inter
872 2684 1015 2720 A.B.C.
1046 2686 1117 2721 Pro
1138 2687 1372 2721 inter—aetas
1394 2686 1488 2721 Ven.
1512 2684 1622 2719 habet

167 2732 305 2767 deinde.
451 2729 471 2758 b
493 2733 591 2768 bellis
611 2736 758 2783 teritur]
785 2738 913 2771 teritur
934 2739 1032 2774 bellis
1051 2739 1192 2774 A.ss.c.
1346 2745 1363 2764 c
1382 2737 1474 2784 suis]
1497 2738 1624 2772 deinde

166 2785 239 2820 suis
258 2784 401 2821 A.B.C.
512 2783 529 2811 d
549 2795 606 2822 θεῖ
620 2789 787 2835 carmen]
811 2790 942 2825 dicitur
961 2803 1104 2827 carmen
1123 2791 1220 2828 Α.Β.
1338 2798 1354 2817 e
1375 2804 1450 2826 non
1471 2789 1622 2838 quidem

170 2837 268 2886 apud
289 2837 459 2885 Graecos]
483 2841 580 2887 apud
606 2842 745 2876 Graecos
774 2854 851 2877 om.
869 2843 963 2879 Α.Β.
994 2844 1041 2880 Β.
1072 2843 1162 2881 item
1192 2857 1286 2880 nunc
1306 2845 1444 2892 quidem
1471 2855 1555 2879 cum
1579 2843 1621 2878 C.

170 2898 207 2926 et
228 2890 323 2927 Ven.
473 2889 489 2917 s
505 2893 673 2940 archaeae]
697 2907 814 2941 argeoe
834 2895 877 2931 C.
899 2896 994 2933 Ven.
