<?xml version="1.0" encoding="UTF-8"?>
<!DOCTYPE html PUBLIC "-//W3C//DTD XHTML 1.0 Transitional//EN"
    "http://www.w3.org/TR/xhtml1/DTD/xhtml1-transitional.dtd">
<html xmlns="http://www.w3.org/1999/xhtml" xml:lang="en" lang="en">
 <head>
  <title>
</title>
<meta http-equiv="Content-Type" content="text/html;charset=utf-8" />
  <meta name='ocr-system' content='tesseract 3.04.00' />
  <meta name='ocr-capabilities' content='ocr_page ocr_carea ocr_par ocr_line ocrx_word'/>
</head>
<body>
  <div class='ocr_page' id='page_1' title='image "./scriptoreslatini00gaisuoft_0572.png"; bbox 0 0 1962 3355; ppageno 0'>
   <div class='ocr_carea' id='block_1_1' title="bbox 361 176 446 215">
    <p class='ocr_par' dir='ltr' id='par_1_1' title="bbox 361 176 446 215">
     <span class='ocr_line' id='line_1_1' title="bbox 361 176 446 215; baseline -0.012 0"><span class='ocrx_word' id='word_1_1' title='bbox 361 176 446 215; x_wconf 80' lang='lat'>554</span> 
     </span>
    </p>
   </div>
   <div class='ocr_carea' id='block_1_2' title="bbox 804 174 1348 215">
    <p class='ocr_par' dir='ltr' id='par_1_2' title="bbox 804 174 1348 215">
     <span class='ocr_line' id='line_1_2' title="bbox 804 174 1348 215; baseline -0.002 -1"><span class='ocrx_word' id='word_1_2' title='bbox 804 175 847 214; x_wconf 84' lang='lat' dir='ltr'><em>F</em></span> <span class='ocrx_word' id='word_1_3' title='bbox 847 176 874 215; x_wconf 84' lang='lat' dir='ltr'>l.</span> <span class='ocrx_word' id='word_1_4' title='bbox 898 175 1081 215; x_wconf 61' lang='lat' dir='ltr'>sslallz‘us</span> <span class='ocrx_word' id='word_1_5' title='bbox 1108 174 1348 213; x_wconf 71' lang='lat' dir='ltr'>Theodorus</span> 
     </span>
    </p>
   </div>
   <div class='ocr_carea' id='block_1_3' title="bbox 331 284 1813 341">
    <p class='ocr_par' dir='ltr' id='par_1_3' title="bbox 331 284 1813 341">
     <span class='ocr_line' id='line_1_3' title="bbox 331 284 1813 341; baseline -0.003 -13"><span class='ocrx_word' id='word_1_6' title='bbox 331 298 347 328; x_wconf 85' lang='grc'>5</span> <span class='ocrx_word' id='word_1_7' title='bbox 367 286 486 327; x_wconf 82' lang='lat' dir='ltr'>rFine</span> <span class='ocrx_word' id='word_1_8' title='bbox 505 286 627 326; x_wconf 82' lang='lat' dir='ltr'>etiam</span> <span class='ocrx_word' id='word_1_9' title='bbox 657 285 819 327; x_wconf 84' lang='lat' dir='ltr'>iambici</span> <span class='ocrx_word' id='word_1_10' title='bbox 850 285 981 333; x_wconf 87' lang='lat' dir='ltr'>metri,</span> <span class='ocrx_word' id='word_1_11' title='bbox 1003 286 1115 341; x_wconf 90' lang='lat' dir='ltr'>quod</span> <span class='ocrx_word' id='word_1_12' title='bbox 1142 286 1313 327; x_wconf 92' lang='lat' dir='ltr'>colobon</span> <span class='ocrx_word' id='word_1_13' title='bbox 1339 284 1506 335; x_wconf 82' lang='lat' dir='ltr'>dicitur,</span> <span class='ocrx_word' id='word_1_14' title='bbox 1528 299 1610 325; x_wconf 93' lang='lat' dir='ltr'>non</span> <span class='ocrx_word' id='word_1_15' title='bbox 1637 284 1813 325; x_wconf 81' lang='lat' dir='ltr'>absurde</span> 
     </span>
    </p>
   </div>
   <div class='ocr_carea' id='block_1_4' title="bbox 366 353 1631 470">
    <p class='ocr_par' dir='ltr' id='par_1_4' title="bbox 366 353 1631 470">
     <span class='ocr_line' id='line_1_4' title="bbox 366 353 1202 402; baseline 0 -9"><span class='ocrx_word' id='word_1_16' title='bbox 366 353 444 394; x_wconf 87' lang='lat' dir='ltr'>hoc</span> <span class='ocrx_word' id='word_1_17' title='bbox 464 362 640 394; x_wconf 86' lang='lat' dir='ltr'>metrum</span> <span class='ocrx_word' id='word_1_18' title='bbox 661 353 934 402; x_wconf 80' lang='lat' dir='ltr'>concluditur,</span> <span class='ocrx_word' id='word_1_19' title='bbox 956 353 1032 394; x_wconf 87' lang='lat' dir='ltr'>hoc</span> <span class='ocrx_word' id='word_1_20' title='bbox 1053 353 1176 394; x_wconf 90' lang='lat' dir='ltr'>modo</span> <span class='ocrx_word' id='word_1_21' title='bbox 1195 370 1202 393; x_wconf 93' lang='lat'>:</span> 
     </span>
     <span class='ocr_line' id='line_1_5' title="bbox 548 422 1631 470; baseline -0.002 -13"><span class='ocrx_word' id='word_1_22' title='bbox 548 429 562 448; x_wconf 78' lang='lat' dir='ltr'><strong>S</strong></span> <span class='ocrx_word' id='word_1_23' title='bbox 580 423 693 470; x_wconf 66' lang='lat' dir='ltr'>Rapit</span> <span class='ocrx_word' id='word_1_24' title='bbox 715 423 798 465; x_wconf 80' lang='lat' dir='ltr'>tela,</span> <span class='ocrx_word' id='word_1_25' title='bbox 820 424 945 458; x_wconf 80' lang='lat' dir='ltr'>volans</span> <span class='ocrx_word' id='word_1_26' title='bbox 964 435 1051 464; x_wconf 84' lang='lat' dir='ltr'>ecce,</span> <span class='ocrx_word' id='word_1_27' title='bbox 1071 435 1198 469; x_wconf 84' lang='lat' dir='ltr'>gerens</span> <span class='ocrx_word' id='word_1_28' title='bbox 1218 434 1333 463; x_wconf 87' lang='lat' dir='ltr'>arma,</span> <span class='ocrx_word' id='word_1_29' title='bbox 1355 423 1497 467; x_wconf 76' lang='lat' dir='ltr'><strong><em>ruitque</em></strong></span> <span class='ocrx_word' id='word_1_30' title='bbox 1519 422 1631 456; x_wconf 81' lang='lat' dir='ltr'>laetus.</span> 
     </span>
    </p>
   </div>
   <div class='ocr_carea' id='block_1_5' title="bbox 335 487 1823 544">
    <p class='ocr_par' dir='ltr' id='par_1_5' title="bbox 335 487 1823 544">
     <span class='ocr_line' id='line_1_6' title="bbox 335 487 1823 544; baseline -0.002 -14"><span class='ocrx_word' id='word_1_31' title='bbox 335 499 354 530; x_wconf 92' lang='lat'><strong>6</strong></span> <span class='ocrx_word' id='word_1_32' title='bbox 372 489 464 529; x_wconf 77' lang='lat' dir='ltr'>tEx</span> <span class='ocrx_word' id='word_1_33' title='bbox 495 504 577 530; x_wconf 90' lang='lat' dir='ltr'>uno</span> <span class='ocrx_word' id='word_1_34' title='bbox 604 489 711 529; x_wconf 86' lang='lat' dir='ltr'>enim</span> <span class='ocrx_word' id='word_1_35' title='bbox 739 489 963 544; x_wconf 86' lang='lat' dir='ltr'>antispasto</span> <span class='ocrx_word' id='word_1_36' title='bbox 993 498 1033 529; x_wconf 85' lang='lat' dir='ltr'>et</span> <span class='ocrx_word' id='word_1_37' title='bbox 1061 489 1225 529; x_wconf 89' lang='lat' dir='ltr'>duobus</span> <span class='ocrx_word' id='word_1_38' title='bbox 1245 488 1390 528; x_wconf 82' lang='lat' dir='ltr'>iambis</span> <span class='ocrx_word' id='word_1_39' title='bbox 1409 498 1450 528; x_wconf 91' lang='lat' dir='ltr'>et</span> <span class='ocrx_word' id='word_1_40' title='bbox 1480 487 1636 544; x_wconf 88' lang='lat' dir='ltr'>syllaba</span> <span class='ocrx_word' id='word_1_41' title='bbox 1666 488 1727 537; x_wconf 85' lang='lat' dir='ltr'>fit,</span> <span class='ocrx_word' id='word_1_42' title='bbox 1747 487 1823 528; x_wconf 84' lang='lat' dir='ltr'>hoc</span> 
     </span>
    </p>
   </div>
   <div class='ocr_carea' id='block_1_6' title="bbox 374 556 521 597">
    <p class='ocr_par' dir='ltr' id='par_1_6' title="bbox 374 556 521 597">
     <span class='ocr_line' id='line_1_7' title="bbox 374 556 521 597; baseline 0 -1"><span class='ocrx_word' id='word_1_43' title='bbox 374 556 497 597; x_wconf 91' lang='lat' dir='ltr'>modo</span> <span class='ocrx_word' id='word_1_44' title='bbox 512 572 521 596; x_wconf 75' lang='grc' dir='ltr'><em>τ</em></span> 
     </span>
    </p>
   </div>
   <div class='ocr_carea' id='block_1_7' title="bbox 820 624 1384 670">
    <p class='ocr_par' dir='ltr' id='par_1_7' title="bbox 820 624 1384 670">
     <span class='ocr_line' id='line_1_8' title="bbox 820 624 1384 670; baseline 0 -11"><span class='ocrx_word' id='word_1_45' title='bbox 820 624 952 659; x_wconf 80' lang='lat' dir='ltr'>Gerens</span> <span class='ocrx_word' id='word_1_46' title='bbox 971 636 1087 665; x_wconf 78' lang='lat' dir='ltr'>arma,</span> <span class='ocrx_word' id='word_1_47' title='bbox 1109 625 1251 670; x_wconf 79' lang='lat' dir='ltr'><strong><em>ruitque</em></strong></span> <span class='ocrx_word' id='word_1_48' title='bbox 1271 625 1384 659; x_wconf 60' lang='lat' dir='ltr'>[cetus.</span> 
     </span>
    </p>
   </div>
   <div class='ocr_carea' id='block_1_8' title="bbox 339 691 1823 881">
    <p class='ocr_par' dir='ltr' id='par_1_8' title="bbox 339 691 1823 881">
     <span class='ocr_line' id='line_1_9' title="bbox 339 691 1822 747; baseline -0.002 -14"><span class='ocrx_word' id='word_1_49' title='bbox 339 715 354 744; x_wconf 85' lang='lat'>7</span> <span class='ocrx_word' id='word_1_50' title='bbox 376 692 594 733; x_wconf 84' lang='lat' dir='ltr'>Sciendum</span> <span class='ocrx_word' id='word_1_51' title='bbox 617 707 726 740; x_wconf 84' lang='lat' dir='ltr'>sane,</span> <span class='ocrx_word' id='word_1_52' title='bbox 749 701 863 732; x_wconf 78' lang='lat' dir='ltr'>chm</span> <span class='ocrx_word' id='word_1_53' title='bbox 883 691 1132 746; x_wconf 82' lang='lat' dir='ltr'>antispastus</span> <span class='ocrx_word' id='word_1_54' title='bbox 1152 707 1225 747; x_wconf 86' lang='lat' dir='ltr'>pes</span> <span class='ocrx_word' id='word_1_55' title='bbox 1245 701 1415 742; x_wconf 82' lang='lat' dir='ltr'>constet,</span> <span class='ocrx_word' id='word_1_56' title='bbox 1436 706 1513 746; x_wconf 89' lang='lat' dir='ltr'>pro</span> <span class='ocrx_word' id='word_1_57' title='bbox 1534 691 1667 746; x_wconf 88' lang='lat' dir='ltr'>primo</span> <span class='ocrx_word' id='word_1_58' title='bbox 1687 701 1822 731; x_wconf 87' lang='lat' dir='ltr'>autem</span> 
     </span>
     <span class='ocr_line' id='line_1_10' title="bbox 375 758 1823 814; baseline -0.001 -15"><span class='ocrx_word' id='word_1_59' title='bbox 375 760 405 799; x_wconf 89' lang='lat' dir='ltr'>si</span> <span class='ocrx_word' id='word_1_60' title='bbox 426 768 499 799; x_wconf 85' lang='lat' dir='ltr'>aut</span> <span class='ocrx_word' id='word_1_61' title='bbox 528 758 704 808; x_wconf 84' lang='lat' dir='ltr'>iambus,</span> <span class='ocrx_word' id='word_1_62' title='bbox 726 768 799 799; x_wconf 88' lang='lat' dir='ltr'>aut</span> <span class='ocrx_word' id='word_1_63' title='bbox 820 758 1082 814; x_wconf 84' lang='lat' dir='ltr'>pyrrhichius</span> <span class='ocrx_word' id='word_1_64' title='bbox 1102 769 1175 799; x_wconf 87' lang='lat' dir='ltr'>aut</span> <span class='ocrx_word' id='word_1_65' title='bbox 1196 758 1407 814; x_wconf 82' lang='lat' dir='ltr'>spondius,</span> <span class='ocrx_word' id='word_1_66' title='bbox 1429 767 1501 799; x_wconf 89' lang='lat' dir='ltr'>aut</span> <span class='ocrx_word' id='word_1_67' title='bbox 1526 758 1730 799; x_wconf 84' lang='lat' dir='ltr'>trochaeus</span> <span class='ocrx_word' id='word_1_68' title='bbox 1752 773 1823 812; x_wconf 87' lang='lat' dir='ltr'>po-</span> 
     </span>
     <span class='ocr_line' id='line_1_11' title="bbox 375 825 1685 881; baseline 0 -15"><span class='ocrx_word' id='word_1_69' title='bbox 375 836 554 872; x_wconf 81' lang='lat' dir='ltr'>neretur,</span> <span class='ocrx_word' id='word_1_70' title='bbox 576 834 605 853; x_wconf 91' lang='lat' dir='ltr'><strong>w</strong></span> <span class='ocrx_word' id='word_1_71' title='bbox 620 825 682 866; x_wconf 89' lang='lat' dir='ltr'>his</span> <span class='ocrx_word' id='word_1_72' title='bbox 702 825 819 866; x_wconf 82' lang='lat' dir='ltr'>metri</span> <span class='ocrx_word' id='word_1_73' title='bbox 842 826 1015 881; x_wconf 85' lang='lat' dir='ltr'>hujusce</span> <span class='ocrx_word' id='word_1_74' title='bbox 1036 826 1236 867; x_wconf 90' lang='lat' dir='ltr'>lucentior</span> <span class='ocrx_word' id='word_1_75' title='bbox 1253 837 1292 866; x_wconf 90' lang='lat' dir='ltr'>et</span> <span class='ocrx_word' id='word_1_76' title='bbox 1313 825 1431 866; x_wconf 88' lang='lat' dir='ltr'>latior</span> <span class='ocrx_word' id='word_1_77' title='bbox 1451 841 1549 866; x_wconf 82' lang='lat' dir='ltr'>usus</span> <span class='ocrx_word' id='word_1_78' title='bbox 1570 835 1685 866; x_wconf 88' lang='lat' dir='ltr'>esset.</span> 
     </span>
    </p>
   </div>
   <div class='ocr_carea' id='block_1_9' title="bbox 711 949 1496 1005">
    <p class='ocr_par' dir='ltr' id='par_1_9' title="bbox 711 949 1496 1005">
     <span class='ocr_line' id='line_1_12' title="bbox 711 949 1496 1005; baseline 0.004 -17"><span class='ocrx_word' id='word_1_79' title='bbox 711 949 815 988; x_wconf 77' lang='lat' dir='ltr'>CAP.</span> <span class='ocrx_word' id='word_1_80' title='bbox 840 949 901 989; x_wconf 89' lang='lat' dir='ltr'>X.</span> <span class='ocrx_word' id='word_1_81' title='bbox 932 950 1000 990; x_wconf 80' lang='lat' dir='ltr'>De</span> <span class='ocrx_word' id='word_1_82' title='bbox 1019 956 1147 990; x_wconf 83' lang='lat' dir='ltr'>metro</span> <span class='ocrx_word' id='word_1_83' title='bbox 1167 951 1308 991; x_wconf 74' lang='lat' dir='ltr'>lonico</span> <span class='ocrx_word' id='word_1_84' title='bbox 1328 950 1496 1005; x_wconf 69' lang='lat' dir='ltr'>mcy&#39;ore.</span> 
     </span>
    </p>
   </div>
   <div class='ocr_carea' id='block_1_10' title="bbox 375 1026 1828 1211">
    <p class='ocr_par' dir='ltr' id='par_1_10' title="bbox 375 1026 1828 1211">
     <span class='ocr_line' id='line_1_13' title="bbox 378 1026 1828 1082; baseline 0.001 -16"><span class='ocrx_word' id='word_1_85' title='bbox 378 1028 563 1066; x_wconf 76' lang='lat' dir='ltr'>Mettum</span> <span class='ocrx_word' id='word_1_86' title='bbox 588 1026 778 1067; x_wconf 92' lang='lat' dir='ltr'>Ionicum</span> <span class='ocrx_word' id='word_1_87' title='bbox 798 1041 822 1066; x_wconf 89' lang='lat' dir='ltr'>a</span> <span class='ocrx_word' id='word_1_88' title='bbox 848 1026 1002 1081; x_wconf 80' lang='lat' dir='ltr'>majore</span> <span class='ocrx_word' id='word_1_89' title='bbox 1032 1036 1191 1068; x_wconf 87' lang='lat' dir='ltr'>constat</span> <span class='ocrx_word' id='word_1_90' title='bbox 1221 1042 1270 1067; x_wconf 80' lang='lat' dir='ltr'>ex</span> <span class='ocrx_word' id='word_1_91' title='bbox 1294 1027 1445 1068; x_wconf 89' lang='lat' dir='ltr'>Ionicis</span> <span class='ocrx_word' id='word_1_92' title='bbox 1475 1027 1698 1082; x_wconf 80' lang='lat' dir='ltr'>majoribus</span> <span class='ocrx_word' id='word_1_93' title='bbox 1725 1027 1828 1068; x_wconf 90' lang='lat' dir='ltr'>duo-</span> 
     </span>
     <span class='ocr_line' id='line_1_14' title="bbox 375 1093 1699 1150; baseline 0.001 -16"><span class='ocrx_word' id='word_1_94' title='bbox 375 1095 452 1134; x_wconf 89' lang='lat' dir='ltr'>bus</span> <span class='ocrx_word' id='word_1_95' title='bbox 473 1104 512 1134; x_wconf 89' lang='lat' dir='ltr'>et</span> <span class='ocrx_word' id='word_1_96' title='bbox 535 1093 711 1150; x_wconf 85' lang='lat' dir='ltr'>spondio</span> <span class='ocrx_word' id='word_1_97' title='bbox 733 1103 753 1121; x_wconf 80' lang='lat' dir='ltr'><strong>x</strong></span> <span class='ocrx_word' id='word_1_98' title='bbox 769 1093 830 1134; x_wconf 85' lang='lat' dir='ltr'>vel</span> <span class='ocrx_word' id='word_1_99' title='bbox 852 1093 1054 1143; x_wconf 81' lang='lat' dir='ltr'>trochae03</span> <span class='ocrx_word' id='word_1_100' title='bbox 1081 1103 1126 1134; x_wconf 90' lang='lat' dir='ltr'>ut</span> <span class='ocrx_word' id='word_1_101' title='bbox 1147 1104 1204 1134; x_wconf 89' lang='lat' dir='ltr'>est</span> <span class='ocrx_word' id='word_1_102' title='bbox 1227 1093 1330 1134; x_wconf 92' lang='lat' dir='ltr'>illud</span> <span class='ocrx_word' id='word_1_103' title='bbox 1352 1103 1371 1131; x_wconf 89' lang='lat' dir='ltr'>y</span> <span class='ocrx_word' id='word_1_104' title='bbox 1385 1094 1498 1149; x_wconf 90' lang='lat' dir='ltr'>apud</span> <span class='ocrx_word' id='word_1_105' title='bbox 1520 1094 1699 1135; x_wconf 83' lang='lat' dir='ltr'>Jubam:</span> 
     </span>
     <span class='ocr_line' id='line_1_15' title="bbox 738 1163 1470 1211; baseline 0.001 -13"><span class='ocrx_word' id='word_1_106' title='bbox 738 1164 818 1210; x_wconf 83' lang='lat' dir='ltr'>Ipsa</span> <span class='ocrx_word' id='word_1_107' title='bbox 840 1168 891 1199; x_wconf 87' lang='lat' dir='ltr'>est</span> <span class='ocrx_word' id='word_1_108' title='bbox 913 1163 1029 1206; x_wconf 78' lang='lat' dir='ltr'>Chios,</span> <span class='ocrx_word' id='word_1_109' title='bbox 1054 1165 1130 1211; x_wconf 81' lang='lat' dir='ltr'>ipsa</span> <span class='ocrx_word' id='word_1_110' title='bbox 1149 1168 1200 1199; x_wconf 86' lang='lat' dir='ltr'>est</span> <span class='ocrx_word' id='word_1_111' title='bbox 1220 1164 1470 1199; x_wconf 76' lang='lat' dir='ltr'>Samothrace.</span> 
     </span>
    </p>
   </div>
   <div class='ocr_carea' id='block_1_11' title="bbox 342 1230 1828 1287">
    <p class='ocr_par' dir='ltr' id='par_1_11' title="bbox 342 1230 1828 1287">
     <span class='ocr_line' id='line_1_16' title="bbox 342 1230 1828 1287; baseline -0.001 -15"><span class='ocrx_word' id='word_1_112' title='bbox 342 1261 356 1281; x_wconf 71' lang='lat'>2</span> <span class='ocrx_word' id='word_1_113' title='bbox 378 1232 565 1272; x_wconf 86' lang='lat' dir='ltr'>Metrum</span> <span class='ocrx_word' id='word_1_114' title='bbox 585 1230 774 1270; x_wconf 90' lang='lat' dir='ltr'>Ionicum</span> <span class='ocrx_word' id='word_1_115' title='bbox 795 1246 819 1270; x_wconf 92' lang='lat' dir='ltr'>a</span> <span class='ocrx_word' id='word_1_116' title='bbox 840 1231 992 1286; x_wconf 81' lang='lat' dir='ltr'>majore</span> <span class='ocrx_word' id='word_1_117' title='bbox 1013 1241 1172 1271; x_wconf 85' lang='lat' dir='ltr'>constat</span> <span class='ocrx_word' id='word_1_118' title='bbox 1192 1247 1243 1271; x_wconf 84' lang='lat' dir='ltr'>ex</span> <span class='ocrx_word' id='word_1_119' title='bbox 1264 1231 1396 1272; x_wconf 87' lang='lat' dir='ltr'>tribus</span> <span class='ocrx_word' id='word_1_120' title='bbox 1419 1231 1570 1272; x_wconf 89' lang='lat' dir='ltr'>Ionicis</span> <span class='ocrx_word' id='word_1_121' title='bbox 1591 1231 1828 1287; x_wconf 84' lang='lat' dir='ltr'>majoribus,</span> 
     </span>
    </p>
   </div>
   <div class='ocr_carea' id='block_1_12' title="bbox 376 1297 1111 1354">
    <p class='ocr_par' dir='ltr' id='par_1_12' title="bbox 376 1297 1111 1354">
     <span class='ocr_line' id='line_1_17' title="bbox 376 1297 1111 1354; baseline 0 -16"><span class='ocrx_word' id='word_1_122' title='bbox 376 1298 540 1354; x_wconf 82' lang='lat' dir='ltr'>dactylo</span> <span class='ocrx_word' id='word_1_123' title='bbox 561 1307 601 1338; x_wconf 84' lang='lat' dir='ltr'>et</span> <span class='ocrx_word' id='word_1_124' title='bbox 621 1297 794 1353; x_wconf 87' lang='lat' dir='ltr'>spondio</span> <span class='ocrx_word' id='word_1_125' title='bbox 815 1298 898 1338; x_wconf 84' lang='lat' dir='ltr'>sive</span> <span class='ocrx_word' id='word_1_126' title='bbox 919 1298 1111 1339; x_wconf 84' lang='lat' dir='ltr'>trochaeo.</span> 
     </span>
    </p>
   </div>
   <div class='ocr_carea' id='block_1_13' title="bbox 1175 1299 1600 1355">
    <p class='ocr_par' dir='ltr' id='par_1_13' title="bbox 1175 1299 1600 1355">
     <span class='ocr_line' id='line_1_18' title="bbox 1175 1299 1600 1355; baseline 0.002 -16"><span class='ocrx_word' id='word_1_127' title='bbox 1175 1299 1320 1354; x_wconf 81' lang='lat' dir='ltr'>Hujus</span> <span class='ocrx_word' id='word_1_128' title='bbox 1339 1299 1572 1355; x_wconf 86' lang='lat' dir='ltr'>exemplum</span> <span class='ocrx_word' id='word_1_129' title='bbox 1591 1316 1600 1340; x_wconf 82' lang='lat' dir='ltr'><strong><em>z</em></strong></span> 
     </span>
    </p>
   </div>
   <div class='ocr_carea' id='block_1_14' title="bbox 580 1368 1632 1417">
    <p class='ocr_par' dir='ltr' id='par_1_14' title="bbox 580 1368 1632 1417">
     <span class='ocr_line' id='line_1_19' title="bbox 580 1368 1632 1417; baseline 0.004 -16"><span class='ocrx_word' id='word_1_130' title='bbox 580 1373 596 1391; x_wconf 82' lang='grc' dir='ltr'><strong><em>Ζ</em></strong></span> <span class='ocrx_word' id='word_1_131' title='bbox 625 1368 723 1401; x_wconf 82' lang='lat' dir='ltr'>Tunc</span> <span class='ocrx_word' id='word_1_132' title='bbox 744 1368 887 1402; x_wconf 78' lang='lat' dir='ltr'>insolita</span> <span class='ocrx_word' id='word_1_133' title='bbox 906 1369 956 1402; x_wconf 82' lang='lat' dir='ltr'>sic</span> <span class='ocrx_word' id='word_1_134' title='bbox 968 1380 1063 1414; x_wconf 80' lang='lat' dir='ltr'>puer</span> <span class='ocrx_word' id='word_1_135' title='bbox 1081 1369 1195 1404; x_wconf 70' lang='lat' dir='ltr'>(ethra</span> <span class='ocrx_word' id='word_1_136' title='bbox 1216 1371 1291 1404; x_wconf 78' lang='lat' dir='ltr'>ruit</span> <span class='ocrx_word' id='word_1_137' title='bbox 1309 1381 1429 1417; x_wconf 82' lang='lat' dir='ltr'>aequor</span> <span class='ocrx_word' id='word_1_138' title='bbox 1449 1371 1484 1404; x_wconf 79' lang='lat' dir='ltr'>in</span> <span class='ocrx_word' id='word_1_139' title='bbox 1505 1370 1632 1405; x_wconf 81' lang='lat' dir='ltr'>altum.</span> 
     </span>
    </p>
   </div>
   <div class='ocr_carea' id='block_1_15' title="bbox 341 1433 1831 1493">
    <p class='ocr_par' dir='ltr' id='par_1_15' title="bbox 341 1433 1831 1493">
     <span class='ocr_line' id='line_1_20' title="bbox 341 1433 1831 1493; baseline 0.002 -19"><span class='ocrx_word' id='word_1_140' title='bbox 341 1455 358 1482; x_wconf 71' lang='lat'><em>3</em></span> <span class='ocrx_word' id='word_1_141' title='bbox 380 1434 448 1474; x_wconf 89' lang='lat' dir='ltr'>Fit</span> <span class='ocrx_word' id='word_1_142' title='bbox 478 1433 598 1473; x_wconf 85' lang='lat' dir='ltr'>etiam</span> <span class='ocrx_word' id='word_1_143' title='bbox 628 1434 704 1474; x_wconf 88' lang='lat' dir='ltr'>hoc</span> <span class='ocrx_word' id='word_1_144' title='bbox 736 1444 911 1474; x_wconf 85' lang='lat' dir='ltr'>metrum</span> <span class='ocrx_word' id='word_1_145' title='bbox 944 1443 1025 1475; x_wconf 66' lang='lat' dir='ltr'>aex</span> <span class='ocrx_word' id='word_1_146' title='bbox 1048 1435 1212 1476; x_wconf 88' lang='lat' dir='ltr'>duobus</span> <span class='ocrx_word' id='word_1_147' title='bbox 1236 1437 1385 1477; x_wconf 84' lang='lat' dir='ltr'>Ionicis</span> <span class='ocrx_word' id='word_1_148' title='bbox 1406 1437 1644 1493; x_wconf 75' lang='lat' dir='ltr'>majoribuS‚</span> <span class='ocrx_word' id='word_1_149' title='bbox 1665 1437 1831 1493; x_wconf 88' lang='lat' dir='ltr'>dactylo</span> 
     </span>
    </p>
   </div>
   <div class='ocr_carea' id='block_1_16' title="bbox 379 1501 1160 1556">
    <p class='ocr_par' dir='ltr' id='par_1_16' title="bbox 379 1501 1160 1556">
     <span class='ocr_line' id='line_1_21' title="bbox 379 1501 1160 1556; baseline 0.004 -15"><span class='ocrx_word' id='word_1_150' title='bbox 379 1511 418 1542; x_wconf 81' lang='lat' dir='ltr'>et</span> <span class='ocrx_word' id='word_1_151' title='bbox 440 1501 612 1555; x_wconf 88' lang='lat' dir='ltr'>spondio</span> <span class='ocrx_word' id='word_1_152' title='bbox 634 1511 843 1556; x_wconf 83' lang='lat' dir='ltr'>sequente,</span> <span class='ocrx_word' id='word_1_153' title='bbox 866 1501 948 1543; x_wconf 82' lang='lat' dir='ltr'>sive</span> <span class='ocrx_word' id='word_1_154' title='bbox 970 1503 1160 1544; x_wconf 84' lang='lat' dir='ltr'>trochaeo.</span> 
     </span>
    </p>
   </div>
   <div class='ocr_carea' id='block_1_17' title="bbox 1226 1503 1655 1559">
    <p class='ocr_par' dir='ltr' id='par_1_17' title="bbox 1226 1503 1655 1559">
     <span class='ocr_line' id='line_1_22' title="bbox 1226 1503 1655 1559; baseline 0.002 -16"><span class='ocrx_word' id='word_1_155' title='bbox 1226 1504 1370 1559; x_wconf 84' lang='lat' dir='ltr'>Hujus</span> <span class='ocrx_word' id='word_1_156' title='bbox 1396 1503 1655 1559; x_wconf 85' lang='lat' dir='ltr'>exemplum:</span> 
     </span>
    </p>
   </div>
   <div class='ocr_carea' id='block_1_18' title="bbox 435 1568 1801 1687">
    <p class='ocr_par' dir='ltr' id='par_1_18' title="bbox 435 1568 1801 1687">
     <span class='ocr_line' id='line_1_23' title="bbox 553 1568 1664 1620; baseline 0.002 -14"><span class='ocrx_word' id='word_1_157' title='bbox 553 1568 573 1596; x_wconf 89' lang='lat' dir='ltr'>b</span> <span class='ocrx_word' id='word_1_158' title='bbox 596 1571 747 1606; x_wconf 70' lang='lat' dir='ltr'>Samum</span> <span class='ocrx_word' id='word_1_159' title='bbox 770 1572 895 1606; x_wconf 81' lang='lat' dir='ltr'>bonum</span> <span class='ocrx_word' id='word_1_160' title='bbox 917 1573 1029 1618; x_wconf 77' lang='lat' dir='ltr'>magis</span> <span class='ocrx_word' id='word_1_161' title='bbox 1037 1572 1166 1620; x_wconf 79' lang='lat' dir='ltr'>fruar,</span> <span class='ocrx_word' id='word_1_162' title='bbox 1187 1573 1299 1608; x_wconf 79' lang='lat' dir='ltr'>altum</span> <span class='ocrx_word' id='word_1_163' title='bbox 1309 1571 1421 1619; x_wconf 81' lang='lat' dir='ltr'>ferar</span> <span class='ocrx_word' id='word_1_164' title='bbox 1440 1578 1480 1608; x_wconf 80' lang='lat' dir='ltr'>ut</span> <span class='ocrx_word' id='word_1_165' title='bbox 1500 1574 1664 1608; x_wconf 80' lang='lat' dir='ltr'>modeste.</span> 
     </span>
     <span class='ocr_line' id='line_1_24' title="bbox 435 1640 1801 1687; baseline 0.004 -13"><span class='ocrx_word' id='word_1_166' title='bbox 435 1646 448 1664; x_wconf 83' lang='lat' dir='ltr'>r</span> <span class='ocrx_word' id='word_1_167' title='bbox 471 1641 554 1675; x_wconf 80' lang='lat' dir='ltr'>Fme</span> <span class='ocrx_word' id='word_1_168' title='bbox 575 1641 701 1687; x_wconf 79' lang='lat' dir='ltr'>etiam]</span> <span class='ocrx_word' id='word_1_169' title='bbox 734 1640 837 1676; x_wconf 81' lang='lat' dir='ltr'>Male</span> <span class='ocrx_word' id='word_1_170' title='bbox 864 1641 976 1676; x_wconf 86' lang='lat' dir='ltr'>ambo</span> <span class='ocrx_word' id='word_1_171' title='bbox 1006 1642 1075 1677; x_wconf 83' lang='lat' dir='ltr'>Pa·</span> <span class='ocrx_word' id='word_1_172' title='bbox 1132 1645 1223 1678; x_wconf 79' lang='lat' dir='ltr'>artis</span> <span class='ocrx_word' id='word_1_173' title='bbox 1242 1643 1384 1677; x_wconf 75' lang='lat' dir='ltr'>excellit</span> <span class='ocrx_word' id='word_1_174' title='bbox 1402 1645 1611 1679; x_wconf 76' lang='lat' dir='ltr'>auctoritas.</span> <span class='ocrx_word' id='word_1_175' title='bbox 1646 1642 1801 1679; x_wconf 78' lang='lat' dir='ltr'>HEUS.</span> 
     </span>
    </p>
   </div>
   <div class='ocr_carea' id='block_1_19' title="bbox 382 1693 1082 2958">
    <p class='ocr_par' dir='ltr' id='par_1_19' title="bbox 383 1693 861 1733">
     <span class='ocr_line' id='line_1_25' title="bbox 383 1693 861 1733; baseline 0.004 -6"><span class='ocrx_word' id='word_1_176' title='bbox 383 1693 440 1733; x_wconf 72' lang='lat' dir='ltr'>ris.</span> <span class='ocrx_word' id='word_1_177' title='bbox 463 1694 519 1727; x_wconf 75' lang='lat' dir='ltr'>fit</span> <span class='ocrx_word' id='word_1_178' title='bbox 540 1695 658 1728; x_wconf 79' lang='lat' dir='ltr'>etiam.</span> <span class='ocrx_word' id='word_1_179' title='bbox 705 1693 861 1729; x_wconf 87' lang='lat' dir='ltr'>HEUS.</span> 
     </span>
    </p>

    <p class='ocr_par' dir='ltr' id='par_1_20' title="bbox 382 1746 1079 2046">
     <span class='ocr_line' id='line_1_26' title="bbox 437 1746 1076 1794; baseline 0.002 -13"><span class='ocrx_word' id='word_1_180' title='bbox 437 1751 450 1770; x_wconf 77' lang='lat' dir='ltr'>s</span> <span class='ocrx_word' id='word_1_181' title='bbox 476 1746 586 1794; x_wconf 68' lang='lat' dir='ltr'>Rapit</span> <span class='ocrx_word' id='word_1_182' title='bbox 617 1747 688 1781; x_wconf 79' lang='lat' dir='ltr'>teta</span> <span class='ocrx_word' id='word_1_183' title='bbox 718 1747 843 1781; x_wconf 77' lang='lat' dir='ltr'>volans</span> <span class='ocrx_word' id='word_1_184' title='bbox 875 1747 967 1793; x_wconf 81' lang='lat' dir='ltr'>ecce]</span> <span class='ocrx_word' id='word_1_185' title='bbox 999 1747 1076 1782; x_wconf 92' lang='lat' dir='ltr'>To-</span> 
     </span>
     <span class='ocr_line' id='line_1_27' title="bbox 382 1799 1079 1848; baseline 0.004 -15"><span class='ocrx_word' id='word_1_186' title='bbox 382 1807 460 1835; x_wconf 71' lang='lat' dir='ltr'>tu&#39;n</span> <span class='ocrx_word' id='word_1_187' title='bbox 498 1799 599 1835; x_wconf 82' lang='lat' dir='ltr'>huuc</span> <span class='ocrx_word' id='word_1_188' title='bbox 636 1811 780 1834; x_wconf 89' lang='lat' dir='ltr'>versum</span> <span class='ocrx_word' id='word_1_189' title='bbox 827 1807 864 1835; x_wconf 89' lang='lat' dir='ltr'>et</span> <span class='ocrx_word' id='word_1_190' title='bbox 912 1801 1079 1848; x_wconf 79' lang='lat' dir='ltr'>proxima</span> 
     </span>
     <span class='ocr_line' id='line_1_28' title="bbox 384 1850 1078 1889; baseline -0.001 0"><span class='ocrx_word' id='word_1_191' title='bbox 384 1851 491 1889; x_wconf 64' lang='lat' dir='ltr'>verba</span> <span class='ocrx_word' id='word_1_192' title='bbox 511 1850 631 1888; x_wconf 85' lang='lat' dir='ltr'>Mallii</span> <span class='ocrx_word' id='word_1_193' title='bbox 655 1853 712 1886; x_wconf 73' lang='lat' dir='ltr'>Ex</span> <span class='ocrx_word' id='word_1_194' title='bbox 731 1864 802 1887; x_wconf 80' lang='lat' dir='ltr'>uno</span> <span class='ocrx_word' id='word_1_195' title='bbox 922 1853 986 1888; x_wconf 80' lang='lat' dir='ltr'>hoc</span> <span class='ocrx_word' id='word_1_196' title='bbox 1006 1866 1078 1888; x_wconf 86' lang='lat' dir='ltr'>mo-</span> 
     </span>
     <span class='ocr_line' id='line_1_29' title="bbox 382 1904 1078 1941; baseline 0.003 -2"><span class='ocrx_word' id='word_1_197' title='bbox 382 1917 427 1939; x_wconf 72' lang='lat' dir='ltr'>uo</span> <span class='ocrx_word' id='word_1_198' title='bbox 457 1904 624 1940; x_wconf 78' lang='lat' dir='ltr'>librarius</span> <span class='ocrx_word' id='word_1_199' title='bbox 649 1905 762 1940; x_wconf 83' lang='lat' dir='ltr'>Paris.</span> <span class='ocrx_word' id='word_1_200' title='bbox 794 1917 866 1941; x_wconf 88' lang='lat' dir='ltr'>sec.</span> <span class='ocrx_word' id='word_1_201' title='bbox 897 1905 1078 1941; x_wconf 80' lang='lat' dir='ltr'>clausula-</span> 
     </span>
     <span class='ocr_line' id='line_1_30' title="bbox 384 1956 1079 2007; baseline 0.004 -15"><span class='ocrx_word' id='word_1_202' title='bbox 384 1970 464 1992; x_wconf 85' lang='lat' dir='ltr'>rum</span> <span class='ocrx_word' id='word_1_203' title='bbox 486 1956 728 1993; x_wconf 84' lang='lat' dir='ltr'>similitudine</span> <span class='ocrx_word' id='word_1_204' title='bbox 749 1957 924 2007; x_wconf 82' lang='lat' dir='ltr'>deceptus</span> <span class='ocrx_word' id='word_1_205' title='bbox 942 1958 1079 1995; x_wconf 88' lang='lat' dir='ltr'>omisit.</span> 
     </span>
     <span class='ocr_line' id='line_1_31' title="bbox 384 2010 541 2046; baseline 0 0"><span class='ocrx_word' id='word_1_206' title='bbox 384 2010 541 2046; x_wconf 89' lang='lat' dir='ltr'>HEUS.</span> 
     </span>
    </p>

    <p class='ocr_par' dir='ltr' id='par_1_21' title="bbox 384 2063 1080 2152">
     <span class='ocr_line' id='line_1_32' title="bbox 436 2063 1080 2111; baseline 0.006 -14"><span class='ocrx_word' id='word_1_207' title='bbox 436 2063 450 2089; x_wconf 78' lang='grc' dir='ltr'>’ί</span> <span class='ocrx_word' id='word_1_208' title='bbox 472 2064 528 2098; x_wconf 71' lang='lat' dir='ltr'>Ea:</span> <span class='ocrx_word' id='word_1_209' title='bbox 554 2076 624 2099; x_wconf 72' lang='lat' dir='ltr'>vuno</span> <span class='ocrx_word' id='word_1_210' title='bbox 654 2065 764 2111; x_wconf 77' lang='lat' dir='ltr'>enim]</span> <span class='ocrx_word' id='word_1_211' title='bbox 800 2063 928 2101; x_wconf 81' lang='lat' dir='ltr'>Scribe</span> <span class='ocrx_word' id='word_1_212' title='bbox 948 2077 990 2100; x_wconf 69' lang='lat' dir='ltr'>ex</span> <span class='ocrx_word' id='word_1_213' title='bbox 1010 2078 1080 2102; x_wconf 80' lang='lat' dir='ltr'>uno</span> 
     </span>
     <span class='ocr_line' id='line_1_33' title="bbox 384 2116 693 2152; baseline 0.003 -1"><span class='ocrx_word' id='word_1_214' title='bbox 384 2118 504 2151; x_wconf 76' lang='lat' dir='ltr'>etiam.</span> <span class='ocrx_word' id='word_1_215' title='bbox 538 2116 693 2152; x_wconf 87' lang='lat' dir='ltr'>HEUS.</span> 
     </span>
    </p>

    <p class='ocr_par' dir='ltr' id='par_1_22' title="bbox 385 2171 1082 2469">
     <span class='ocr_line' id='line_1_34' title="bbox 438 2171 1080 2218; baseline 0.005 -15"><span class='ocrx_word' id='word_1_216' title='bbox 438 2176 457 2194; x_wconf 81' lang='lat' dir='ltr'>V</span> <span class='ocrx_word' id='word_1_217' title='bbox 488 2181 565 2204; x_wconf 79' lang='lat' dir='ltr'>cum</span> <span class='ocrx_word' id='word_1_218' title='bbox 596 2171 815 2217; x_wconf 60' lang='lat' dir='ltr'>atzttspastus</span> <span class='ocrx_word' id='word_1_219' title='bbox 838 2183 902 2217; x_wconf 80' lang='lat' dir='ltr'>pes</span> <span class='ocrx_word' id='word_1_220' title='bbox 931 2172 1080 2218; x_wconf 83' lang='lat' dir='ltr'>constet]</span> 
     </span>
     <span class='ocr_line' id='line_1_35' title="bbox 387 2221 1080 2272; baseline 0.003 -15"><span class='ocrx_word' id='word_1_221' title='bbox 387 2223 558 2262; x_wconf 85' lang='lat' dir='ltr'>Fortasse</span> <span class='ocrx_word' id='word_1_222' title='bbox 597 2221 795 2272; x_wconf 77' lang='lat' dir='ltr'>scripserat</span> <span class='ocrx_word' id='word_1_223' title='bbox 832 2231 960 2259; x_wconf 82' lang='lat' dir='ltr'>auctor</span> <span class='ocrx_word' id='word_1_224' title='bbox 1003 2236 1080 2260; x_wconf 81' lang='lat' dir='ltr'>cum</span> 
     </span>
     <span class='ocr_line' id='line_1_36' title="bbox 385 2275 1081 2325; baseline 0.006 -16"><span class='ocrx_word' id='word_1_225' title='bbox 385 2277 605 2322; x_wconf 77' lang='lat' dir='ltr'>antispastus</span> <span class='ocrx_word' id='word_1_226' title='bbox 636 2288 701 2322; x_wconf 83' lang='lat' dir='ltr'>pes</span> <span class='ocrx_word' id='word_1_227' title='bbox 739 2275 884 2311; x_wconf 91' lang='lat' dir='ltr'>duobus</span> <span class='ocrx_word' id='word_1_228' title='bbox 916 2276 1081 2325; x_wconf 85' lang='lat' dir='ltr'>pedibus,</span> 
     </span>
     <span class='ocr_line' id='line_1_37' title="bbox 385 2327 1082 2370; baseline 0.004 -8"><span class='ocrx_word' id='word_1_229' title='bbox 385 2327 510 2364; x_wconf 84' lang='lat' dir='ltr'>iambo</span> <span class='ocrx_word' id='word_1_230' title='bbox 528 2336 566 2364; x_wconf 92' lang='lat' dir='ltr'>et</span> <span class='ocrx_word' id='word_1_231' title='bbox 582 2329 760 2370; x_wconf 76' lang='lat' dir='ltr'>trochaeo,</span> <span class='ocrx_word' id='word_1_232' title='bbox 777 2334 921 2365; x_wconf 84' lang='lat' dir='ltr'>constet.</span> <span class='ocrx_word' id='word_1_233' title='bbox 952 2329 1082 2365; x_wconf 80' lang='lat' dir='ltr'>Paullo</span> 
     </span>
     <span class='ocr_line' id='line_1_38' title="bbox 386 2381 1081 2431; baseline 0.004 -16"><span class='ocrx_word' id='word_1_234' title='bbox 386 2389 469 2429; x_wconf 88' lang='lat' dir='ltr'>post</span> <span class='ocrx_word' id='word_1_235' title='bbox 486 2381 594 2416; x_wconf 85' lang='lat' dir='ltr'>verba</span> <span class='ocrx_word' id='word_1_236' title='bbox 615 2386 679 2416; x_wconf 82' lang='lat' dir='ltr'>aut</span> <span class='ocrx_word' id='word_1_237' title='bbox 707 2383 845 2417; x_wconf 76' lang='lat' dir='ltr'>iambus</span> <span class='ocrx_word' id='word_1_238' title='bbox 866 2394 1081 2431; x_wconf 84' lang='lat' dir='ltr'>supervaca-</span> 
     </span>
     <span class='ocr_line' id='line_1_39' title="bbox 387 2432 848 2469; baseline 0.002 -1"><span class='ocrx_word' id='word_1_239' title='bbox 387 2445 457 2468; x_wconf 83' lang='lat' dir='ltr'>nea</span> <span class='ocrx_word' id='word_1_240' title='bbox 478 2432 659 2468; x_wconf 85' lang='lat' dir='ltr'>videntur.</span> <span class='ocrx_word' id='word_1_241' title='bbox 692 2434 848 2469; x_wconf 86' lang='lat' dir='ltr'>HEUS.</span> 
     </span>
    </p>

    <p class='ocr_par' dir='ltr' id='par_1_23' title="bbox 382 2485 1081 2958">
     <span class='ocr_line' id='line_1_40' title="bbox 439 2485 1078 2534; baseline 0.006 -15"><span class='ocrx_word' id='word_1_242' title='bbox 439 2492 467 2510; x_wconf 78' lang='lat' dir='ltr'>W</span> <span class='ocrx_word' id='word_1_243' title='bbox 504 2486 557 2520; x_wconf 71' lang='lat' dir='ltr'>his</span> <span class='ocrx_word' id='word_1_244' title='bbox 587 2488 688 2521; x_wconf 75' lang='lat' dir='ltr'>metri</span> <span class='ocrx_word' id='word_1_245' title='bbox 720 2485 864 2531; x_wconf 77' lang='lat' dir='ltr'>hujusce</span> <span class='ocrx_word' id='word_1_246' title='bbox 889 2487 1078 2534; x_wconf 79' lang='lat' dir='ltr'>lucentior]</span> 
     </span>
     <span class='ocr_line' id='line_1_41' title="bbox 388 2537 1079 2587; baseline 0.004 -14"><span class='ocrx_word' id='word_1_247' title='bbox 388 2537 500 2574; x_wconf 80' lang='lat' dir='ltr'>Paris.</span> <span class='ocrx_word' id='word_1_248' title='bbox 531 2551 586 2587; x_wconf 86' lang='lat' dir='ltr'>pr.</span> <span class='ocrx_word' id='word_1_249' title='bbox 619 2539 672 2574; x_wconf 78' lang='lat' dir='ltr'>his</span> <span class='ocrx_word' id='word_1_250' title='bbox 700 2541 804 2574; x_wconf 78' lang='lat' dir='ltr'>metri</span> <span class='ocrx_word' id='word_1_251' title='bbox 834 2538 939 2585; x_wconf 77' lang='lat' dir='ltr'>hujus</span> <span class='ocrx_word' id='word_1_252' title='bbox 967 2542 1079 2576; x_wconf 68' lang='lat' dir='ltr'>excet—</span> 
     </span>
     <span class='ocr_line' id='line_1_42' title="bbox 387 2590 1080 2629; baseline 0 -3"><span class='ocrx_word' id='word_1_253' title='bbox 387 2592 540 2626; x_wconf 74' lang='lat' dir='ltr'>lentior:</span> <span class='ocrx_word' id='word_1_254' title='bbox 572 2590 664 2626; x_wconf 83' lang='lat' dir='ltr'>alter</span> <span class='ocrx_word' id='word_1_255' title='bbox 683 2591 735 2626; x_wconf 67' lang='lat' dir='ltr'>his</span> <span class='ocrx_word' id='word_1_256' title='bbox 757 2593 879 2627; x_wconf 82' lang='lat' dir='ltr'>metris</span> <span class='ocrx_word' id='word_1_257' title='bbox 907 2594 1080 2629; x_wconf 68' lang='lat' dir='ltr'>excellen-</span> 
     </span>
     <span class='ocr_line' id='line_1_43' title="bbox 388 2643 1080 2683; baseline 0.006 -4"><span class='ocrx_word' id='word_1_258' title='bbox 388 2646 469 2680; x_wconf 83' lang='lat' dir='ltr'>tior.</span> <span class='ocrx_word' id='word_1_259' title='bbox 540 2643 643 2680; x_wconf 88' lang='lat' dir='ltr'>Olim</span> <span class='ocrx_word' id='word_1_260' title='bbox 683 2645 962 2681; x_wconf 83' lang='lat' dir='ltr'>rescribendum</span> <span class='ocrx_word' id='word_1_261' title='bbox 1001 2659 1080 2683; x_wconf 89' lang='lat' dir='ltr'>esse</span> 
     </span>
     <span class='ocr_line' id='line_1_44' title="bbox 386 2697 1079 2746; baseline 0.003 -13"><span class='ocrx_word' id='word_1_262' title='bbox 386 2698 561 2746; x_wconf 86' lang='lat' dir='ltr'>putabam</span> <span class='ocrx_word' id='word_1_263' title='bbox 593 2697 646 2732; x_wconf 81' lang='lat' dir='ltr'>his</span> <span class='ocrx_word' id='word_1_264' title='bbox 672 2699 775 2732; x_wconf 76' lang='lat' dir='ltr'>metri</span> <span class='ocrx_word' id='word_1_265' title='bbox 803 2697 946 2743; x_wconf 74' lang='lat' dir='ltr'>hujusce</span> <span class='ocrx_word' id='word_1_266' title='bbox 973 2701 1079 2735; x_wconf 83' lang='lat' dir='ltr'>licen-</span> 
     </span>
     <span class='ocr_line' id='line_1_45' title="bbox 385 2749 1081 2800; baseline 0.006 -15"><span class='ocrx_word' id='word_1_267' title='bbox 385 2753 466 2793; x_wconf 72' lang='lat' dir='ltr'>tior,</span> <span class='ocrx_word' id='word_1_268' title='bbox 496 2753 600 2800; x_wconf 89' lang='lat' dir='ltr'>cujus</span> <span class='ocrx_word' id='word_1_269' title='bbox 641 2749 786 2786; x_wconf 90' lang='lat' dir='ltr'>consilii</span> <span class='ocrx_word' id='word_1_270' title='bbox 820 2751 987 2788; x_wconf 84' lang='lat' dir='ltr'>nondum</span> <span class='ocrx_word' id='word_1_271' title='bbox 1023 2766 1081 2789; x_wconf 86' lang='lat' dir='ltr'>me</span> 
     </span>
     <span class='ocr_line' id='line_1_46' title="bbox 383 2802 1077 2852; baseline 0.006 -14"><span class='ocrx_word' id='word_1_272' title='bbox 383 2803 553 2852; x_wconf 81' lang='lat' dir='ltr'>poenitet.</span> <span class='ocrx_word' id='word_1_273' title='bbox 598 2802 826 2839; x_wconf 87' lang='lat' dir='ltr'>Pronomine</span> <span class='ocrx_word' id='word_1_274' title='bbox 847 2803 991 2849; x_wconf 82' lang='lat' dir='ltr'>hujusce</span> <span class='ocrx_word' id='word_1_275' title='bbox 1011 2818 1077 2842; x_wconf 87' lang='lat' dir='ltr'>no—</span> 
     </span>
     <span class='ocr_line' id='line_1_47' title="bbox 382 2855 1076 2906; baseline 0.004 -14"><span class='ocrx_word' id='word_1_276' title='bbox 382 2864 456 2892; x_wconf 84' lang='lat' dir='ltr'>ster</span> <span class='ocrx_word' id='word_1_277' title='bbox 476 2869 562 2892; x_wconf 91' lang='lat' dir='ltr'>usus</span> <span class='ocrx_word' id='word_1_278' title='bbox 584 2863 640 2892; x_wconf 89' lang='lat' dir='ltr'>est</span> <span class='ocrx_word' id='word_1_279' title='bbox 666 2855 778 2893; x_wconf 86' lang='lat' dir='ltr'>etiam</span> <span class='ocrx_word' id='word_1_280' title='bbox 802 2857 842 2893; x_wconf 90' lang='lat' dir='ltr'>in</span> <span class='ocrx_word' id='word_1_281' title='bbox 870 2858 1009 2906; x_wconf 84' lang='lat' dir='ltr'>praefat.</span> <span class='ocrx_word' id='word_1_282' title='bbox 1041 2872 1076 2894; x_wconf 92' lang='lat' dir='ltr'>n.</span> 
     </span>
     <span class='ocr_line' id='line_1_48' title="bbox 384 2910 1077 2958; baseline 0.006 -14"><span class='ocrx_word' id='word_1_283' title='bbox 384 2920 418 2956; x_wconf 78' lang='lat'>5.</span> <span class='ocrx_word' id='word_1_284' title='bbox 481 2910 641 2950; x_wconf 80' lang='lat' dir='ltr'>Quorum</span> <span class='ocrx_word' id='word_1_285' title='bbox 669 2911 767 2958; x_wconf 79' lang='lat' dir='ltr'>apud</span> <span class='ocrx_word' id='word_1_286' title='bbox 792 2922 910 2946; x_wconf 80' lang='lat' dir='ltr'>omnes</span> <span class='ocrx_word' id='word_1_287' title='bbox 932 2911 1077 2957; x_wconf 73' lang='lat' dir='ltr'>hujusce</span> 
     </span>
    </p>
   </div>
   <div class='ocr_carea' id='block_1_20' title="bbox 803 1872 908 1879">
    <p class='ocr_par' dir='ltr' id='par_1_24' title="bbox 803 1872 908 1879">
     <span class='ocr_line' id='line_1_49' title="bbox 803 1872 908 1879; baseline 0 0"><span class='ocrx_word' id='word_1_288' title='bbox 803 1872 908 1879; x_wconf 95' lang='lat' dir='ltr'> </span> 
     </span>
    </p>
   </div>
   <div class='ocr_carea' id='block_1_21' title="bbox 1135 1696 1833 2963">
    <p class='ocr_par' dir='ltr' id='par_1_25' title="bbox 1136 1696 1833 1797">
     <span class='ocr_line' id='line_1_50' title="bbox 1187 1696 1832 1742; baseline 0.002 -12"><span class='ocrx_word' id='word_1_289' title='bbox 1187 1702 1207 1721; x_wconf 70' lang='lat' dir='ltr'>X</span> <span class='ocrx_word' id='word_1_290' title='bbox 1241 1697 1294 1731; x_wconf 76' lang='lat' dir='ltr'>ret</span> <span class='ocrx_word' id='word_1_291' title='bbox 1324 1696 1491 1742; x_wconf 80' lang='lat' dir='ltr'>trochaeo]</span> <span class='ocrx_word' id='word_1_292' title='bbox 1524 1696 1637 1731; x_wconf 86' lang='lat' dir='ltr'>Paris.</span> <span class='ocrx_word' id='word_1_293' title='bbox 1660 1708 1734 1732; x_wconf 87' lang='lat' dir='ltr'>sec.</span> <span class='ocrx_word' id='word_1_294' title='bbox 1759 1698 1832 1732; x_wconf 83' lang='lat' dir='ltr'>sive</span> 
     </span>
     <span class='ocr_line' id='line_1_51' title="bbox 1136 1747 1833 1797; baseline 0.001 -14"><span class='ocrx_word' id='word_1_295' title='bbox 1136 1749 1299 1791; x_wconf 66' lang='lat' dir='ltr'>trochaeo,</span> <span class='ocrx_word' id='word_1_296' title='bbox 1309 1748 1410 1797; x_wconf 93' lang='lat' dir='ltr'>quod</span> <span class='ocrx_word' id='word_1_297' title='bbox 1426 1747 1517 1784; x_wconf 89' lang='lat' dir='ltr'>nihil</span> <span class='ocrx_word' id='word_1_298' title='bbox 1534 1749 1656 1784; x_wconf 85' lang='lat' dir='ltr'>refert.</span> <span class='ocrx_word' id='word_1_299' title='bbox 1675 1748 1833 1784; x_wconf 84' lang='lat' dir='ltr'>HEUS.</span> 
     </span>
    </p>

    <p class='ocr_par' dir='ltr' id='par_1_26' title="bbox 1138 1800 1828 1902">
     <span class='ocr_line' id='line_1_52' title="bbox 1187 1800 1828 1851; baseline 0.003 -16"><span class='ocrx_word' id='word_1_300' title='bbox 1187 1808 1206 1835; x_wconf 76' lang='lat' dir='ltr'>Y</span> <span class='ocrx_word' id='word_1_301' title='bbox 1239 1802 1338 1849; x_wconf 79' lang='lat' dir='ltr'>apud</span> <span class='ocrx_word' id='word_1_302' title='bbox 1371 1801 1522 1848; x_wconf 79' lang='lat' dir='ltr'><strong><em>Jubam]</em></strong></span> <span class='ocrx_word' id='word_1_303' title='bbox 1555 1800 1640 1838; x_wconf 90' lang='lat' dir='ltr'>Vid.</span> <span class='ocrx_word' id='word_1_304' title='bbox 1671 1803 1717 1838; x_wconf 85' lang='lat' dir='ltr'>ad</span> <span class='ocrx_word' id='word_1_305' title='bbox 1747 1813 1828 1851; x_wconf 85' lang='lat' dir='ltr'>cap.</span> 
     </span>
     <span class='ocr_line' id='line_1_53' title="bbox 1138 1854 1449 1902; baseline 0.003 -14"><span class='ocrx_word' id='word_1_306' title='bbox 1138 1855 1201 1890; x_wconf 79' lang='lat' dir='ltr'>VI.</span> <span class='ocrx_word' id='word_1_307' title='bbox 1223 1865 1262 1902; x_wconf 88' lang='lat'>5.</span> <span class='ocrx_word' id='word_1_308' title='bbox 1293 1854 1449 1890; x_wconf 90' lang='lat' dir='ltr'>HEUS.</span> 
     </span>
    </p>

    <p class='ocr_par' dir='ltr' id='par_1_27' title="bbox 1135 1907 1831 2063">
     <span class='ocr_line' id='line_1_54' title="bbox 1190 1907 1831 1954; baseline 0.003 -12"><span class='ocrx_word' id='word_1_309' title='bbox 1190 1914 1208 1933; x_wconf 78' lang='grc' dir='ltr'><strong><em>Ζ</em></strong></span> <span class='ocrx_word' id='word_1_310' title='bbox 1243 1908 1342 1943; x_wconf 77' lang='lat' dir='ltr'>Tunc</span> <span class='ocrx_word' id='word_1_311' title='bbox 1381 1908 1542 1954; x_wconf 78' lang='lat' dir='ltr'>insolita]</span> <span class='ocrx_word' id='word_1_312' title='bbox 1581 1907 1656 1945; x_wconf 91' lang='lat' dir='ltr'>Hic</span> <span class='ocrx_word' id='word_1_313' title='bbox 1693 1921 1831 1951; x_wconf 86' lang='lat' dir='ltr'>versus,</span> 
     </span>
     <span class='ocr_line' id='line_1_55' title="bbox 1137 1959 1831 2009; baseline 0 -13"><span class='ocrx_word' id='word_1_314' title='bbox 1137 1959 1261 1997; x_wconf 87' lang='lat' dir='ltr'>nescio</span> <span class='ocrx_word' id='word_1_315' title='bbox 1282 1960 1386 2007; x_wconf 88' lang='lat' dir='ltr'>cujus</span> <span class='ocrx_word' id='word_1_316' title='bbox 1402 1965 1534 2009; x_wconf 71' lang='lat' dir='ltr'>poetae,</span> <span class='ocrx_word' id='word_1_317' title='bbox 1551 1960 1597 1996; x_wconf 89' lang='lat' dir='ltr'>de</span> <span class='ocrx_word' id='word_1_318' title='bbox 1612 1962 1708 1998; x_wconf 73' lang='lat' dir='ltr'>Icari</span> <span class='ocrx_word' id='word_1_319' title='bbox 1729 1963 1831 2009; x_wconf 78' lang='lat' dir='ltr'>lapsu</span> 
     </span>
     <span class='ocr_line' id='line_1_56' title="bbox 1135 2012 1755 2063; baseline 0.005 -15"><span class='ocrx_word' id='word_1_320' title='bbox 1135 2012 1410 2063; x_wconf 87' lang='lat' dir='ltr'>intelligendus.</span> <span class='ocrx_word' id='word_1_321' title='bbox 1468 2014 1755 2051; x_wconf 87' lang='lat' dir='ltr'>RUHNKEN.</span> 
     </span>
    </p>

    <p class='ocr_par' dir='ltr' id='par_1_28' title="bbox 1135 2067 1833 2911">
     <span class='ocr_line' id='line_1_57' title="bbox 1189 2067 1826 2115; baseline 0.002 -13"><span class='ocrx_word' id='word_1_322' title='bbox 1189 2073 1208 2093; x_wconf 84' lang='lat' dir='ltr'>a</span> <span class='ocrx_word' id='word_1_323' title='bbox 1234 2079 1275 2102; x_wconf 77' lang='lat' dir='ltr'>ex</span> <span class='ocrx_word' id='word_1_324' title='bbox 1302 2067 1438 2102; x_wconf 73' lang='lat' dir='ltr'>&lt;luobus</span> <span class='ocrx_word' id='word_1_325' title='bbox 1459 2067 1589 2102; x_wconf 74' lang='lat' dir='ltr'>Ionicis</span> <span class='ocrx_word' id='word_1_326' title='bbox 1614 2067 1826 2115; x_wconf 81' lang='lat' dir='ltr'>majoribus]</span> 
     </span>
     <span class='ocr_line' id='line_1_58' title="bbox 1136 2118 1829 2166; baseline 0.001 -11"><span class='ocrx_word' id='word_1_327' title='bbox 1136 2120 1250 2156; x_wconf 80' lang='lat' dir='ltr'>Paris.</span> <span class='ocrx_word' id='word_1_328' title='bbox 1274 2132 1347 2155; x_wconf 91' lang='lat' dir='ltr'>sec.</span> <span class='ocrx_word' id='word_1_329' title='bbox 1368 2133 1391 2155; x_wconf 89' lang='grc' dir='ltr'><em>α</em></span> <span class='ocrx_word' id='word_1_330' title='bbox 1410 2118 1617 2166; x_wconf 72' lang='lat' dir='ltr'>majoribus.</span> <span class='ocrx_word' id='word_1_331' title='bbox 1662 2121 1829 2157; x_wconf 86' lang='lat' dir='ltr'>Frustra.</span> 
     </span>
     <span class='ocr_line' id='line_1_59' title="bbox 1139 2171 1831 2219; baseline 0 -11"><span class='ocrx_word' id='word_1_332' title='bbox 1139 2173 1258 2208; x_wconf 80' lang='lat' dir='ltr'>Graeci</span> <span class='ocrx_word' id='word_1_333' title='bbox 1279 2171 1408 2208; x_wconf 80' lang='lat' dir='ltr'>dicunt</span> <span class='ocrx_word' id='word_1_334' title='bbox 1428 2171 1465 2214; x_wconf 78' lang='grc' dir='ltr'>ἐξ</span> <span class='ocrx_word' id='word_1_335' title='bbox 1481 2177 1623 2209; x_wconf 72' lang='grc' dir='ltr'>Ἰωνικῶν</span> <span class='ocrx_word' id='word_1_336' title='bbox 1645 2175 1708 2210; x_wconf 67' lang='grc' dir='ltr'>ἀπὸ</span> <span class='ocrx_word' id='word_1_337' title='bbox 1725 2174 1831 2219; x_wconf 74' lang='grc' dir='ltr'>μείζο-</span> 
     </span>
     <span class='ocr_line' id='line_1_60' title="bbox 1138 2225 1830 2274; baseline 0.001 -14"><span class='ocrx_word' id='word_1_338' title='bbox 1138 2242 1195 2267; x_wconf 67' lang='grc' dir='ltr'><strong><em>νος.</em></strong></span> <span class='ocrx_word' id='word_1_339' title='bbox 1246 2226 1329 2261; x_wconf 92' lang='lat' dir='ltr'>Hos</span> <span class='ocrx_word' id='word_1_340' title='bbox 1349 2225 1453 2274; x_wconf 89' lang='lat' dir='ltr'>sequi</span> <span class='ocrx_word' id='word_1_341' title='bbox 1474 2225 1626 2262; x_wconf 86' lang='lat' dir='ltr'>Mallius</span> <span class='ocrx_word' id='word_1_342' title='bbox 1645 2227 1675 2262; x_wconf 86' lang='lat' dir='ltr'>si</span> <span class='ocrx_word' id='word_1_343' title='bbox 1690 2226 1830 2262; x_wconf 87' lang='lat' dir='ltr'>voluis-</span> 
     </span>
     <span class='ocr_line' id='line_1_61' title="bbox 1139 2278 1833 2324; baseline 0 -10"><span class='ocrx_word' id='word_1_344' title='bbox 1139 2287 1205 2321; x_wconf 85' lang='lat' dir='ltr'>set,</span> <span class='ocrx_word' id='word_1_345' title='bbox 1240 2291 1282 2314; x_wconf 60' lang='grc' dir='ltr'>επ</span> <span class='ocrx_word' id='word_1_346' title='bbox 1318 2279 1454 2314; x_wconf 82' lang='lat' dir='ltr'>duobus</span> <span class='ocrx_word' id='word_1_347' title='bbox 1486 2279 1616 2314; x_wconf 79' lang='lat' dir='ltr'>Ionicis</span> <span class='ocrx_word' id='word_1_348' title='bbox 1645 2292 1666 2314; x_wconf 81' lang='lat' dir='ltr'>a</span> <span class='ocrx_word' id='word_1_349' title='bbox 1696 2278 1833 2324; x_wconf 81' lang='lat' dir='ltr'>majore</span> 
     </span>
     <span class='ocr_line' id='line_1_62' title="bbox 1138 2330 1830 2380; baseline 0.003 -13"><span class='ocrx_word' id='word_1_350' title='bbox 1138 2331 1356 2380; x_wconf 86' lang='lat' dir='ltr'>scripsisset.</span> <span class='ocrx_word' id='word_1_351' title='bbox 1412 2330 1528 2366; x_wconf 89' lang='lat' dir='ltr'>Aliter</span> <span class='ocrx_word' id='word_1_352' title='bbox 1546 2330 1579 2366; x_wconf 87' lang='lat' dir='ltr'>ei</span> <span class='ocrx_word' id='word_1_353' title='bbox 1598 2331 1716 2368; x_wconf 88' lang='lat' dir='ltr'>visum</span> <span class='ocrx_word' id='word_1_354' title='bbox 1736 2344 1830 2374; x_wconf 88' lang='lat' dir='ltr'>esse,</span> 
     </span>
     <span class='ocr_line' id='line_1_63' title="bbox 1138 2382 1831 2433; baseline 0.003 -15"><span class='ocrx_word' id='word_1_355' title='bbox 1138 2392 1292 2433; x_wconf 79' lang='lat' dir='ltr'>apparet</span> <span class='ocrx_word' id='word_1_356' title='bbox 1320 2396 1364 2419; x_wconf 86' lang='lat' dir='ltr'>ex</span> <span class='ocrx_word' id='word_1_357' title='bbox 1392 2382 1500 2430; x_wconf 86' lang='lat' dir='ltr'>hujus</span> <span class='ocrx_word' id='word_1_358' title='bbox 1529 2384 1660 2432; x_wconf 88' lang='lat' dir='ltr'>capitis</span> <span class='ocrx_word' id='word_1_359' title='bbox 1682 2398 1717 2421; x_wconf 91' lang='lat' dir='ltr'>n.</span> <span class='ocrx_word' id='word_1_360' title='bbox 1739 2397 1773 2422; x_wconf 93' lang='lat'>1.</span> <span class='ocrx_word' id='word_1_361' title='bbox 1797 2397 1831 2421; x_wconf 88' lang='lat'>2.</span> 
     </span>
     <span class='ocr_line' id='line_1_64' title="bbox 1137 2437 1831 2488; baseline 0.001 -15"><span class='ocrx_word' id='word_1_362' title='bbox 1137 2448 1175 2483; x_wconf 86' lang='lat'>4.</span> <span class='ocrx_word' id='word_1_363' title='bbox 1198 2449 1280 2486; x_wconf 85' lang='lat' dir='ltr'>cap.</span> <span class='ocrx_word' id='word_1_364' title='bbox 1305 2437 1375 2472; x_wconf 90' lang='lat' dir='ltr'>XI.</span> <span class='ocrx_word' id='word_1_365' title='bbox 1400 2448 1433 2472; x_wconf 85' lang='lat'>2.</span> <span class='ocrx_word' id='word_1_366' title='bbox 1453 2437 1487 2472; x_wconf 92' lang='lat'>6.</span> <span class='ocrx_word' id='word_1_367' title='bbox 1513 2448 1546 2484; x_wconf 93' lang='lat'>7.</span> <span class='ocrx_word' id='word_1_368' title='bbox 1605 2438 1711 2487; x_wconf 88' lang='lat' dir='ltr'>Saepe</span> <span class='ocrx_word' id='word_1_369' title='bbox 1740 2437 1831 2488; x_wconf 85' lang='lat' dir='ltr'>legi-</span> 
     </span>
     <span class='ocr_line' id='line_1_65' title="bbox 1139 2490 1831 2537; baseline 0.004 -13"><span class='ocrx_word' id='word_1_370' title='bbox 1139 2502 1219 2524; x_wconf 89' lang='lat' dir='ltr'>mus</span> <span class='ocrx_word' id='word_1_371' title='bbox 1257 2495 1409 2525; x_wconf 80' lang='lat' dir='ltr'>metrum</span> <span class='ocrx_word' id='word_1_372' title='bbox 1451 2491 1609 2526; x_wconf 78' lang='lat' dir='ltr'>Ionicum</span> <span class='ocrx_word' id='word_1_373' title='bbox 1643 2490 1758 2537; x_wconf 78' lang='lat' dir='ltr'>majus</span> <span class='ocrx_word' id='word_1_374' title='bbox 1794 2500 1831 2528; x_wconf 89' lang='lat' dir='ltr'>et</span> 
     </span>
     <span class='ocr_line' id='line_1_66' title="bbox 1136 2543 1831 2590; baseline 0.004 -13"><span class='ocrx_word' id='word_1_375' title='bbox 1136 2544 1262 2586; x_wconf 77' lang='lat' dir='ltr'>minus,</span> <span class='ocrx_word' id='word_1_376' title='bbox 1282 2544 1405 2590; x_wconf 81' lang='lat' dir='ltr'>pedem</span> <span class='ocrx_word' id='word_1_377' title='bbox 1430 2543 1590 2579; x_wconf 77' lang='lat' dir='ltr'>Ionicum</span> <span class='ocrx_word' id='word_1_378' title='bbox 1603 2544 1774 2590; x_wconf 81' lang='lat' dir='ltr'>majorem</span> <span class='ocrx_word' id='word_1_379' title='bbox 1793 2554 1831 2581; x_wconf 86' lang='lat' dir='ltr'>et</span> 
     </span>
     <span class='ocr_line' id='line_1_67' title="bbox 1136 2596 1831 2647; baseline 0.004 -17"><span class='ocrx_word' id='word_1_380' title='bbox 1136 2597 1306 2633; x_wconf 83' lang='lat' dir='ltr'>minorem</span> <span class='ocrx_word' id='word_1_381' title='bbox 1337 2596 1433 2645; x_wconf 83' lang='lat' dir='ltr'>apud</span> <span class='ocrx_word' id='word_1_382' title='bbox 1450 2597 1658 2638; x_wconf 85' lang='lat' dir='ltr'>Donatum,</span> <span class='ocrx_word' id='word_1_383' title='bbox 1681 2596 1831 2647; x_wconf 89' lang='lat' dir='ltr'>ejusque</span> 
     </span>
     <span class='ocr_line' id='line_1_68' title="bbox 1136 2651 1831 2700; baseline 0.003 -16"><span class='ocrx_word' id='word_1_384' title='bbox 1136 2656 1386 2685; x_wconf 83' lang='lat' dir='ltr'>enarratorem</span> <span class='ocrx_word' id='word_1_385' title='bbox 1443 2651 1676 2700; x_wconf 85' lang='lat' dir='ltr'>Pompeium,</span> <span class='ocrx_word' id='word_1_386' title='bbox 1733 2651 1831 2700; x_wconf 81' lang='lat' dir='ltr'>apud</span> 
     </span>
     <span class='ocr_line' id='line_1_69' title="bbox 1136 2701 1829 2747; baseline 0.003 -10"><span class='ocrx_word' id='word_1_387' title='bbox 1136 2701 1376 2745; x_wconf 88' lang='lat' dir='ltr'>Diomedem,</span> <span class='ocrx_word' id='word_1_388' title='bbox 1398 2703 1646 2747; x_wconf 83' lang='lat' dir='ltr'>Victorinum,</span> <span class='ocrx_word' id='word_1_389' title='bbox 1667 2710 1705 2740; x_wconf 89' lang='lat' dir='ltr'>et</span> <span class='ocrx_word' id='word_1_390' title='bbox 1724 2703 1829 2740; x_wconf 88' lang='lat' dir='ltr'>alios.</span> 
     </span>
     <span class='ocr_line' id='line_1_70' title="bbox 1137 2754 1831 2805; baseline 0.003 -15"><span class='ocrx_word' id='word_1_391' title='bbox 1137 2754 1260 2791; x_wconf 80' lang='lat' dir='ltr'>Etiam</span> <span class='ocrx_word' id='word_1_392' title='bbox 1308 2755 1439 2805; x_wconf 87' lang='lat' dir='ltr'>plurali</span> <span class='ocrx_word' id='word_1_393' title='bbox 1491 2768 1645 2792; x_wconf 89' lang='lat' dir='ltr'>nurnero</span> <span class='ocrx_word' id='word_1_394' title='bbox 1693 2757 1831 2792; x_wconf 78' lang='lat' dir='ltr'>Ionicos</span> 
     </span>
     <span class='ocr_line' id='line_1_71' title="bbox 1139 2807 1830 2854; baseline 0.004 -11"><span class='ocrx_word' id='word_1_395' title='bbox 1139 2807 1290 2854; x_wconf 78' lang='lat' dir='ltr'>majores</span> <span class='ocrx_word' id='word_1_396' title='bbox 1312 2816 1350 2844; x_wconf 91' lang='lat' dir='ltr'>et</span> <span class='ocrx_word' id='word_1_397' title='bbox 1378 2811 1530 2845; x_wconf 80' lang='lat' dir='ltr'>minores</span> <span class='ocrx_word' id='word_1_398' title='bbox 1558 2809 1670 2845; x_wconf 84' lang='lat' dir='ltr'>habet</span> <span class='ocrx_word' id='word_1_399' title='bbox 1690 2809 1830 2846; x_wconf 78' lang='lat' dir='ltr'>Plotius</span> 
     </span>
     <span class='ocr_line' id='line_1_72' title="bbox 1135 2860 1719 2911; baseline 0.003 -15"><span class='ocrx_word' id='word_1_400' title='bbox 1135 2860 1179 2897; x_wconf 90' lang='lat' dir='ltr'>de</span> <span class='ocrx_word' id='word_1_401' title='bbox 1202 2862 1329 2897; x_wconf 86' lang='lat' dir='ltr'>metris</span> <span class='ocrx_word' id='word_1_402' title='bbox 1351 2875 1387 2911; x_wconf 89' lang='lat' dir='ltr'>p.</span> <span class='ocrx_word' id='word_1_403' title='bbox 1413 2862 1525 2898; x_wconf 88' lang='lat'>2660.</span> <span class='ocrx_word' id='word_1_404' title='bbox 1563 2862 1719 2898; x_wconf 87' lang='lat' dir='ltr'>HEUS.</span> 
     </span>
    </p>

    <p class='ocr_par' dir='ltr' id='par_1_29' title="bbox 1185 2911 1828 2963">
     <span class='ocr_line' id='line_1_73' title="bbox 1185 2911 1828 2963; baseline 0.003 -14"><span class='ocrx_word' id='word_1_405' title='bbox 1185 2911 1205 2940; x_wconf 82' lang='lat' dir='ltr'>b</span> <span class='ocrx_word' id='word_1_406' title='bbox 1228 2914 1378 2951; x_wconf 73' lang='lat' dir='ltr'><strong><em>Samum</em></strong></span> <span class='ocrx_word' id='word_1_407' title='bbox 1404 2916 1531 2951; x_wconf 84' lang='lat' dir='ltr'>bonum</span> <span class='ocrx_word' id='word_1_408' title='bbox 1558 2917 1672 2962; x_wconf 83' lang='lat' dir='ltr'>magis</span> <span class='ocrx_word' id='word_1_409' title='bbox 1692 2915 1828 2963; x_wconf 84' lang='lat' dir='ltr'>fruar]</span> 
     </span>
    </p>
   </div>
  </div>
 </body>
</html>
