1962 3355
337 306 682 368 aATILII
744 304 1514 368 FORTUNATIANI
1575 304 1782 365 ARS.

936 550 1119 596 PARS
1156 549 1195 595 Ι.

873 664 1244 690 4-

423 798 555 849 CAP.
585 797 628 847 I.
697 797 781 847 De
808 794 1043 846 carmine
1073 793 1698 862 Sotadeofragmentum.

336 872 673 947 ⁰PRIMUS
719 898 970 964 spondeus,
1014 896 1247 942 secundus
1293 897 1581 960 pariambus,
1623 898 1786 944 tertius

336 977 588 1041 spondeus,
613 987 806 1039 quartus
835 974 1124 1039 pariambUS‚
1150 972 1343 1034 quintus
1379 974 1659 1031 tribrachus,
1685 990 1787 1019 sex-

335 1063 410 1100 tus
447 1054 558 1099 item
592 1052 873 1105 tribrachus,
907 1050 1102 1096 ultimus
1143 1049 1405 1112 spondeus:
1438 1058 1485 1095 et
1519 1049 1645 1112 quod
1690 1067 1788 1095 ma-

335 1131 405 1194 gis
442 1130 614 1176 mirum
652 1128 797 1174 videri
835 1136 1006 1191 potest,
1041 1134 1167 1171 totus
1207 1125 1435 1172 Sotadeus
1470 1143 1692 1172 numerus
1729 1142 1786 1171 ex

334 1207 551 1253 trochaeis
588 1214 743 1269 potest
767 1213 982 1251 constare
1018 1201 1245 1266 pedibus:
1282 1211 1328 1247 et
1363 1201 1457 1247 duo
1482 1202 1627 1247 habet
1661 1202 1788 1265 ithy-

333 1283 540 1347 phallica
565 1291 727 1338 metra,
751 1289 797 1326 et
824 1297 970 1326 unum
998 1277 1258 1324 troehaeum
1285 1277 1471 1341 pedem,
1497 1277 1578 1335 sic,

675 1357 836 1397 Bacche
856 1356 1016 1396 Bacche
1036 1354 1210 1394 Bacche.

296 1457 311 1477 α
334 1434 506 1497 quibus
534 1433 570 1479 si
597 1431 928 1495 interposueris
949 1430 1128 1491 aliquos
1148 1428 1552 1492 brachysyllabos‚
1572 1427 1783 1489 ejusdem

334 1509 512 1556 scilicet
536 1509 746 1565 rationis,
771 1507 858 1553 erit
883 1506 1025 1552 etiam
1055 1504 1253 1559 mollior,
1280 1504 1359 1559 sic,

419 1585 579 1626 Bacche
599 1585 769 1624 Bromie
790 1582 949 1623 Bacche
970 1582 1139 1621 Bromie
1160 1580 1321 1620 Bacche
1341 1581 1513 1620 Bromie
1533 1581 1708 1621 Bacche.

332 1664 461 1710 Nam
489 1663 855 1726 ithyphallicum
882 1669 1086 1707 metrum
1121 1677 1242 1723 saepe
1277 1659 1445 1722 recipit
1471 1660 1598 1706 hunc
1621 1660 1787 1706 tribra-

333 1740 508 1793 chum3
547 1748 599 1785 ut
636 1739 779 1784 etiam
823 1736 948 1801 apud
991 1735 1310 1782 Menandrum
1359 1736 1408 1781 in
1447 1736 1701 1782 Phasmate
1739 1745 1786 1782 et

333 1816 458 1879 apud
484 1815 836 1861 Callimachum
867 1813 914 1859 in
945 1810 1367 1876 epigrammatibus
1392 1811 1577 1857 ostendi
1614 1821 1786 1875 potest.

295 1903 312 1933 3
333 1892 480 1954 Cujus
505 1892 778 1955 exemplum
807 1889 1030 1951 dsubjeci,
1054 1905 1148 1951 quo
1175 1887 1329 1933 notius
1366 1887 1424 1933 sit
1449 1905 1556 1934 eum
1585 1905 1693 1934 cum
1727 1888 1786 1934 sit

333 1986 413 2015 sex
450 1969 736 2033 syllabarum
777 1966 1070 2013 eadcrescere
1107 1963 1250 2010 modo
1286 1981 1380 2010 una
1421 1964 1601 2026 syllaba
1643 1964 1787 2011 modo

331 2043 530 2101 duabus,
554 2061 638 2108 per
661 2043 952 2091 tribrachum
980 2039 1159 2088 scilicet
1180 2038 1368 2103 pedem.

673 2121 773 2161 Huc
794 2121 927 2160 eeades
948 2134 971 2159 ο
992 2121 1135 2172 Lycee,

672 2188 904 2237 Bassareu,
926 2188 1120 2239 bicornis,

673 2254 910 2305 fMoenalie‚
932 2255 1119 2306 bimater,

674 2322 803 2362 Crine
822 2322 983 2362 nitidus
1004 2330 1112 2379 apte,

672 2390 817 2429 Lutez's
837 2391 1039 2444 corymbis

669 2457 843 2497 Hedera
863 2463 899 2497 te
920 2459 1082 2498 coronis

671 2525 815 2565 Hasta
837 2526 990 2565 viridis
1010 2534 1029 2563 g
1037 2532 1183 2575 armet,

671 2591 872 2631 Placidus
892 2591 989 2632 ades
1009 2592 1064 2632 ad
1083 2607 1184 2633 aras

672 2659 831 2699 Bacche
852 2660 1011 2700 Bacche
1032 2660 1207 2700 Bacche.

385 2772 404 2792 a
421 2765 539 2802 Altilii
561 2767 606 2802 V.
699 2764 719 2792 b
741 2767 803 2802 De
823 2768 976 2802 carmine
996 2766 1411 2815 Sotadeojragmentum
1430 2780 1506 2804 oni.
1530 2768 1577 2804 V.
1662 2773 1677 2792 c
1695 2768 1779 2802 Pri-

329 2832 407 2855 mus
425 2821 598 2866 spondeus
618 2831 691 2855 om.
714 2820 760 2855 V.
782 2820 887 2856 Med.
1008 2817 1027 2845 d
1046 2820 1195 2867 subjeci]
1219 2820 1342 2866 subjici
1362 2822 1408 2858 V.
1531 2827 1547 2846 e
1566 2820 1778 2866 accrescere]

330 2874 532 2908 adcrescere
551 2873 596 2908 V.
619 2873 683 2921 qui
705 2885 789 2908 mox
809 2871 911 2909 addit
929 2873 1068 2920 syllaba
1089 2881 1174 2922 post
1192 2887 1277 2910 unct,
1444 2880 1478 2900 ee
1499 2875 1582 2909 acles
1602 2874 1638 2921 o]
1663 2886 1682 2908 o
1702 2886 1778 2910 om.

330 2925 420 2961 Ald.
442 2926 610 2961 Gramm.
631 2925 726 2962 Inst.
748 2939 783 2976 p.
806 2926 895 2974 385.
916 2926 973 2962 ed.
996 2936 1108 2974 1575.
1263 2925 1278 2952 f
1295 2927 1481 2973 Moenalie]
1508 2927 1663 2962 Moemzle
1683 2926 1779 2976 vulg.

332 2978 490 3026 Nyctilz'e
508 2978 594 3015 Ald.
704 2985 725 3013 g
744 2992 848 3016 arma
868 2979 918 3026 et]
944 2984 1059 3016 armet
1078 2979 1135 3018 M.
1151 2978 1330 3017 Victorin.
1352 2980 1403 3017 ΙΙ.
1423 2980 1456 3024 8,
1479 2991 1538 3028 19.
