1962 3355
107 197 212 228 CAP.
232 192 276 228 4.
336 182 466 232 Quot
491 200 546 229 ex
570 183 801 245 dactylico
825 182 963 228 heroo
987 189 1245 230 metrorum
1272 183 1356 244 850.
1465 193 1554 243 147

106 311 202 348 est:
241 304 406 357 tribus,
426 304 683 366 mquotiens
703 303 868 349 tertius
889 304 935 349 in
958 304 1234 350 hexametro
1252 304 1467 368 dactylus
1488 305 1556 351 in-

108 380 321 426 venitur:
359 380 541 427 duabus
561 398 683 437 vero,
698 379 916 442 quotiens
942 379 1191 444 spondeus
1229 380 1458 444 Optimus
1477 400 1559 428 au-
1574 407 1595 435 4

105 465 204 502 tem
225 465 309 511 est,
330 458 547 519 quotiens
573 456 698 502 nduo
717 455 998 502 novissimos
1020 464 1282 518 anapaestos
1304 457 1462 513 habet,
1477 457 1558 520 qui

106 533 228 578 fiunt
254 532 332 589 ita,
351 533 386 578 si
413 533 508 578 duo
534 541 641 578 ante
666 532 888 578 ultimum
919 532 1181 578 hexametri
1209 549 1367 579 versus
1386 533 1558 596 pedem

105 607 282 672 dactyli
309 618 432 667 sunt,
457 618 510 655 ut
534 618 606 655 est
628 609 723 665 ille,

106 684 253 731 Mars
265 691 411 747 pater
426 685 521 732 hcec
531 686 729 748 pateris,
746 702 847 748 quce
862 701 946 731 nos
965 701 1148 748 quoque
1159 701 1299 747 posse
1314 702 1560 749 negamus.

108 761 238 807 Huic
263 761 300 807 si
326 762 478 823 quarti
505 761 638 826 pedis
674 762 879 825 primam
906 761 1136 825 syllabam
1165 761 1382 807 detrahas
1409 771 1454 808 et
1479 779 1562 807 no-
1580 784 1596 817 5

105 836 282 882 vissimi
311 837 547 894 ultimam,
569 839 649 883 fiet
667 854 841 894 versus,
861 838 1190 886 claudentibus
1214 847 1350 885 ⁰eum
1377 856 1560 902 anapae-

105 913 204 969 stis,
229 914 349 971 talis,

172 989 316 1037 Mars
332 997 478 1053 pater
503 990 597 1037 haec
613 992 804 1054 pateris
826 1008 930 1054 quoe
953 1010 1134 1055 quoque
1150 1009 1290 1055 posse
1312 1009 1499 1056 negam.

107 1066 249 1123 Item,

240 1142 515 1188 Barbarico
533 1149 694 1205 postes
719 1160 839 1189 auro
863 1143 1121 1207 spoliisque
1144 1145 1350 1206 superbi.

107 1218 423 1275 pentameter,

172 1294 443 1340 Barbarico
461 1300 624 1356 postes
649 1311 741 1341 aar
763 1294 1020 1357 spoliisque
1043 1312 1200 1358 super.

106 1370 199 1417 Sed
237 1382 283 1417 et
322 1371 399 1417 ille
445 1371 722 1435 perspicuus
764 1381 1061 1435 pentameter
1100 1372 1353 1419 habebitur
1391 1390 1568 1429 verSUS,
1586 1386 1607 1419 6

106 1447 187 1509 qui
214 1456 322 1511 post
347 1447 465 1494 duos
501 1447 644 1511 pedes
676 1448 854 1512 primos
881 1448 1136 1511 semipede,
1161 1449 1243 1512 qui
1271 1457 1484 1512 superest
1510 1447 1568 1494 ad

104 1529 369 1587 πευθημιμερῆ
394 1533 572 1581 tomen,
589 1526 784 1571 verbum
811 1525 933 1580 finit,
954 1525 1080 1577 unde
1098 1525 1383 1589 pentametri
1408 1542 1568 1572 versus

105 1600 193 1646 erit
239 1600 394 1664 prima
436 1601 630 1666 speeies,
668 1620 773 1665 quae
814 1602 872 1648 de
921 1602 1183 1649 hexametri
1231 1620 1391 1649 versus
1440 1611 1569 1647 tome

107 1676 270 1739 (quam
309 1682 577 1741 πενθημιμερῆ
612 1678 841 1741 diximus)
884 1680 1126 1743 geminata
1162 1679 1428 1733 conficitur,
1464 1695 1569 1740 quae

106 1762 221 1800 tunc
259 1754 507 1818 contingit,
545 1756 581 1801 si
615 1755 893 1802 hexameter
927 1756 1052 1802 Pduo
1083 1755 1296 1818 dactylos
1335 1754 1568 1809 habuerit,

106 1837 190 1876 qut
213 1840 343 1893 puta,

437 1906 640 1954 Primus
664 1906 1023 1953 Erichthonius.

108 1982 166 2028 In
193 1982 282 2028 hac
307 1982 433 2028 enim
469 1982 704 2029 rclausula
738 1983 868 2028 heroi
903 1982 1165 2029 hexametri
1203 1981 1417 2045 dactylos
1449 1979 1567 2026 duos
1589 2000 1605 2032 7

107 2077 209 2105 esse
245 2067 292 2104 et
330 2058 622 2122 semipedem
657 2076 847 2105 necesse
877 2068 962 2116 est,
986 2060 1066 2121 qui
1102 2058 1287 2121 repetiti
1322 2065 1570 2120 pentame-

107 2144 232 2181 trum
254 2135 532 2198 elegiacum,
552 2135 702 2197 Squod
730 2136 1007 2182 hexametro
1027 2135 1276 2197 subjicitur
1301 2134 1347 2179 in
1375 2151 1570 2197 poema-

107 2211 182 2268 tis,
207 2211 431 2257 efficiunt.
496 2211 554 2258 In
580 2211 752 2274 quibus
789 2213 933 2258 etiam
969 2212 1084 2258 ordo
1108 2213 1444 2275 tpraeposterus
1481 2227 1568 2255 nec

107 2296 260 2334 metro
285 2305 372 2334 nec
399 2288 644 2334 sententiae
670 2289 835 2343 oberit,
862 2289 1054 2347 vveluti,

240 2363 390 2411 Bella
408 2382 500 2428 per
525 2365 795 2423 Emathios,
819 2365 970 2412 Musa
994 2371 1227 2422 wmoneto,
1254 2381 1386 2411 cano.

107 2439 318 2497 Dehinc,

241 2516 393 2563 Musa
417 2524 616 2574 moneto,
641 2534 771 2575 cano,
796 2517 940 2564 Bella
957 2534 1048 2579 per
1072 2517 1339 2563 Emathios.

111 2592 178 2639 Hi
204 2592 342 2656 primi
369 2592 512 2656 pedes
539 2611 687 2655 usque
713 2594 770 2640 ad
794 2603 956 2640 tomen
983 2594 1029 2640 in
1051 2593 1201 2657 elegio
1227 2610 1362 2639 versu
1382 2589 1568 2647 κινητικοὶ
1587 2610 1605 2639 8

108 2677 352 2726 vocantur,
377 2669 502 2732 quod
530 2688 608 2716 eos
638 2670 886 2717 transferre
921 2671 967 2716 in
1003 2670 1260 2717 secundam
1288 2667 1566 2723 clausulam,

162 2785 193 2804 ¹¹¹
213 2778 402 2827 quotiens]
422 2780 594 2828 quotiens
615 2780 743 2817 tertius
764 2782 804 2817 P.
957 2789 975 2807 ¹¹
997 2780 1108 2826 duos]
1132 2780 1205 2816 duo
1227 2780 1268 2816 P.
1419 2784 1437 2803 0
1457 2777 1562 2823 cum]

107 2843 192 2867 eum
214 2832 255 2867 P.
392 2840 412 2867 P
431 2833 542 2880 duos]
566 2834 638 2870 duo
659 2835 700 2870 P.
839 2841 859 2869 q
880 2835 1026 2883 utpote]
1050 2842 1184 2882 utputa
1206 2833 1249 2869 P.
1387 2838 1401 2856 r
1421 2829 1560 2875 clausa]

108 2884 272 2921 clausula
291 2886 332 2922 P.
444 2893 459 2912 ⁵
480 2887 562 2935 qui]
586 2887 684 2936 quod
705 2888 744 2923 P.
896 2887 910 2913 t
930 2887 1194 2936 praeposterus]
1219 2891 1504 2935 praeposteratur
1523 2882 1565 2917 P.

108 2936 166 2974 ed.
183 2938 288 2974 Cam.
399 2946 416 2965 V
435 2939 553 2988 velut]
575 2940 684 2977 veluti
708 2941 746 2976 Ρ.
857 2947 885 2965 W
907 2942 1078 2988 moneto]
1101 2946 1278 2975 monente
1298 2938 1336 2972 P.
1358 2944 1395 2972 et
1413 2935 1525 2972 infra.

769 3004 856 3039 U2
