1962 3355
350 196 439 232 104
853 182 1015 230 Marii
1043 180 1293 228 Victorini
1626 195 1722 226 LlB.
1748 194 1802 225 11.

344 307 532 353 niacum
572 306 851 370 appellatur,
889 313 936 351 et
975 313 1061 360 est,
1091 313 1144 349 ut
1183 320 1337 366 supra,
1368 302 1638 348 trimetrum
1679 309 1803 346 cata-

345 383 567 430 lecticum
606 383 652 428 in
691 383 896 445 syllaba:
933 398 1094 426 verum
1129 397 1184 426 eo
1209 379 1366 435 distat,
1388 377 1513 441 quod
1552 377 1802 441 anapaestis

344 459 720 524 praecedentibus
758 467 805 504 et
848 457 1067 521 spondeis
1115 456 1422 519 sequentibus
1473 455 1616 500 habet
1655 453 1801 498 factas

288 561 326 591 25
347 537 718 599 conjugationes,
745 543 791 580 et
814 543 1102 597 postremam
1131 532 1359 595 syllabam
1389 532 1595 576 brevem.
1664 528 1800 575 Idem

345 622 392 659 et
417 614 707 659 embaterion
727 611 913 666 dicitur,
940 610 1065 673 quod
1100 618 1170 655 est
1208 607 1453 672 proprium
1487 624 1674 653 carmen
1711 605 1804 651 La-

345 690 760 736 cedaemoniorum.
831 686 886 732 Id
922 686 966 731 in
1001 685 1173 749 praeliis
1200 685 1255 731 ad
1283 684 1576 730 incentivum
1603 681 1803 728 Pvirium

345 784 429 829 per
462 765 601 811 tibias
639 772 831 819 canunt,
861 762 1163 808 ‘lincedentes
1198 760 1255 806 ad
1292 759 1478 822 pedem,
1505 768 1612 805 ante
1647 758 1802 822 ipsum

347 858 519 904 pugnae
543 839 777 893 rinitium‚
803 837 930 899 quod
957 846 1025 882 est
1051 837 1159 892 tale,

416 917 625 978 Superat
648 921 828 961 montes
847 919 991 975 pater
1016 912 1206 969 5Ιιῖίεοε,
1230 927 1584 974 nemorumque.

289 1008 328 1039 26
347 991 634 1056 Anapaestici
663 999 818 1036 autem
846 1006 1023 1045 versus,
1049 988 1130 1050 qui
1165 1005 1221 1033 ex
1254 987 1465 1052 spondeo
1490 996 1536 1033 et
1566 996 1806 1050 anapaesto

347 1078 394 1115 ct
423 1067 629 1130 dactylo,
655 1076 700 1111 et
736 1082 921 1110 rursum
963 1063 1174 1127 spondeo
1206 1072 1253 1109 et
1284 1072 1521 1127 anapaesto
1546 1072 1594 1109 et
1625 1063 1807 1126 syllaba

348 1153 698 1208 conponuntur,
723 1149 833 1187 sunt
862 1139 1054 1203 quidem
1093 1140 1385 1202 proceritatis
1422 1139 1645 1186 trimetrae
1683 1147 1807 1184 cata-

349 1221 554 1267 lecticae:

416 1298 527 1344 Pan
552 1295 782 1342 ,Maenalio
808 1295 1019 1341 carmine
1043 1293 1296 1357 Affymplzas
1317 1298 1644 1355 properantes.

292 1374 527 1423 27Vcrum
557 1372 633 1418 hie
664 1388 823 1416 versus
858 1370 1002 1416 currit
1037 1369 1192 1415 ionico
1226 1369 1407 1431 majori,
1436 1377 1483 1414 et
1520 1370 1627 1432 tpar
1648 1367 1687 1413 ei
1723 1376 1808 1423 est,

350 1451 428 1514 qui
458 1449 676 1495 Sotadius
703 1448 888 1501 dicitur,
914 1457 961 1493 et
985 1456 1068 1504 est,

415 1527 548 1573 νΙίίιε
571 1531 801 1587 rumpunt
825 1531 1013 1570 teneras
1038 1522 1232 1587 zwg'feme
1255 1538 1410 1568 comas
1435 1521 1581 1584 lagei.

350 1605 526 1649 Purum
554 1620 662 1648 vero
688 1601 1023 1664 atiapaesticum
1050 1599 1144 1645 tale
1169 1607 1254 1655 est,

352 1681 495 1726 Nitet
520 1695 670 1725 (nerea
692 1694 945 1740 purpureae
976 1675 1181 1722 Veneris
1207 1691 1339 1720 coma
1363 1673 1567 1728 roscida,
1590 1671 1745 1718 lactea
1770 1672 1939 1718 cervix.

295 1770 333 1800 28
353 1755 495 1809 Quod
537 1764 607 1800 est
653 1763 981 1800 tetrametrum
1022 1751 1369 1798 catalecticum.
1440 1749 1529 1794 Cui
1574 1748 1714 1793 etiam
1764 1748 1809 1794 id

352 1832 480 1895 quod
517 1849 575 1877 ex
613 1831 837 1876 omnibus
875 1827 1306 1892 proceleusmaticis
1345 1835 1543 1880 constat,
1581 1824 1811 1887 unando

353 1907 650 1955 uniformitas
676 1906 890 1952 omnium
924 1904 1136 1950 brevium
1164 1912 1371 1949 metrum
1396 1902 1549 1948 facere
1585 1918 1679 1946 non
1717 1900 1812 1946 suf-

354 1986 468 2041 ficit,
493 1984 809 2031 adscribetur:
843 1991 897 2026 ut
921 1990 1007 2037 est,

488 2062 673 2107 Nemus
698 2076 784 2106 ace
807 2059 1016 2114 reticuit,
1042 2075 1163 2121 ager
1185 2056 1399 2102 xlzomine
1422 2061 1573 2101 sonat.

298 2162 336 2193 29
354 2139 507 2200 Leges
533 2145 685 2182 cetera
709 2135 850 2180 etiam
880 2143 1193 2189 monometra,
1220 2131 1265 2177 id
1296 2141 1380 2187 cst,
1410 2130 1599 2175 ultimas
1637 2137 1812 2173 metro-

354 2233 457 2261 rum
480 2212 746 2277 particUIaS,
773 2227 881 2272 quae
902 2218 1172 2273 propagatae
1197 2207 1434 2253 dimetron
1459 2222 1516 2250 ex
1543 2222 1590 2249 se
1615 2204 1811 2260 faciunt,

356 2292 477 2338 inter
506 2299 656 2336 metra
687 2287 941 2343 numerari,
972 2304 997 2331 e
1030 2286 1135 2348 quis
1165 2285 1401 2330 dimetron
1432 2281 1645 2345 profecto
1680 2297 1812 2326 com-

295 2395 338 2424 30
354 2368 562 2433 positum
607 2375 692 2411 est.
760 2363 886 2409 S'Hae
924 2363 1205 2426 plerumque
1246 2361 1295 2405 in
1333 2357 1577 2422 tragoediis
1617 2375 1697 2403 seu
1735 2375 1813 2403 co-

356 2443 547 2490 moediis
584 2440 833 2488 '‘concitati
866 2439 1009 2485 animi
1042 2438 1266 2491 motibus,
1294 2453 1411 2498 quos
1438 2435 1590 2481 Graeci
1616 2437 1720 2491 πάθη
1744 2433 1813 2479 di-

410 2589 427 2612 1‘
449 2582 582 2628 virum]
606 2579 737 2616 virium
759 2581 797 2615 P.
909 2585 929 2612 q
950 2576 1183 2624 incedentes]
1209 2574 1452 2611 incendentes
1473 2574 1513 2609 P.
1605 2581 1620 2600 r
1641 2570 1808 2619 initium]

358 2636 518 2673 initium.
539 2633 637 2683 quod
654 2641 711 2668 est
730 2632 802 2668 tale
824 2632 863 2668 P.
932 2637 947 2657 S
968 2631 1094 2676 ldeos]
1118 2629 1251 2665 Idaeos
1271 2629 1310 2663 P.
1367 2627 1382 2653 t
1398 2639 1481 2676 pars
1502 2624 1598 2672 ejus]
1623 2626 1750 2678 paneis
1772 2626 1811 2662 P.

357 2704 421 2740 par
449 2690 500 2725 eis
527 2696 595 2724 est.
623 2685 681 2722 ed.
712 2687 859 2721 Camer.
881 2684 944 2733 qui
970 2682 1128 2719 correxit
1152 2695 1234 2731 pars
1263 2684 1355 2731 ejus.
1502 2679 1631 2726 vlllae]
1661 2678 1745 2714 iliae
1771 2679 1812 2714 P.

358 2753 384 2771 w
405 2742 570 2792 quando]
594 2741 684 2789 qn—fii
704 2740 744 2775 P.
818 2745 838 2764 X
859 2736 1027 2783 homine]
1052 2736 1206 2772 homine
1228 2735 1269 2771 P.
1338 2741 1357 2768 y
1380 2732 1467 2779 Hae]
1493 2731 1545 2768 Hi
1566 2733 1606 2768 P.
1681 2738 1699 2758 Ζ
1719 2744 1811 2768 con-

355 2796 476 2843 citati]
502 2802 587 2832 sunt
607 2791 784 2831 concitati
805 2792 844 2828 P.

682 2922 739 2959 25.
761 2912 808 2946 acl
829 2911 1039 2946 incentivum
1061 2909 1191 2943 virium
1212 2915 1282 2943 etc.
1315 2905 1489 2942 COMM.
