1962 3355
351 209 439 249 158
854 197 1012 245 Marii
1039 196 1285 244 Victorini
1595 210 1691 240 ΜΒ.
1717 210 1791 240 111.

345 321 498 369 Graeci
524 328 795 374 sanxerunt,
820 336 880 364 ne
914 336 1019 382 pars
1044 317 1282 371 orationis,
1309 324 1390 362 aut
1415 332 1569 360 sermo
1595 315 1792 377 integer,

343 398 442 444 ullo
487 397 616 444 verbi
663 394 861 441 discidio
907 393 1250 440 interveniente
1297 391 1636 453 sejungeretur,
1671 399 1793 436 tam-

343 491 503 537 quam,

541 548 686 594 Forte
709 546 795 592 sub
816 551 996 607 arguta
1022 543 1298 590 consederat

342 625 688 671 ktetrametrus.
758 620 995 682 Sequitur,

540 699 648 745 ilice
673 696 916 759 Daphnis.

305 801 325 828 4
344 776 455 822 Hoc
480 791 666 821 comma
691 773 943 818 dimetrum
972 770 1159 832 epicum
1186 777 1540 833 nuncuparunt.
1610 770 1751 827 Item,

545 849 589 895 O
611 846 816 894 erudelis
840 846 988 891 Alexi
1011 843 1136 890 nihil
1157 862 1263 891 mea

342 926 528 981 dehinc,

541 999 770 1046 Carmina
796 1013 953 1043 curas.

341 1075 483 1123 Unde
513 1072 722 1135 intellegi
756 1072 894 1117 datur
929 1071 1198 1117 bucolicum
1237 1087 1427 1117 carmen
1465 1089 1544 1117 seu
1583 1080 1787 1119 metrum

339 1170 396 1198 ex
422 1149 680 1197 tetrametri
704 1165 863 1194 versus
889 1147 1189 1210 copulatione
1225 1147 1489 1193 subsistere.
1561 1147 1715 1211 Igitur
1740 1148 1788 1193 hi

339 1225 598 1274 tetrametri
626 1225 768 1270 heroo
806 1223 1081 1269 hexametro
1106 1224 1307 1269 subnexi
1334 1223 1502 1270 scitam
1529 1223 1786 1270 admodum

339 1302 542 1367 epodum
570 1300 858 1347 carminibus
883 1299 1078 1356 dabunt,
1102 1307 1153 1344 ut
1177 1299 1301 1362 apud
1330 1299 1603 1356 Horatium,

403 1378 497 1426 Nil
519 1376 865 1440 desperandam
888 1375 1097 1421 ¹Teucro
1122 1376 1241 1422 duce
1265 1382 1311 1422 et
1335 1376 1527 1438 auspice
1555 1375 1752 1422 Teucro.

337 1455 546 1509 Dehinc,

405 1531 578 1578 Certus
602 1529 727 1575 enim
747 1528 967 1590 promisit
989 1526 1180 1589 Apollo.

301 1624 318 1653 5
337 1609 493 1660 mQuae
509 1605 698 1667 dactylo
716 1603 834 1668 pede
851 1604 1007 1649 clausa
1023 1603 1378 1659 Alcmanicum,
1395 1602 1606 1666 spondeo
1627 1611 1786 1649 autem

337 1681 696 1729 Archilochium
737 1689 940 1725 metrum
979 1678 1167 1725 efficiet.
1240 1679 1373 1725 Huic
1410 1679 1446 1724 si
1488 1678 1605 1724 duos
1645 1677 1786 1741 pedes

338 1759 466 1806 heroi
499 1755 763 1803 hexametri
799 1755 1122 1818 praeposueris,
1149 1755 1276 1801 velut
1301 1756 1346 1801 in
1372 1755 1524 1800 medio
1548 1754 1677 1810 mihi,
1701 1753 1789 1800 erit

337 1853 396 1882 ex
421 1842 693 1882 tetrametro
719 1832 992 1877 hexameter
1017 1831 1138 1887 talis,

471 1911 529 1956 In.
553 1909 703 1956 medio
727 1907 845 1953 mihi
868 1913 1026 1953 certus
1052 1907 1175 1953 enim
1193 1906 1418 1968 promisit
1440 1905 1632 1967 Apollo.

338 1988 406 2033 Hi
432 1985 690 2032 tetrametri
716 1983 904 2047 tragicis
935 1982 1089 2029 choris
1116 2000 1141 2028 a
1176 1982 1415 2045 plerisque
1441 1982 1716 2038 miscentur,
1741 1990 1789 2028 et

337 2063 598 2109 continuati
646 2076 989 2121 nonnunquam
1032 2059 1230 2105 nchoros
1269 2058 1526 2120 explicant,
1570 2067 1622 2104 ut
1662 2057 1786 2121 apud

338 2138 654 2202 Pomponium
681 2135 956 2199 reperimus,

535 2212 755 2259 Pendeat
781 2228 837 2257 θα]
862 2210 1073 2256 humeris
1099 2209 1251 2256 dulcis
1276 2208 1450 2273 chelys,

537 2288 604 2334 Et
627 2304 848 2333 numeros
874 2287 982 2332 edat
1005 2287 1177 2343 varios,
1202 2285 1371 2350 quibus

536 2364 753 2410 Adsonet
777 2380 912 2409 omne
936 2363 1094 2410 virens
1120 2362 1217 2408 late
1241 2377 1421 2408 nemus.

299 2454 319 2486 6
342 2441 432 2487 His
457 2457 646 2502 quoque
672 2440 707 2485 si
736 2439 792 2485 ad
818 2439 1051 2485 extimum
1088 2438 1279 2500 adjicias
1315 2437 1449 2483 binos
1485 2435 1645 2500 pedes,
1669 2436 1787 2482 inte-

336 2533 470 2580 grum
500 2516 828 2560 hexametrum
853 2514 911 2559 de
937 2514 1104 2560 mutilo
1129 2513 1330 2560 efficies:
1367 2513 1458 2558 hoc
1485 2511 1643 2569 mod0,

405 2590 625 2637 Pendeat
650 2606 706 2635 ex
731 2589 942 2635 hameris
968 2588 1119 2634 duleis
1144 2588 1303 2651 chelys
1327 2594 1444 2650 apta
1470 2587 1666 2644 choreiS,

405 2667 472 2713 Et
495 2682 715 2713 numeros
741 2665 851 2711 edat
874 2664 1047 2717 varios,
1073 2663 1243 2726 quibus
1268 2680 1370 2709 ecce
1385 2663 1716 2726 propinquum

402 2743 621 2790 Adconet
646 2759 781 2789 omne
802 2741 963 2788 virens
990 2740 1085 2786 late
1110 2756 1288 2796 nemim,
1311 2755 1523 2802 arvaque
1530 2737 1700 2802 juxta.

389 2857 410 2884 k
431 2857 683 2904 tetrametrus]
708 2862 965 2892 tetrametrum
986 2854 1027 2888 P.
1163 2851 1174 2878 1
1193 2853 1339 2888 Teucro
1359 2851 1669 2897 duce—Teucro]
1693 2851 1786 2888 duce

334 2909 669 2948 Teucro-Teucri
689 2911 730 2946 P.
840 2914 871 2933 ¹¹¹
893 2907 1005 2954 Quae]
1030 2904 1092 2954 qui
1114 2906 1153 2942 P.
1265 2912 1283 2930 ¹³
1304 2905 1454 2952 choros]
1481 2905 1614 2940 chorus
1634 2905 1673 2940 P.
