<?xml version="1.0" encoding="UTF-8"?>
<!DOCTYPE html PUBLIC "-//W3C//DTD XHTML 1.0 Transitional//EN"
    "http://www.w3.org/TR/xhtml1/DTD/xhtml1-transitional.dtd">
<html xmlns="http://www.w3.org/1999/xhtml" xml:lang="en" lang="en">
 <head>
  <title>
</title>
<meta http-equiv="Content-Type" content="text/html;charset=utf-8" />
  <meta name='ocr-system' content='tesseract 3.04.00' />
  <meta name='ocr-capabilities' content='ocr_page ocr_carea ocr_par ocr_line ocrx_word'/>
</head>
<body>
  <div class='ocr_page' id='page_1' title='image "./scriptoreslatini00gaisuoft/scriptoreslatini00gaisuoft_0106.png"; bbox 0 0 1962 3355; ppageno 0'>
   <div class='ocr_carea' id='block_1_1' title="bbox 370 220 1817 270">
    <p class='ocr_par' dir='ltr' id='par_1_1' title="bbox 370 220 1817 270">
     <span class='ocr_line' id='line_1_1' title="bbox 370 220 1817 270; baseline 0.003 -5"><span class='ocrx_word' id='word_1_1' title='bbox 370 228 428 266; x_wconf 88' lang='lat'><em>88</em></span> <span class='ocrx_word' id='word_1_2' title='bbox 873 220 1033 267; x_wconf 77' lang='lat' dir='ltr'><em>Marii</em></span> <span class='ocrx_word' id='word_1_3' title='bbox 1065 221 1310 268; x_wconf 79' lang='lat' dir='ltr'><em>Victorini</em></span> <span class='ocrx_word' id='word_1_4' title='bbox 1662 239 1758 270; x_wconf 77' lang='lat' dir='ltr'><em>Lm.</em></span> <span class='ocrx_word' id='word_1_5' title='bbox 1785 240 1817 270; x_wconf 94' lang='lat'><em>1.</em></span> 
     </span>
    </p>
   </div>
   <div class='ocr_carea' id='block_1_2' title="bbox 367 340 1821 480">
    <p class='ocr_par' dir='ltr' id='par_1_2' title="bbox 367 340 1821 480">
     <span class='ocr_line' id='line_1_2' title="bbox 367 340 1821 407; baseline 0.003 -22"><span class='ocrx_word' id='word_1_6' title='bbox 367 340 648 387; x_wconf 79' lang='lat' dir='ltr'>Theocritus</span> <span class='ocrx_word' id='word_1_7' title='bbox 678 340 1000 404; x_wconf 86' lang='lat' dir='ltr'><em>Syracusanus</em></span> <span class='ocrx_word' id='word_1_8' title='bbox 1029 343 1261 399; x_wconf 89' lang='lat' dir='ltr'><em>observat,</em></span> <span class='ocrx_word' id='word_1_9' title='bbox 1286 344 1496 406; x_wconf 89' lang='lat' dir='ltr'><em>exceptis</em></span> <span class='ocrx_word' id='word_1_10' title='bbox 1533 344 1695 407; x_wconf 88' lang='lat' dir='ltr'><em>paucis</em></span> <span class='ocrx_word' id='word_1_11' title='bbox 1722 361 1821 390; x_wconf 88' lang='lat' dir='ltr'><em>ver-</em></span> 
     </span>
     <span class='ocr_line' id='line_1_3' title="bbox 368 415 1378 480; baseline 0.002 -19"><span class='ocrx_word' id='word_1_12' title='bbox 368 415 526 462; x_wconf 88' lang='lat' dir='ltr'><em>siculis</em></span> <span class='ocrx_word' id='word_1_13' title='bbox 552 415 611 462; x_wconf 89' lang='lat' dir='ltr'><em>de</em></span> <span class='ocrx_word' id='word_1_14' title='bbox 635 417 806 478; x_wconf 91' lang='lat' dir='ltr'><em>quibus</em></span> <span class='ocrx_word' id='word_1_15' title='bbox 832 417 880 462; x_wconf 92' lang='lat' dir='ltr'><em>in</em></span> <span class='ocrx_word' id='word_1_16' title='bbox 905 434 1126 480; x_wconf 91' lang='lat' dir='ltr'><em>processu</em></span> <span class='ocrx_word' id='word_1_17' title='bbox 1152 416 1378 463; x_wconf 83' lang='lat' dir='ltr'><strong>dicemus.</strong></span> 
     </span>
    </p>
   </div>
   <div class='ocr_carea' id='block_1_3' title="bbox 408 546 1774 601">
    <p class='ocr_par' dir='ltr' id='par_1_3' title="bbox 408 546 1774 601">
     <span class='ocr_line' id='line_1_4' title="bbox 408 546 1774 601; baseline 0.003 -4"><span class='ocrx_word' id='word_1_18' title='bbox 408 546 542 597; x_wconf 84' lang='lat' dir='ltr'><em>CAP.</em></span> <span class='ocrx_word' id='word_1_19' title='bbox 573 546 692 598; x_wconf 92' lang='lat' dir='ltr'><em>XX.</em></span> <span class='ocrx_word' id='word_1_20' title='bbox 748 549 833 599; x_wconf 87' lang='lat' dir='ltr'><em>De</em></span> <span class='ocrx_word' id='word_1_21' title='bbox 858 564 1113 598; x_wconf 74' lang='lat' dir='ltr'><em>concursu</em></span> <span class='ocrx_word' id='word_1_22' title='bbox 1140 556 1190 599; x_wconf 80' lang='lat' dir='ltr'><em>et</em></span> <span class='ocrx_word' id='word_1_23' title='bbox 1215 548 1476 599; x_wconf 73' lang='lat' dir='ltr'><em>collisione</em></span> <span class='ocrx_word' id='word_1_24' title='bbox 1503 549 1774 601; x_wconf 78' lang='lat' dir='ltr'><em>vocalium.</em></span> 
     </span>
    </p>
   </div>
   <div class='ocr_carea' id='block_1_4' title="bbox 329 644 1820 1163">
    <p class='ocr_par' dir='ltr' id='par_1_4' title="bbox 365 644 1820 858">
     <span class='ocr_line' id='line_1_5' title="bbox 432 644 1817 708; baseline 0.001 -17"><span class='ocrx_word' id='word_1_25' title='bbox 432 645 739 691; x_wconf 87' lang='lat' dir='ltr'><em>Observanda</em></span> <span class='ocrx_word' id='word_1_26' title='bbox 765 645 1001 708; x_wconf 82' lang='lat' dir='ltr'><em>praecipue</em></span> <span class='ocrx_word' id='word_1_27' title='bbox 1027 644 1073 690; x_wconf 91' lang='lat' dir='ltr'><em>in</em></span> <span class='ocrx_word' id='word_1_28' title='bbox 1101 645 1261 690; x_wconf 86' lang='lat' dir='ltr'><em>metris</em></span> <span class='ocrx_word' id='word_1_29' title='bbox 1299 645 1556 691; x_wconf 90' lang='lat' dir='ltr'><em>litterarum</em></span> <span class='ocrx_word' id='word_1_30' title='bbox 1584 647 1817 693; x_wconf 87' lang='lat' dir='ltr'><em>vocalium</em></span> 
     </span>
     <span class='ocr_line' id='line_1_6' title="bbox 368 719 1820 784; baseline 0.001 -18"><span class='ocrx_word' id='word_1_31' title='bbox 368 721 487 767; x_wconf 87' lang='lat' dir='ltr'><em>inter</em></span> <span class='ocrx_word' id='word_1_32' title='bbox 518 738 565 766; x_wconf 89' lang='lat' dir='ltr'><em>se</em></span> <span class='ocrx_word' id='word_1_33' title='bbox 594 720 789 776; x_wconf 83' lang='lat' dir='ltr'><em>collisio,</em></span> <span class='ocrx_word' id='word_1_34' title='bbox 814 737 918 781; x_wconf 86' lang='lat' dir='ltr'><em>quae</em></span> <span class='ocrx_word' id='word_1_35' title='bbox 955 719 1181 766; x_wconf 80' lang='lat' dir='ltr'><em>trifariam</em></span> <span class='ocrx_word' id='word_1_36' title='bbox 1209 721 1380 777; x_wconf 81' lang='lat' dir='ltr'><em>evenit,</em></span> <span class='ocrx_word' id='word_1_37' title='bbox 1405 720 1449 766; x_wconf 92' lang='lat' dir='ltr'><em>id</em></span> <span class='ocrx_word' id='word_1_38' title='bbox 1476 730 1560 778; x_wconf 91' lang='lat' dir='ltr'><em>est,</em></span> <span class='ocrx_word' id='word_1_39' title='bbox 1585 739 1667 784; x_wconf 92' lang='lat' dir='ltr'><em>per</em></span> <span class='ocrx_word' id='word_1_40' title='bbox 1698 730 1820 768; x_wconf 74' lang='grc' dir='ltr'>Υσυν-</span> 
     </span>
     <span class='ocr_line' id='line_1_7' title="bbox 365 795 1820 858; baseline 0.001 -16"><span class='ocrx_word' id='word_1_41' title='bbox 365 797 550 855; x_wconf 65' lang='grc' dir='ltr'><em>αλοιφῆν,</em></span> <span class='ocrx_word' id='word_1_42' title='bbox 571 795 761 849; x_wconf 65' lang='grc' dir='ltr'><em>ἔκθλιψιν,</em></span> <span class='ocrx_word' id='word_1_43' title='bbox 782 795 1087 855; x_wconf 79' lang='grc' dir='ltr'>συνεκφῶνησιν,</span> <span class='ocrx_word' id='word_1_44' title='bbox 1105 796 1174 842; x_wconf 83' lang='grc' dir='ltr'><em>νθῙ</em></span> <span class='ocrx_word' id='word_1_45' title='bbox 1199 796 1459 855; x_wconf 71' lang='lat' dir='ltr'><em>zovvalpemv,</em></span> <span class='ocrx_word' id='word_1_46' title='bbox 1478 813 1679 858; x_wconf 78' lang='lat' dir='ltr'><em>quarum</em></span> <span class='ocrx_word' id='word_1_47' title='bbox 1698 797 1820 843; x_wconf 83' lang='lat' dir='ltr'><em>inter</em></span> 
     </span>
    </p>

    <p class='ocr_par' dir='ltr' id='par_1_5' title="bbox 329 870 1820 1163">
     <span class='ocr_line' id='line_1_8' title="bbox 329 870 1820 930; baseline 0 -12"><span class='ocrx_word' id='word_1_48' title='bbox 329 904 345 925; x_wconf 77' lang='lat'><strong>2</strong></span> <span class='ocrx_word' id='word_1_49' title='bbox 367 890 415 918; x_wconf 88' lang='lat' dir='ltr'><em>se</em></span> <span class='ocrx_word' id='word_1_50' title='bbox 443 871 703 917; x_wconf 87' lang='lat' dir='ltr'><em>differentia</em></span> <span class='ocrx_word' id='word_1_51' title='bbox 734 870 840 916; x_wconf 88' lang='lat' dir='ltr'><em>talis</em></span> <span class='ocrx_word' id='word_1_52' title='bbox 873 880 958 917; x_wconf 90' lang='lat' dir='ltr'><em>est.</em></span> <span class='ocrx_word' id='word_1_53' title='bbox 1027 872 1158 917; x_wconf 87' lang='lat' dir='ltr'><em>Nam</em></span> <span class='ocrx_word' id='word_1_54' title='bbox 1193 873 1415 930; x_wconf 64' lang='grc' dir='ltr'>συναλοιφὴ</span> <span class='ocrx_word' id='word_1_55' title='bbox 1434 881 1518 929; x_wconf 90' lang='lat' dir='ltr'><em>est,</em></span> <span class='ocrx_word' id='word_1_56' title='bbox 1551 889 1657 918; x_wconf 90' lang='lat' dir='ltr'><em>cum</em></span> <span class='ocrx_word' id='word_1_57' title='bbox 1699 873 1820 918; x_wconf 90' lang='lat' dir='ltr'><em>inter</em></span> 
     </span>
     <span class='ocr_line' id='line_1_9' title="bbox 364 946 1820 1009; baseline 0.001 -16"><span class='ocrx_word' id='word_1_58' title='bbox 364 947 480 993; x_wconf 91' lang='lat' dir='ltr'><em>duas</em></span> <span class='ocrx_word' id='word_1_59' title='bbox 502 946 712 1009; x_wconf 88' lang='lat' dir='ltr'><em>loquelas</em></span> <span class='ocrx_word' id='word_1_60' title='bbox 737 946 934 992; x_wconf 87' lang='lat' dir='ltr'><em>duarum</em></span> <span class='ocrx_word' id='word_1_61' title='bbox 963 947 1198 994; x_wconf 85' lang='lat' dir='ltr'><em>vocalium</em></span> <span class='ocrx_word' id='word_1_62' title='bbox 1225 965 1481 994; x_wconf 85' lang='lat' dir='ltr'><em>concursus</em></span> <span class='ocrx_word' id='word_1_63' title='bbox 1516 949 1711 995; x_wconf 90' lang='lat' dir='ltr'><em>alteram</em></span> <span class='ocrx_word' id='word_1_64' title='bbox 1736 950 1820 995; x_wconf 89' lang='lat' dir='ltr'><em>eli-</em></span> 
     </span>
     <span class='ocr_line' id='line_1_10' title="bbox 363 1021 1819 1085; baseline 0.001 -17"><span class='ocrx_word' id='word_1_65' title='bbox 363 1022 457 1069; x_wconf 87' lang='lat' dir='ltr'><em>dit:</em></span> <span class='ocrx_word' id='word_1_66' title='bbox 495 1022 540 1068; x_wconf 87' lang='lat' dir='ltr'><em>id</em></span> <span class='ocrx_word' id='word_1_67' title='bbox 567 1031 652 1078; x_wconf 93' lang='lat' dir='ltr'><em>est,</em></span> <span class='ocrx_word' id='word_1_68' title='bbox 679 1039 788 1068; x_wconf 90' lang='lat' dir='ltr'><em>cum</em></span> <span class='ocrx_word' id='word_1_69' title='bbox 815 1021 920 1067; x_wconf 84' lang='lat' dir='ltr'><em>duae</em></span> <span class='ocrx_word' id='word_1_70' title='bbox 945 1032 1098 1085; x_wconf 90' lang='lat' dir='ltr'><em>partes</em></span> <span class='ocrx_word' id='word_1_71' title='bbox 1124 1023 1348 1068; x_wconf 89' lang='lat' dir='ltr'><em>orationis</em></span> <span class='ocrx_word' id='word_1_72' title='bbox 1369 1024 1435 1071; x_wconf 86' lang='lat' dir='ltr'><em>ita</em></span> <span class='ocrx_word' id='word_1_73' title='bbox 1461 1034 1646 1080; x_wconf 91' lang='lat' dir='ltr'><em>coeunt,</em></span> <span class='ocrx_word' id='word_1_74' title='bbox 1669 1033 1722 1070; x_wconf 91' lang='lat' dir='ltr'><em>ut</em></span> <span class='ocrx_word' id='word_1_75' title='bbox 1754 1025 1819 1070; x_wconf 90' lang='lat' dir='ltr'><em>al-</em></span> 
     </span>
     <span class='ocr_line' id='line_1_11' title="bbox 363 1098 1804 1163; baseline 0.001 -18"><span class='ocrx_word' id='word_1_76' title='bbox 363 1110 461 1146; x_wconf 88' lang='lat' dir='ltr'><em>tera</em></span> <span class='ocrx_word' id='word_1_77' title='bbox 486 1099 531 1145; x_wconf 88' lang='lat' dir='ltr'><em>in</em></span> <span class='ocrx_word' id='word_1_78' title='bbox 558 1099 770 1145; x_wconf 85' lang='lat' dir='ltr'><em>vocalem</em></span> <span class='ocrx_word' id='word_1_79' title='bbox 796 1098 994 1152; x_wconf 89' lang='lat' dir='ltr'><em>desinat,</em></span> <span class='ocrx_word' id='word_1_80' title='bbox 1013 1107 1060 1143; x_wconf 87' lang='lat' dir='ltr'><em>ct</em></span> <span class='ocrx_word' id='word_1_81' title='bbox 1085 1098 1229 1143; x_wconf 89' lang='lat' dir='ltr'><em>altera</em></span> <span class='ocrx_word' id='word_1_82' title='bbox 1255 1098 1452 1163; x_wconf 86' lang='lat' dir='ltr'><em>incipiat</em></span> <span class='ocrx_word' id='word_1_83' title='bbox 1477 1118 1502 1146; x_wconf 86' lang='lat' dir='ltr'><em>a</em></span> <span class='ocrx_word' id='word_1_84' title='bbox 1526 1100 1705 1146; x_wconf 90' lang='lat' dir='ltr'><em>vocali:</em></span> <span class='ocrx_word' id='word_1_85' title='bbox 1737 1109 1804 1158; x_wconf 89' lang='lat' dir='ltr'><em>ut,</em></span> 
     </span>
    </p>
   </div>
   <div class='ocr_carea' id='block_1_5' title="bbox 628 1185 1296 1232">
    <p class='ocr_par' dir='ltr' id='par_1_6' title="bbox 628 1185 1296 1232">
     <span class='ocr_line' id='line_1_12' title="bbox 628 1185 1296 1232; baseline 0 0"><span class='ocrx_word' id='word_1_86' title='bbox 628 1185 729 1232; x_wconf 89' lang='lat' dir='ltr'><em>Hic</em></span> <span class='ocrx_word' id='word_1_87' title='bbox 753 1186 895 1232; x_wconf 78' lang='lat' dir='ltr'><em>hasta</em></span> <span class='ocrx_word' id='word_1_88' title='bbox 919 1186 1098 1232; x_wconf 75' lang='lat' dir='ltr'><em>AEneae</em></span> <span class='ocrx_word' id='word_1_89' title='bbox 1122 1186 1296 1232; x_wconf 76' lang='lat' dir='ltr'><em>stabat.</em></span> 
     </span>
    </p>
   </div>
   <div class='ocr_carea' id='block_1_6' title="bbox 361 1253 1377 1380">
    <p class='ocr_par' dir='ltr' id='par_1_7' title="bbox 361 1253 1377 1380">
     <span class='ocr_line' id='line_1_13' title="bbox 361 1253 504 1307; baseline 0 -9"><span class='ocrx_word' id='word_1_90' title='bbox 361 1253 484 1298; x_wconf 83' lang='lat' dir='ltr'><em>Item</em></span> <span class='ocrx_word' id='word_1_91' title='bbox 493 1287 504 1307; x_wconf 89' lang='lat'>‚</span> 
     </span>
     <span class='ocr_line' id='line_1_14' title="bbox 625 1316 1377 1380; baseline -0.003 -17"><span class='ocrx_word' id='word_1_92' title='bbox 625 1316 913 1380; x_wconf 78' lang='lat' dir='ltr'><em>Priamique</em></span> <span class='ocrx_word' id='word_1_93' title='bbox 939 1322 1150 1362; x_wconf 79' lang='lat' dir='ltr'><em>evertere</em></span> <span class='ocrx_word' id='word_1_94' title='bbox 1171 1323 1377 1378; x_wconf 79' lang='lat' dir='ltr'><em>gentem.</em></span> 
     </span>
    </p>
   </div>
   <div class='ocr_carea' id='block_1_7' title="bbox 321 1403 1817 2531">
    <p class='ocr_par' dir='ltr' id='par_1_8' title="bbox 321 1403 1817 2531">
     <span class='ocr_line' id='line_1_15' title="bbox 323 1403 1816 1468; baseline -0.001 -18"><span class='ocrx_word' id='word_1_95' title='bbox 323 1435 342 1464; x_wconf 80' lang='lat'>3</span> <span class='ocrx_word' id='word_1_96' title='bbox 361 1405 467 1451; x_wconf 87' lang='lat' dir='ltr'><em>Nec</em></span> <span class='ocrx_word' id='word_1_97' title='bbox 492 1415 650 1450; x_wconf 86' lang='lat' dir='ltr'><em>tamen</em></span> <span class='ocrx_word' id='word_1_98' title='bbox 677 1404 912 1468; x_wconf 90' lang='lat' dir='ltr'><em>putaveris</em></span> <span class='ocrx_word' id='word_1_99' title='bbox 937 1403 1201 1465; x_wconf 87' lang='lat' dir='ltr'><em>quamlibet</em></span> <span class='ocrx_word' id='word_1_100' title='bbox 1226 1412 1278 1450; x_wconf 68' lang='lat' dir='ltr'><em>ae</em></span> <span class='ocrx_word' id='word_1_101' title='bbox 1297 1403 1478 1449; x_wconf 87' lang='lat' dir='ltr'><em>duabus</em></span> <span class='ocrx_word' id='word_1_102' title='bbox 1497 1403 1641 1449; x_wconf 83' lang='lat' dir='ltr'><em>eximi</em></span> <span class='ocrx_word' id='word_1_103' title='bbox 1665 1421 1816 1466; x_wconf 89' lang='lat' dir='ltr'><em>posse,</em></span> 
     </span>
     <span class='ocr_line' id='line_1_16' title="bbox 362 1481 1816 1545; baseline 0.001 -19"><span class='ocrx_word' id='word_1_104' title='bbox 362 1482 440 1527; x_wconf 92' lang='lat' dir='ltr'><em>illa</em></span> <span class='ocrx_word' id='word_1_105' title='bbox 475 1481 602 1526; x_wconf 90' lang='lat' dir='ltr'><em>enim</em></span> <span class='ocrx_word' id='word_1_106' title='bbox 637 1498 742 1543; x_wconf 82' lang='lat' dir='ltr'><em>quae</em></span> <span class='ocrx_word' id='word_1_107' title='bbox 779 1481 1061 1543; x_wconf 87' lang='lat' dir='ltr'><em>supervenit,</em></span> <span class='ocrx_word' id='word_1_108' title='bbox 1099 1482 1304 1544; x_wconf 86' lang='lat' dir='ltr'><em>priorem</em></span> <span class='ocrx_word' id='word_1_109' title='bbox 1342 1498 1527 1545; x_wconf 85' lang='lat' dir='ltr'><em>semper</em></span> <span class='ocrx_word' id='word_1_110' title='bbox 1561 1481 1816 1536; x_wconf 79' lang='lat' dir='ltr'><em>bexcludit,</em></span> 
     </span>
     <span class='ocr_line' id='line_1_17' title="bbox 324 1556 1817 1621; baseline 0 -18"><span class='ocrx_word' id='word_1_111' title='bbox 324 1594 344 1620; x_wconf 79' lang='lat'>4</span> <span class='ocrx_word' id='word_1_112' title='bbox 364 1575 455 1603; x_wconf 91' lang='lat' dir='ltr'><em>non</em></span> <span class='ocrx_word' id='word_1_113' title='bbox 499 1558 624 1621; x_wconf 90' lang='lat' dir='ltr'><em>prior</em></span> <span class='ocrx_word' id='word_1_114' title='bbox 662 1567 951 1619; x_wconf 88' lang='lat' dir='ltr'><em>sequentem.</em></span> <span class='ocrx_word' id='word_1_115' title='bbox 1004 1556 1221 1612; x_wconf 66' lang='grc' dir='ltr'>Ἕκθλιψις</span> <span class='ocrx_word' id='word_1_116' title='bbox 1246 1567 1403 1603; x_wconf 87' lang='lat' dir='ltr'><em>autem</em></span> <span class='ocrx_word' id='word_1_117' title='bbox 1430 1559 1503 1605; x_wconf 89' lang='lat' dir='ltr'><em>vel</em></span> <span class='ocrx_word' id='word_1_118' title='bbox 1539 1557 1716 1619; x_wconf 75' lang='grc' dir='ltr'>ἕκτριῲκ</span> <span class='ocrx_word' id='word_1_119' title='bbox 1747 1559 1817 1614; x_wconf 84' lang='lat' dir='ltr'><em>fit,</em></span> 
     </span>
     <span class='ocr_line' id='line_1_18' title="bbox 363 1633 1813 1695; baseline 0.001 -16"><span class='ocrx_word' id='word_1_120' title='bbox 363 1651 470 1679; x_wconf 92' lang='lat' dir='ltr'><em>cum</em></span> <span class='ocrx_word' id='word_1_121' title='bbox 497 1633 601 1679; x_wconf 87' lang='lat' dir='ltr'><em>duae</em></span> <span class='ocrx_word' id='word_1_122' title='bbox 635 1634 755 1680; x_wconf 89' lang='lat' dir='ltr'><em>inter</em></span> <span class='ocrx_word' id='word_1_123' title='bbox 779 1651 827 1679; x_wconf 88' lang='lat' dir='ltr'><em>se</em></span> <span class='ocrx_word' id='word_1_124' title='bbox 856 1633 1085 1679; x_wconf 88' lang='lat' dir='ltr'><em>dictiones</em></span> <span class='ocrx_word' id='word_1_125' title='bbox 1112 1633 1226 1678; x_wconf 90' lang='lat' dir='ltr'><em>dure</em></span> <span class='ocrx_word' id='word_1_126' title='bbox 1252 1643 1582 1679; x_wconf 85' lang='lat' dir='ltr'><em>concurrentes</em></span> <span class='ocrx_word' id='word_1_127' title='bbox 1608 1634 1813 1695; x_wconf 88' lang='lat' dir='ltr'><em>aliquam</em></span> 
     </span>
     <span class='ocr_line' id='line_1_19' title="bbox 360 1709 1816 1773; baseline 0.001 -19"><span class='ocrx_word' id='word_1_128' title='bbox 360 1710 576 1772; x_wconf 88' lang='lat' dir='ltr'><em>pluresve</em></span> <span class='ocrx_word' id='word_1_129' title='bbox 617 1710 850 1756; x_wconf 88' lang='lat' dir='ltr'><em>vocalium</em></span> <span class='ocrx_word' id='word_1_130' title='bbox 890 1726 997 1756; x_wconf 90' lang='lat' dir='ltr'><em>cum</em></span> <span class='ocrx_word' id='word_1_131' title='bbox 1035 1709 1314 1755; x_wconf 89' lang='lat' dir='ltr'><em>consonanti</em></span> <span class='ocrx_word' id='word_1_132' title='bbox 1352 1709 1631 1755; x_wconf 74' lang='lat' dir='ltr'><em>cdumtaxat</em></span> <span class='ocrx_word' id='word_1_133' title='bbox 1663 1710 1816 1773; x_wconf 86' lang='lat' dir='ltr'><em>expri-</em></span> 
     </span>
     <span class='ocr_line' id='line_1_20' title="bbox 363 1794 627 1842; baseline -0.004 -11"><span class='ocrx_word' id='word_1_134' title='bbox 363 1796 524 1831; x_wconf 90' lang='lat' dir='ltr'><em>munt:</em></span> <span class='ocrx_word' id='word_1_135' title='bbox 558 1794 627 1842; x_wconf 91' lang='lat' dir='ltr'><em>ut,</em></span> 
     </span>
     <span class='ocr_line' id='line_1_21' title="bbox 426 1860 1429 1924; baseline 0 -17"><span class='ocrx_word' id='word_1_136' title='bbox 426 1860 643 1907; x_wconf 72' lang='lat' dir='ltr'><em>Multum</em></span> <span class='ocrx_word' id='word_1_137' title='bbox 668 1860 751 1907; x_wconf 83' lang='lat' dir='ltr'><em>ille</em></span> <span class='ocrx_word' id='word_1_138' title='bbox 776 1866 821 1906; x_wconf 86' lang='lat' dir='ltr'><em>et</em></span> <span class='ocrx_word' id='word_1_139' title='bbox 846 1861 990 1907; x_wconf 77' lang='lat' dir='ltr'><em>terris</em></span> <span class='ocrx_word' id='word_1_140' title='bbox 999 1860 1223 1924; x_wconf 79' lang='lat' dir='ltr'><em>jactatus</em></span> <span class='ocrx_word' id='word_1_141' title='bbox 1248 1867 1293 1907; x_wconf 82' lang='lat' dir='ltr'><em>et</em></span> <span class='ocrx_word' id='word_1_142' title='bbox 1317 1860 1429 1907; x_wconf 82' lang='lat' dir='ltr'><em>alto.</em></span> 
     </span>
     <span class='ocr_line' id='line_1_22' title="bbox 360 1938 500 1994; baseline -0.007 -11"><span class='ocrx_word' id='word_1_143' title='bbox 360 1938 500 1994; x_wconf 85' lang='lat' dir='ltr'><em>Item,</em></span> 
     </span>
     <span class='ocr_line' id='line_1_23' title="bbox 424 2009 1812 2076; baseline -0.002 -17"><span class='ocrx_word' id='word_1_144' title='bbox 424 2013 444 2042; x_wconf 74' lang='lat' dir='ltr'><em>d</em></span> <span class='ocrx_word' id='word_1_145' title='bbox 460 2013 740 2060; x_wconf 74' lang='lat' dir='ltr'><em>Circamdat</em></span> <span class='ocrx_word' id='word_1_146' title='bbox 765 2013 1103 2076; x_wconf 73' lang='lat' dir='ltr'><em>necquicquam</em></span> <span class='ocrx_word' id='word_1_147' title='bbox 1123 2012 1334 2058; x_wconf 77' lang='lat' dir='ltr'><em>humeris</em></span> <span class='ocrx_word' id='word_1_148' title='bbox 1353 2019 1397 2058; x_wconf 84' lang='lat' dir='ltr'><em>et</em></span> <span class='ocrx_word' id='word_1_149' title='bbox 1415 2011 1587 2058; x_wconf 80' lang='lat' dir='ltr'><em>inutile</em></span> <span class='ocrx_word' id='word_1_150' title='bbox 1591 2009 1812 2075; x_wconf 67' lang='lat' dir='ltr'><em>serrum.</em></span> 
     </span>
     <span class='ocr_line' id='line_1_24' title="bbox 321 2087 1809 2153; baseline -0.003 -18"><span class='ocrx_word' id='word_1_151' title='bbox 321 2090 658 2153; x_wconf 72' lang='grc' dir='ltr'>5Συυεκφώνησις</span> <span class='ocrx_word' id='word_1_152' title='bbox 688 2106 811 2144; x_wconf 88' lang='lat' dir='ltr'><em>ver0,</em></span> <span class='ocrx_word' id='word_1_153' title='bbox 835 2105 942 2134; x_wconf 90' lang='lat' dir='ltr'><em>cum</em></span> <span class='ocrx_word' id='word_1_154' title='bbox 969 2088 1076 2134; x_wconf 83' lang='lat' dir='ltr'><em>duae</em></span> <span class='ocrx_word' id='word_1_155' title='bbox 1110 2088 1292 2134; x_wconf 86' lang='lat' dir='ltr'><em>vocales</em></span> <span class='ocrx_word' id='word_1_156' title='bbox 1326 2089 1371 2134; x_wconf 95' lang='lat' dir='ltr'><em>in</em></span> <span class='ocrx_word' id='word_1_157' title='bbox 1408 2105 1547 2133; x_wconf 88' lang='lat' dir='ltr'><em>unam</em></span> <span class='ocrx_word' id='word_1_158' title='bbox 1584 2087 1809 2149; x_wconf 86' lang='lat' dir='ltr'><em>syllabam</em></span> 
     </span>
     <span class='ocr_line' id='line_1_25' title="bbox 359 2161 1814 2227; baseline -0.001 -18"><span class='ocrx_word' id='word_1_159' title='bbox 359 2173 607 2227; x_wconf 81' lang='lat' dir='ltr'><em>coguntur,</em></span> <span class='ocrx_word' id='word_1_160' title='bbox 632 2181 737 2225; x_wconf 84' lang='lat' dir='ltr'><em>quae</em></span> <span class='ocrx_word' id='word_1_161' title='bbox 773 2172 971 2226; x_wconf 86' lang='lat' dir='ltr'><em>possunt</em></span> <span class='ocrx_word' id='word_1_162' title='bbox 1003 2162 1200 2208; x_wconf 87' lang='lat' dir='ltr'><em>duarum</em></span> <span class='ocrx_word' id='word_1_163' title='bbox 1236 2163 1523 2225; x_wconf 86' lang='lat' dir='ltr'><em>syllabarum</em></span> <span class='ocrx_word' id='word_1_164' title='bbox 1555 2162 1710 2207; x_wconf 91' lang='lat' dir='ltr'><em>locum</em></span> <span class='ocrx_word' id='word_1_165' title='bbox 1745 2161 1814 2207; x_wconf 93' lang='lat' dir='ltr'><em>di-</em></span> 
     </span>
     <span class='ocr_line' id='line_1_26' title="bbox 359 2238 1810 2301; baseline -0.002 -16"><span class='ocrx_word' id='word_1_166' title='bbox 359 2239 467 2286; x_wconf 77' lang='lat' dir='ltr'><em>visae</em></span> <span class='ocrx_word' id='word_1_167' title='bbox 487 2239 741 2301; x_wconf 88' lang='lat' dir='ltr'><em>complere,</em></span> <span class='ocrx_word' id='word_1_168' title='bbox 758 2239 913 2284; x_wconf 78' lang='lat' dir='ltr'><em>enulla</em></span> <span class='ocrx_word' id='word_1_169' title='bbox 931 2238 1181 2283; x_wconf 84' lang='lat' dir='ltr'><em>dumtaxat</em></span> <span class='ocrx_word' id='word_1_170' title='bbox 1201 2238 1475 2301; x_wconf 86' lang='lat' dir='ltr'><em>interposita</em></span> <span class='ocrx_word' id='word_1_171' title='bbox 1495 2246 1784 2283; x_wconf 88' lang='lat' dir='ltr'><em>consonante</em></span> <span class='ocrx_word' id='word_1_172' title='bbox 1802 2255 1810 2283; x_wconf 91' lang='lat'><strong>:</strong></span> 
     </span>
     <span class='ocr_line' id='line_1_27' title="bbox 359 2313 1813 2376; baseline -0.003 -15"><span class='ocrx_word' id='word_1_173' title='bbox 359 2332 469 2361; x_wconf 91' lang='lat' dir='ltr'><em>cum</em></span> <span class='ocrx_word' id='word_1_174' title='bbox 496 2314 765 2361; x_wconf 61' lang='grc' dir='ltr'><em>ξΡΙῑαθιῗΙιοη</em></span> <span class='ocrx_word' id='word_1_175' title='bbox 803 2315 848 2359; x_wconf 95' lang='lat' dir='ltr'><em>in</em></span> <span class='ocrx_word' id='word_1_176' title='bbox 888 2322 1039 2359; x_wconf 88' lang='lat' dir='ltr'><em>metro</em></span> <span class='ocrx_word' id='word_1_177' title='bbox 1078 2314 1144 2359; x_wconf 87' lang='lat' dir='ltr'><em>sic</em></span> <span class='ocrx_word' id='word_1_178' title='bbox 1176 2314 1466 2369; x_wconf 86' lang='lat' dir='ltr'><em>enuntiatur,</em></span> <span class='ocrx_word' id='word_1_179' title='bbox 1490 2322 1545 2359; x_wconf 91' lang='lat' dir='ltr'><em>ut</em></span> <span class='ocrx_word' id='word_1_180' title='bbox 1575 2330 1633 2359; x_wconf 87' lang='lat' dir='ltr'><em>ex</em></span> <span class='ocrx_word' id='word_1_181' title='bbox 1659 2313 1813 2376; x_wconf 83' lang='lat' dir='ltr'><em>trisyl-</em></span> 
     </span>
     <span class='ocr_line' id='line_1_28' title="bbox 358 2389 1337 2452; baseline -0.004 -14"><span class='ocrx_word' id='word_1_182' title='bbox 358 2393 467 2438; x_wconf 91' lang='lat' dir='ltr'><em>labo</em></span> <span class='ocrx_word' id='word_1_183' title='bbox 491 2391 685 2437; x_wconf 90' lang='lat' dir='ltr'><em>nomine</em></span> <span class='ocrx_word' id='word_1_184' title='bbox 710 2390 1024 2452; x_wconf 71' lang='lat' dir='ltr'><em>gdisyllabum</em></span> <span class='ocrx_word' id='word_1_185' title='bbox 1051 2389 1218 2435; x_wconf 87' lang='lat' dir='ltr'><em>faciat:</em></span> <span class='ocrx_word' id='word_1_186' title='bbox 1258 2390 1337 2446; x_wconf 88' lang='lat' dir='ltr'><em>ita,</em></span> 
     </span>
     <span class='ocr_line' id='line_1_29' title="bbox 494 2464 1670 2531; baseline -0.003 -17"><span class='ocrx_word' id='word_1_187' title='bbox 494 2466 616 2515; x_wconf 80' lang='lat' dir='ltr'><em>Cum</em></span> <span class='ocrx_word' id='word_1_188' title='bbox 641 2474 687 2514; x_wconf 83' lang='lat' dir='ltr'><em>te</em></span> <span class='ocrx_word' id='word_1_189' title='bbox 709 2465 983 2531; x_wconf 75' lang='lat' dir='ltr'><em>hflagranti</em></span> <span class='ocrx_word' id='word_1_190' title='bbox 1007 2465 1175 2530; x_wconf 74' lang='lat' dir='ltr'><em>dejecit</em></span> <span class='ocrx_word' id='word_1_191' title='bbox 1180 2465 1401 2530; x_wconf 72' lang='lat' dir='ltr'><em>fulmine</em></span> <span class='ocrx_word' id='word_1_192' title='bbox 1425 2464 1670 2511; x_wconf 66' lang='lat' dir='ltr'><em>Phaethon.</em></span> 
     </span>
    </p>
   </div>
   <div class='ocr_carea' id='block_1_8' title="bbox 356 2612 1811 2985">
    <p class='ocr_par' dir='ltr' id='par_1_9' title="bbox 356 2612 1811 2985">
     <span class='ocr_line' id='line_1_30' title="bbox 411 2612 1811 2665; baseline -0.005 -12"><span class='ocrx_word' id='word_1_193' title='bbox 411 2625 430 2652; x_wconf 74' lang='lat' dir='ltr'>Y</span> <span class='ocrx_word' id='word_1_194' title='bbox 446 2618 657 2665; x_wconf 73' lang='grc' dir='ltr'>συναλοιφὴν]</span> <span class='ocrx_word' id='word_1_195' title='bbox 679 2617 860 2664; x_wconf 78' lang='grc' dir='ltr'>συναλιφὴν</span> <span class='ocrx_word' id='word_1_196' title='bbox 881 2617 919 2651; x_wconf 93' lang='lat' dir='ltr'><em>P.</em></span> <span class='ocrx_word' id='word_1_197' title='bbox 941 2623 978 2651; x_wconf 84' lang='lat' dir='ltr'><em>et</em></span> <span class='ocrx_word' id='word_1_198' title='bbox 998 2614 1050 2650; x_wconf 80' lang='lat' dir='ltr'><em>Sic</em></span> <span class='ocrx_word' id='word_1_199' title='bbox 1072 2627 1171 2649; x_wconf 81' lang='lat' dir='ltr'><em>mox.</em></span> <span class='ocrx_word' id='word_1_200' title='bbox 1325 2620 1343 2639; x_wconf 78' lang='grc' dir='ltr'><strong><em>Ζ</em></strong></span> <span class='ocrx_word' id='word_1_201' title='bbox 1364 2613 1560 2660; x_wconf 65' lang='grc' dir='ltr'>συναίρειν-ιν]</span> <span class='ocrx_word' id='word_1_202' title='bbox 1585 2614 1750 2660; x_wconf 70' lang='grc' dir='ltr'>σιναίρισιι</span> <span class='ocrx_word' id='word_1_203' title='bbox 1772 2612 1811 2647; x_wconf 88' lang='grc' dir='ltr'><em>Ρ.</em></span> 
     </span>
     <span class='ocr_line' id='line_1_31' title="bbox 358 2665 1809 2716; baseline -0.004 -10"><span class='ocrx_word' id='word_1_204' title='bbox 358 2677 376 2696; x_wconf 85' lang='lat' dir='ltr'><em>a</em></span> <span class='ocrx_word' id='word_1_205' title='bbox 397 2682 416 2706; x_wconf 92' lang='grc' dir='ltr'>θ</span> <span class='ocrx_word' id='word_1_206' title='bbox 437 2670 596 2716; x_wconf 87' lang='lat' dir='ltr'><em>duabus]</em></span> <span class='ocrx_word' id='word_1_207' title='bbox 620 2670 762 2705; x_wconf 85' lang='lat' dir='ltr'><em>duabus</em></span> <span class='ocrx_word' id='word_1_208' title='bbox 781 2670 820 2705; x_wconf 88' lang='lat' dir='ltr'><em>P.</em></span> <span class='ocrx_word' id='word_1_209' title='bbox 967 2665 986 2693; x_wconf 91' lang='lat' dir='ltr'><em>b</em></span> <span class='ocrx_word' id='word_1_210' title='bbox 1007 2666 1185 2713; x_wconf 81' lang='lat' dir='ltr'><em>excludit]</em></span> <span class='ocrx_word' id='word_1_211' title='bbox 1207 2665 1379 2703; x_wconf 85' lang='lat' dir='ltr'><em>excludat</em></span> <span class='ocrx_word' id='word_1_212' title='bbox 1398 2666 1439 2701; x_wconf 89' lang='lat' dir='ltr'><em>P.</em></span> <span class='ocrx_word' id='word_1_213' title='bbox 1576 2671 1592 2691; x_wconf 80' lang='lat'><strong>⁰</strong></span> <span class='ocrx_word' id='word_1_214' title='bbox 1613 2665 1809 2711; x_wconf 81' lang='lat' dir='ltr'><em>duntaxat]</em></span> 
     </span>
     <span class='ocr_line' id='line_1_32' title="bbox 359 2717 1810 2768; baseline -0.005 -9"><span class='ocrx_word' id='word_1_215' title='bbox 359 2723 554 2760; x_wconf 85' lang='lat' dir='ltr'><em>dumtaxat</em></span> <span class='ocrx_word' id='word_1_216' title='bbox 573 2723 614 2759; x_wconf 91' lang='lat' dir='ltr'><em>P.</em></span> <span class='ocrx_word' id='word_1_217' title='bbox 756 2721 771 2744; x_wconf 74' lang='lat' dir='ltr'><em>d</em></span> <span class='ocrx_word' id='word_1_218' title='bbox 792 2720 996 2757; x_wconf 86' lang='lat' dir='ltr'><em>Circundat</em></span> <span class='ocrx_word' id='word_1_219' title='bbox 1016 2720 1260 2768; x_wconf 87' lang='lat' dir='ltr'><em>nequicquam</em></span> <span class='ocrx_word' id='word_1_220' title='bbox 1283 2718 1465 2764; x_wconf 81' lang='lat' dir='ltr'><em>humeris]</em></span> <span class='ocrx_word' id='word_1_221' title='bbox 1489 2717 1707 2753; x_wconf 84' lang='lat' dir='ltr'><em>Circumdat</em></span> <span class='ocrx_word' id='word_1_222' title='bbox 1726 2729 1810 2765; x_wconf 90' lang='lat' dir='ltr'><em>neq.</em></span> 
     </span>
     <span class='ocr_line' id='line_1_33' title="bbox 357 2769 1810 2825; baseline -0.005 -13"><span class='ocrx_word' id='word_1_223' title='bbox 357 2789 467 2825; x_wconf 86' lang='lat' dir='ltr'><em>quam</em></span> <span class='ocrx_word' id='word_1_224' title='bbox 489 2775 624 2811; x_wconf 87' lang='lat' dir='ltr'><em>umeris</em></span> <span class='ocrx_word' id='word_1_225' title='bbox 645 2774 688 2810; x_wconf 93' lang='lat' dir='ltr'><em>P.</em></span> <span class='ocrx_word' id='word_1_226' title='bbox 731 2775 823 2810; x_wconf 85' lang='lat' dir='ltr'><em>Mox</em></span> <span class='ocrx_word' id='word_1_227' title='bbox 844 2786 955 2823; x_wconf 85' lang='lat' dir='ltr'><em>supra</em></span> <span class='ocrx_word' id='word_1_228' title='bbox 973 2785 1056 2809; x_wconf 87' lang='lat' dir='ltr'><em>vero</em></span> <span class='ocrx_word' id='word_1_229' title='bbox 1076 2785 1155 2808; x_wconf 82' lang='lat' dir='ltr'><em>cum</em></span> <span class='ocrx_word' id='word_1_230' title='bbox 1177 2771 1314 2820; x_wconf 82' lang='lat' dir='ltr'><em>aliquid</em></span> <span class='ocrx_word' id='word_1_231' title='bbox 1327 2785 1348 2807; x_wconf 88' lang='lat' dir='ltr'><em>a</em></span> <span class='ocrx_word' id='word_1_232' title='bbox 1367 2783 1479 2807; x_wconf 87' lang='lat' dir='ltr'><em>manu</em></span> <span class='ocrx_word' id='word_1_233' title='bbox 1497 2769 1608 2806; x_wconf 90' lang='lat' dir='ltr'><em>veteri</em></span> <span class='ocrx_word' id='word_1_234' title='bbox 1630 2769 1810 2817; x_wconf 85' lang='lat' dir='ltr'><em>scriptum</em></span> 
     </span>
     <span class='ocr_line' id='line_1_34' title="bbox 357 2820 1810 2878; baseline -0.005 -13"><span class='ocrx_word' id='word_1_235' title='bbox 357 2837 424 2872; x_wconf 85' lang='lat' dir='ltr'><em>est,</em></span> <span class='ocrx_word' id='word_1_236' title='bbox 446 2828 546 2877; x_wconf 92' lang='lat' dir='ltr'><em>quod</em></span> <span class='ocrx_word' id='word_1_237' title='bbox 565 2828 687 2878; x_wconf 87' lang='lat' dir='ltr'><em>legere</em></span> <span class='ocrx_word' id='word_1_238' title='bbox 707 2839 863 2876; x_wconf 90' lang='lat' dir='ltr'><em>nequeo.</em></span> <span class='ocrx_word' id='word_1_239' title='bbox 935 2834 952 2854; x_wconf 86' lang='lat' dir='ltr'><em>e</em></span> <span class='ocrx_word' id='word_1_240' title='bbox 972 2825 1181 2871; x_wconf 83' lang='lat' dir='ltr'><em>dumtaxat]</em></span> <span class='ocrx_word' id='word_1_241' title='bbox 1205 2824 1306 2860; x_wconf 90' lang='lat' dir='ltr'><em>nulla</em></span> <span class='ocrx_word' id='word_1_242' title='bbox 1326 2824 1516 2860; x_wconf 83' lang='lat' dir='ltr'><em>dumtaxat</em></span> <span class='ocrx_word' id='word_1_243' title='bbox 1537 2823 1578 2858; x_wconf 91' lang='lat' dir='ltr'><em>P.</em></span> <span class='ocrx_word' id='word_1_244' title='bbox 1658 2820 1674 2848; x_wconf 87' lang='lat' dir='ltr'>f</span> <span class='ocrx_word' id='word_1_245' title='bbox 1690 2822 1810 2858; x_wconf 80' lang='lat' dir='ltr'><em>Phae-</em></span> 
     </span>
     <span class='ocr_line' id='line_1_35' title="bbox 357 2873 1810 2929; baseline -0.006 -11"><span class='ocrx_word' id='word_1_246' title='bbox 357 2882 467 2929; x_wconf 86' lang='lat' dir='ltr'><em>thon]</em></span> <span class='ocrx_word' id='word_1_247' title='bbox 493 2882 592 2918; x_wconf 86' lang='lat' dir='ltr'><em>Phae</em></span> <span class='ocrx_word' id='word_1_248' title='bbox 611 2882 653 2917; x_wconf 89' lang='lat' dir='ltr'><em>P.</em></span> <span class='ocrx_word' id='word_1_249' title='bbox 675 2880 731 2916; x_wconf 85' lang='lat' dir='ltr'><em>ed.</em></span> <span class='ocrx_word' id='word_1_250' title='bbox 754 2881 857 2916; x_wconf 77' lang='lat' dir='ltr'><em>Cam.</em></span> <span class='ocrx_word' id='word_1_251' title='bbox 1000 2885 1020 2913; x_wconf 85' lang='lat' dir='ltr'>g</span> <span class='ocrx_word' id='word_1_252' title='bbox 1039 2877 1284 2924; x_wconf 75' lang='lat' dir='ltr'><em>dissyllabon]</em></span> <span class='ocrx_word' id='word_1_253' title='bbox 1307 2876 1511 2925; x_wconf 84' lang='lat' dir='ltr'><em>disyllabun</em></span> <span class='ocrx_word' id='word_1_254' title='bbox 1532 2876 1576 2911; x_wconf 95' lang='lat' dir='ltr'><em>P.</em></span> <span class='ocrx_word' id='word_1_255' title='bbox 1703 2873 1725 2900; x_wconf 85' lang='lat' dir='ltr'>h</span> <span class='ocrx_word' id='word_1_256' title='bbox 1745 2874 1810 2910; x_wconf 83' lang='lat' dir='ltr'><em>fla-</em></span> 
     </span>
     <span class='ocr_line' id='line_1_36' title="bbox 356 2928 1612 2985; baseline -0.006 -14"><span class='ocrx_word' id='word_1_257' title='bbox 356 2933 691 2985; x_wconf 81' lang='lat' dir='ltr'><em>granti—fulmine</em></span> <span class='ocrx_word' id='word_1_258' title='bbox 712 2932 910 2978; x_wconf 75' lang='lat' dir='ltr'><em>Phaethon]</em></span> <span class='ocrx_word' id='word_1_259' title='bbox 936 2930 1362 2981; x_wconf 77' lang='lat' dir='ltr'><em>flagrantem—flumine</em></span> <span class='ocrx_word' id='word_1_260' title='bbox 1384 2929 1541 2965; x_wconf 66' lang='lat' dir='ltr'><em>Phaeton</em></span> <span class='ocrx_word' id='word_1_261' title='bbox 1569 2928 1612 2964; x_wconf 89' lang='lat' dir='ltr'><em>P.</em></span> 
     </span>
    </p>
   </div>
  </div>
 </body>
</html>
