1962 3355
169 191 273 222 CAP.
298 184 341 221 5.
730 175 812 220 De
835 174 1063 221 Pedibus.
1527 183 1620 232 427

168 296 257 341 sias
298 294 675 358 cognominatus.
758 294 925 341 Fidem
978 296 1116 357 hujus
1158 296 1463 342 enarrationis
1511 296 1659 342 facit7

166 372 507 435 Aristophanes
532 371 741 418 comicus
768 388 941 416 nomen
967 371 1066 433 ejus
1093 373 1269 418 cisthac
1293 372 1532 428 dictitans,

366 450 449 494 Καὶ
476 448 516 496 εἴ
532 470 595 501 τις
619 450 688 506 τὴν
711 447 900 510 πυρρίχην
923 448 1062 508 ’ἔμαθεν
1087 449 1289 503 Κινησίου.

165 526 312 588 Apud
345 526 491 571 Italos
527 543 636 571 vero
671 526 886 585 (nomen)
925 525 1025 587 ejus
1062 523 1313 579 Gradivus,
1339 540 1365 568 a
1394 521 1621 571 Bellonae,

168 600 214 646 id
241 611 311 646 cst
339 602 509 656 Ἐνυοῦς,
542 612 589 648 et
618 599 758 663 ’Ἄρεος
800 601 913 659 filio,
950 619 1092 663 quem
1130 598 1430 663 capripedem
1469 606 1621 660 poetae

167 679 370 740 fingunt,
397 678 523 740 quod
549 678 796 724 cacumina
824 678 1059 723 montium
1096 685 1142 722 et
1178 675 1386 721 difficilia
1425 674 1618 720 collium

165 754 402 800 concitato
427 772 564 800 cursu
590 771 744 817 caprae
769 753 927 800 dmore
957 761 1211 816 superaret,
1236 751 1454 813 quotiens
1479 759 1622 814 eprae-

166 829 346 876 datoria
377 830 478 877 vice
516 840 815 894 grassaretur,
841 830 1093 894 citipedem
1133 828 1262 874 hunc
1287 827 1495 873 fcursum
1531 826 1619 872 sibi

165 907 388 970 reperisse
424 907 763 954 testificantur:
807 925 902 969 quo
938 906 1132 952 nomine
1171 904 1410 949 bibrevem
1447 902 1619 966 pedem

165 991 457 1046 nuncupant.
528 985 681 1029 &Sunt
713 984 794 1046 qui
832 982 1163 1047 pyrrhichium
1191 980 1358 1026 Graeca
1393 979 1619 1043 interpre-

164 1059 342 1105 tatione
373 1058 874 1121 hcognominaverunt,
899 1058 1025 1120 quod
1063 1058 1215 1104 calore
1243 1056 1520 1112 velocitatis,
1548 1056 1620 1100 vel

164 1135 371 1198 tripudio
398 1136 689 1192 mobilitatis,
715 1136 870 1200 apices
896 1136 1194 1180 flammarum
1222 1133 1537 1179 aemularetur.

232 1213 364 1258 Huic
397 1213 655 1258 contrarius
695 1222 765 1257 est
803 1211 1054 1276 spondeus,
1080 1210 1160 1272 qui
1188 1218 1373 1255 constat
1409 1226 1467 1254 ex
1505 1207 1618 1254 dua·
1639 1223 1657 1251 8

166 1289 252 1333 bus
297 1288 447 1350 longis
489 1298 760 1351 temporum
804 1297 1042 1349 quattuor,
1079 1296 1132 1332 ut
1173 1287 1347 1332 Heros.
1425 1284 1621 1330 iDictus

161 1364 269 1427 παρὰ
303 1365 372 1420 τὴν
408 1365 583 1420 σπουδὴν,
619 1363 761 1426 kquia
801 1364 847 1409 in
887 1363 1078 1426 templis
1118 1363 1208 1408 hoc
1244 1361 1365 1425 pede
1402 1360 1620 1423 quaedam

162 1440 374 1486 carmina
420 1440 847 1503 componebantur,
884 1439 1064 1485 scilicet
1107 1446 1158 1484 ut
1202 1437 1403 1483 libantes
1451 1455 1619 1483 sonum

163 1628 267 1662 (liuns
298 1627 358 1673 Β.)
393 1628 533 1662 ordines
563 1631 597 1662 et
629 1628 735 1662 cinesi
766 1639 808 1661 ac
838 1627 947 1672 (cives
975 1639 1018 1662 ac
1053 1626 1114 1672 C.)
1145 1630 1196 1661 est
1226 1627 1440 1672 cognomina
1468 1626 1624 1661 minutus

164 1681 306 1716 A.B.C.
327 1681 421 1727 quod
444 1681 647 1727 tripudians
667 1685 700 1715 et
720 1696 750 1715 κ.
773 1683 881 1715 etiam
901 1693 930 1715 c.
952 1680 1047 1715 Ven.
1193 1685 1209 1705 c
1229 1678 1349 1714 isthoc
1370 1677 1514 1714 dictans
1535 1679 1623 1714 cha-

166 1740 305 1769 ractere
323 1735 468 1777 ἀκηνίαν,
491 1733 587 1782 apud
609 1733 725 1768 Italos
746 1745 829 1769 vero
850 1733 1033 1782 gradivum,
1055 1744 1076 1768 a
1094 1731 1246 1781 gradivo
1268 1730 1379 1779 ’Ἄρηος
1404 1732 1459 1766 καὶ
1487 1735 1580 1772 ἐνιοῧς
1600 1748 1620 1767 ι.

166 1785 300 1821 Martis
319 1793 356 1821 et
378 1786 544 1822 Bellonae
564 1785 639 1821 filio
661 1798 769 1834 quem
797 1798 841 1821 eo
866 1785 1026 1834 primum
1058 1785 1150 1834 pede
1182 1798 1285 1820 usum
1320 1785 1443 1819 Poetae
1475 1783 1623 1832 fingunt

166 1839 266 1887 quod
290 1838 484 1875 cacumina
514 1839 718 1885 montium]
751 1841 839 1873 istac
870 1840 1040 1874 dictitans
1068 1855 1124 1872 και
1147 1854 1173 1873 ει
1194 1853 1242 1878 τις
1260 1847 1330 1873 nref<
1356 1837 1621 1872 PYRRIChe»

166 1892 270 1928 NeM
301 1891 748 1928 ATHeNKINHCIAN
780 1893 937 1938 apitalos
971 1892 1085 1937 (apud
1108 1891 1221 1926 Italos
1242 1891 1305 1935 Bi)
1329 1902 1412 1926 vero
1432 1889 1508 1935 ejus
1531 1903 1620 1937 gra-

167 1948 233 1981 dus
253 1946 295 1980 ecl
317 1946 392 1991 <secl
414 1946 476 1992 B.)
501 1946 636 1980 bellone
657 1947 692 1980 id
713 1950 763 1980 est
779 1957 880 1979 ensus
905 1946 1021 1990 (euius
1037 1944 1194 1991 B.)fili.0
1215 1956 1315 1990 quem
1337 1945 1484 1990 caprino
1495 1945 1621 1990 pedem

170 2000 264 2045 (cum
285 2000 402 2045 primo
419 2000 509 2045 pede
528 1998 588 2043 B.)
611 1999 647 2032 in
671 2010 777 2033 unum
795 1999 1068 2045 poetaefingunt
1085 1998 1178 2044 quod
1198 2009 1274 2031 cum
1294 2010 1316 2031 α
1334 1998 1505 2032 montium
1525 1997 1619 2032 A.B.

167 2053 266 2099 apud
287 2052 401 2087 Italos
430 2054 475 2086 715
506 2050 580 2097 ejus
605 2052 741 2097 gradus
772 2063 790 2085 e
823 2051 964 2086 ballone
991 2052 1080 2085 idem
1111 2061 1213 2085 ensus
1229 2051 1314 2097 filio
1341 2062 1442 2097 quem
1474 2062 1515 2084 ea
1542 2052 1619 2096 pri-

167 2117 224 2140 mo
248 2106 374 2152 pedem
406 2107 442 2139 in
471 2116 580 2140 unum
608 2109 721 2151 poetoe
738 2104 889 2152 fingunt
919 2112 992 2139 etc.
1017 2104 1060 2138 C.
1091 2104 1180 2138 istac
1211 2104 1350 2138 dictans
1376 2103 1621 2138 characterem

168 2158 435 2194 Achenchz'nam
457 2159 555 2204 apud
579 2158 690 2193 Italos
709 2169 793 2192 vero
824 2156 899 2205 ejus
924 2158 1097 2203 gradivus
1117 2169 1140 2191 α
1162 2156 1308 2192 bellonoe
1335 2161 1369 2191 et
1395 2152 1482 2204 ἆρεος
1508 2157 1545 2191 id
1572 2162 1623 2191 est

167 2215 266 2252 ἐνυους
283 2212 392 2260 filio:
424 2223 527 2258 quem
548 2224 590 2246 ea
610 2212 730 2257 primo
755 2212 846 2257 pede
871 2212 907 2245 in
936 2222 1047 2245 unum
1070 2215 1185 2257 poetae
1202 2209 1361 2257 fugiunt
1387 2210 1481 2257 quod
1501 2222 1579 2244 eum
1601 2222 1622 2244 a

166 2267 342 2300 montium
373 2269 408 2299 ct
437 2265 600 2313 difficilia
632 2265 724 2299 Ven.
794 2263 919 2300 Codex
950 2263 1035 2299 MS.
1068 2262 1165 2311 apud
1201 2262 1416 2313 Scioppiun]
1453 2263 1622 2310 Suspect.

168 2318 291 2354 Lectt.
313 2318 359 2352 V.
384 2318 419 2353 8.
442 2330 476 2365 p.
498 2317 582 2365 256.
630 2318 700 2364 Ap.
726 2317 772 2353 It.
794 2329 877 2352 vero
894 2318 1067 2363 gradivus
1086 2329 1108 2351 a
1135 2317 1294 2352 Gradivo
1313 2316 1400 2363 ἄρεος
1418 2317 1474 2351 καὶ
1494 2319 1620 2359 ἐννυοῢς,

168 2372 206 2406 z'cl
225 2376 277 2406 cst
296 2371 432 2406 Martis
452 2376 486 2406 et
504 2372 661 2412 bellonoe,
671 2371 769 2419 filio,
792 2364 894 2417 'quem
927 2370 990 2417 [al.
1019 2382 1059 2405 eo
1085 2371 1243 2416 primum
1266 2371 1356 2417 pede
1385 2381 1486 2404 usum
1510 2374 1624 2416 poctoe

156 2424 272 2471 sing]
308 2425 455 2470 caprino
482 2426 608 2471 pedem
643 2426 680 2459 in
712 2436 823 2459 unum
851 2428 966 2471 poetae
986 2423 1150 2471 fingunt.
1216 2422 1289 2458 Ubi
1311 2423 1371 2459 Fr.
1401 2421 1556 2458 Modius
1589 2424 1622 2456 ιή

170 2489 281 2512 unum
302 2475 438 2525 accipit
456 2476 596 2513 dictum
615 2476 719 2526 quasi
738 2482 761 2496 “
777 2477 822 2513 ad
841 2489 955 2512 unum
972 2474 1140 2512 omnes,”
1199 2477 1394 2512 Hactenus
1417 2475 1623 2524 Scioppius.

171 2530 395 2576 capripedem
415 2530 545 2566 Inuum
566 2530 718 2566 Putsch.
802 2527 821 2556 d
843 2542 946 2566 more
966 2530 1175 2578 superaret]
1202 2542 1335 2565 morem
1354 2540 1557 2576 superarem
1580 2528 1623 2563 B.

171 2589 187 2608 e
208 2580 424 2631 praedatoris
444 2582 537 2630 vice]
554 2584 776 2629 praedatoria
794 2584 869 2618 vice
886 2583 1028 2618 A.B.C.
1047 2582 1140 2618 Ven.
1211 2581 1227 2608 f
1243 2583 1409 2629 cursum]
1434 2584 1552 2630 Supra
1572 2593 1624 2616 sc.

166 2648 234 2683 per
254 2647 395 2671 cursum
416 2636 458 2670 C.
569 2642 589 2670 g
610 2636 706 2671 Sunt
725 2637 1074 2682 qui—<emularetur
1087 2648 1160 2671 om.
1183 2636 1225 2671 C.
1300 2634 1320 2661 h
1340 2633 1627 2685 cognominave-

172 2696 260 2724 runt
273 2690 361 2734 παρὰ
377 2689 429 2723 τὸν
447 2691 561 2735 πύρσον
580 2688 652 2724 hoc
671 2696 729 2724 est
743 2701 764 2724 a
778 2689 928 2724 flamma
947 2688 1045 2737 quod
1066 2688 1188 2725 calore
1204 2688 1423 2734 velocitatis]
1448 2688 1626 2733 cognomi-

171 2746 349 2777 naverunt
363 2742 457 2788 quod
469 2742 588 2776 colore
600 2742 801 2777 velocitatis
814 2742 870 2777 vel
887 2743 1040 2789 tripodio
1059 2741 1234 2789 (tripudio
1248 2742 1361 2788 Ven.)
1379 2741 1472 2777 A.B.
1485 2748 1522 2775 et
1530 2740 1624 2774 Ven.

174 2794 234 2830 ubi
255 2807 332 2831 oni.
354 2795 422 2830 vel.
507 2792 518 2819 i
538 2793 660 2829 dictus
679 2796 766 2842 παρὰ
785 2795 844 2838 τὴν
863 2795 1014 2841 σπονδὴν]
1042 2796 1137 2830 dicto
1160 2807 1293 2842 parens
1312 2807 1381 2829 non
1401 2793 1556 2840 sponderi
1578 2792 1624 2827 B.

172 2845 194 2873 k
207 2848 294 2897 quia
310 2846 345 2882 in
363 2846 513 2895 templis
526 2846 694 2895 quaedam
711 2845 875 2882 carmina
887 2848 1177 2895 componebant,
1192 2861 1220 2883 s.
1239 2856 1279 2882 ut
1293 2846 1470 2891 libantes]
1491 2846 1576 2892 quia
1591 2846 1626 2879 in

175 2902 314 2947 templis
328 2901 393 2936 hoc
403 2901 494 2947 pede
505 2901 666 2947 quaedam
678 2901 841 2935 carmina
852 2901 1155 2947 componebantur
1168 2902 1299 2936 scilicet
1315 2900 1465 2935 libantes
1479 2898 1572 2934 A.B.
1586 2902 1628 2933 ut

833 2969 958 3007 312
