1962 3355
133 214 238 246 CAP.
267 208 336 246 15.
708 195 789 242 De
815 196 1022 242 Poetice.
1524 202 1583 249 75

133 329 316 373 nentur,
344 327 393 364 ut
420 328 530 363 sunt
552 315 726 381 23713080),
747 326 793 362 et
821 334 926 379 quae
952 315 1074 379 apud
1109 314 1278 378 lyricos
1304 312 1587 368 invenimus,

130 406 261 459 aquae
297 395 505 458 syzygiis
543 393 835 457 gradiuntur.
906 393 1064 439 Mixta
1092 401 1248 437 autem
1277 407 1382 452 quae
1416 390 1585 451 partim
1609 409 1624 438 5

131 481 241 518 sunt
263 472 368 517 κατὰ
394 470 548 531 στίχον,
576 470 743 532 partim
772 487 830 515 ex
857 469 1072 514 trimetro
1097 477 1143 514 et
1169 474 1443 513 tetrametro
1469 464 1591 510 mix-

132 557 193 604 ta,
229 547 548 610 bquamquam
588 563 681 590 non
721 546 766 591 in
805 563 900 591 uno
930 563 1064 591 versu
1100 561 1286 606 semper
1318 559 1477 588 versus
1511 558 1592 586 ex-

129 625 327 688 pleatur,
354 632 406 668 ut
429 622 475 668 in
510 622 715 684 Celegeia
740 622 812 667 vel
844 621 1022 685 epodis.
1092 621 1221 667 Nam
1249 636 1400 681 neque
1437 635 1519 680 per
1544 635 1591 663 se
1612 628 1629 654 ὑ

130 717 289 746 versus
317 699 594 744 hexameter
618 698 718 743 sine
745 707 972 759 sequente
1002 705 1303 761 pentametro
1326 694 1588 757 elegiacum

132 784 335 821 metrum
377 774 612 837 implebit,
638 791 789 836 neque
817 774 861 819 in
901 773 1064 837 epodis
1097 771 1269 834 singuli
1296 788 1454 817 versus
1492 770 1591 816 sine

132 851 352 897 clausulis
400 851 494 897 suis
534 861 581 896 et
618 850 910 913 dadsequelis
955 848 1103 895 audiri
1146 857 1367 911 poterunt
1414 846 1590 910 θέπῳδοί.

134 928 254 980 Quae
280 927 496 972 similiter
531 927 637 973 κατὰ
668 925 868 988 Ϋδίστιχωι
901 927 1036 983 fiunt,
1061 925 1224 971 eadem
1261 925 1409 969 ferme
1438 924 1592 982 ἀμετά-

134 1010 242 1059 βολα
277 1013 324 1049 et
358 1004 617 1064 μεταβολικᾶ
643 1014 793 1048 erunt.
863 1002 990 1048 Nam
1029 1004 1277 1062 ἀμετάβολα
1309 1000 1434 1045 dicta
1468 1008 1628 1053 sunt‚7

133 1079 289 1142 gquod
344 1079 414 1124 sui
454 1079 636 1142 generis
675 1078 953 1140 qualitatem
999 1093 1366 1138 mensuramque
1408 1093 1594 1138 semper

134 1155 397 1212 obtineant,
434 1164 487 1200 ut
523 1164 634 1200 sunt
673 1154 874 1200 Homeri
912 1154 1138 1208 carmina,
1173 1162 1220 1198 et
1255 1170 1309 1197 ea
1346 1168 1452 1212 quae
1491 1153 1595 1197 κατὰ

136 1230 276 1292 στίχον
312 1231 537 1294 appellari
576 1230 815 1275 diximus:
871 1230 1151 1284 Μεταβολικὰ
1188 1236 1362 1282 autem,
1393 1244 1499 1288 quae
1537 1227 1594 1271 ab

136 1307 237 1353 aliis
276 1307 435 1352 metris
478 1305 534 1351 ad
572 1305 660 1351 alia
699 1322 869 1368 genera
909 1304 1159 1350 transitum
1204 1303 1400 1359 faciunt,
1438 1302 1595 1364 qualia

136 1401 236 1429 esse
262 1383 440 1445 tragica
465 1391 512 1428 et
536 1382 717 1428 comica
743 1381 885 1445 paulo
911 1389 1018 1426 ante
1052 1379 1325 1425 memoravi.
1395 1379 1521 1424 Nam
1551 1390 1597 1424 et
1615 1394 1632 1422 8

137 1458 406 1505 Menander
430 1459 476 1504 in
504 1458 753 1504 comoediis
779 1458 1047 1521 frequenter
1071 1476 1096 1503 a
1116 1457 1402 1504 continuatis
1431 1455 1597 1501 iambi-

137 1536 202 1582 cis
227 1536 440 1582 versibus
480 1535 536 1581 ad
574 1536 837 1582 trochaicos
875 1534 1058 1590 transit,
1083 1544 1130 1580 et
1161 1551 1346 1579 rursum
1387 1532 1443 1578 ad
1482 1532 1597 1578 iam-

137 1613 266 1658 bicos
305 1612 438 1658 redit.
512 1612 632 1658 Haee
670 1612 810 1658 etiam
858 1611 904 1657 in
945 1610 1248 1664 carminibus,
1275 1627 1382 1671 quae
1429 1620 1634 1662 mutuo9

137 1687 352 1735 hadnexa
378 1688 442 1734 ita
467 1706 523 1734 ex
563 1706 610 1734 se
646 1689 870 1751 pendent,
897 1697 947 1733 ut
972 1688 1169 1733 alterum
1210 1687 1308 1732 sine
1346 1687 1490 1732 altero
1516 1704 1598 1732 au-

137 1764 224 1811 diri
257 1783 353 1811 non
390 1765 553 1828 possit,
576 1766 768 1824 προωδικὰ
793 1774 838 1810 et
859 1765 1068 1825 (ἐπ)ω’δικὰ
1094 1776 1395 1817 vocaverunt,
1420 1761 1485 1808 iid
1511 1772 1596 1815 est,

138 1842 486 1887 antecantativa
523 1851 570 1887 et
609 1840 1000 1904 kposteantativa,
1038 1851 1090 1886 ut
1129 1841 1188 1886 sit
1228 1841 1275 1884 in
1319 1839 1596 1884 hexametro

136 1915 340 1979 προωδικόν
364 1917 519 1979 ipsum
549 1933 675 1979 epos,
691 1926 737 1961 et
763 1915 983 1975 (ἐπ)ωὸικόν
999 1933 1158 1961 versus
1185 1923 1495 1978 pentameter,
1513 1914 1592 1976 qui

137 1993 177 2038 ei
212 1992 515 2055 subjungitur
539 1993 585 2037 in
612 1991 787 2055 elegiis.
858 1992 980 2037 Item
1020 1991 1468 2050 (ante)cantativum
1509 1991 1594 2036 erit
1618 2014 1655 2035 ιο

138 2067 348 2114 trimeter
373 2067 619 2122 iambicus,
645 2077 710 2124 ut,

336 2144 370 2190 I
373 2143 441 2189 bis
465 2143 698 2189 Liburnis
724 2143 849 2189 inter
874 2142 976 2189 alta
1001 2143 1206 2189 navium.

137 2219 243 2265 Erit
268 2219 491 2266 ldimeter
515 2219 934 2283 postcantativum,

190 2372 207 2390 Ζ
228 2366 352 2412 ἐπωδοὶ]
376 2364 519 2414 epodoe
541 2365 581 2401 Ρ.
672 2371 691 2390 a
710 2365 808 2413 quae]
832 2353 863 2413 q-
878 2365 917 2399 Ρ.
1016 2361 1035 2388 b
1055 2363 1286 2412 quanquam]
1309 2375 1533 2411 quamquam
1557 2363 1595 2398 P.

137 2425 154 2444 c
173 2417 318 2468 Elegia]
343 2418 434 2454 eleia
454 2419 494 2455 P.
517 2417 579 2467 qui
602 2431 699 2460 mox,
721 2427 919 2454 exameter.
1050 2414 1069 2442 d
1089 2415 1307 2465 assequelis]
1331 2414 1539 2465 adsequelis
1556 2416 1595 2451 P.

138 2480 155 2498 θ
175 2472 273 2507 ἐποδοῖ
293 2472 394 2519 quia]
418 2471 560 2520 epodoe
579 2483 650 2520 que
669 2472 710 2507 P.
854 2468 869 2496 f
885 2470 1045 2516 δίστιχον]
1071 2470 1228 2515 δία-τοιχον
1249 2470 1289 2505 Ρ.
1432 2475 1452 2503 g
1472 2468 1590 2517 quod]

137 2536 209 2582 que
228 2525 268 2560 P.
398 2523 418 2550 h
438 2525 598 2571 annexa]
623 2525 765 2560 adnexa
788 2524 825 2559 P.
956 2521 966 2548 i
986 2523 1027 2569 i.]
1052 2522 1088 2558 id
1108 2531 1164 2558 est
1184 2523 1223 2558 P.
1353 2520 1374 2547 k
1394 2530 1596 2570 praecanta-

138 2576 233 2624 tiva]
258 2577 528 2627 postcantativa
548 2578 587 2613 P.
742 2575 753 2603 l
774 2576 946 2623 dimeter]
971 2577 1137 2612 trimeter
1157 2576 1197 2612 P.
1231 2576 1402 2611 Correxit
1422 2575 1596 2611 Camera-

139 2643 223 2667 nus.

193 2745 228 2780 9.
259 2732 478 2782 Legendum
504 2735 775 2768 antecantativa
806 2738 841 2768 et
900 2734 1026 2775 ΐαίίυα,
1048 2740 1085 2768 et
1107 2733 1385 2779 postcantatiw,
1414 2739 1456 2766 ut
1487 2730 1596 2779 paulo

139 2787 324 2822 cantativa
363 2786 417 2821 vel
459 2788 741 2833 postcantatz'va.
790 2787 842 2821 Et
897 2794 994 2835 post,
1041 2785 1206 2834 προΰμνια,
1245 2787 1398 2833 ἐφόμνια,
1438 2783 1492 2819 vel
1536 2800 1596 2829 με-

140 2838 235 2874 forte
254 2837 431 2888 scriptum
462 2839 533 2875 fuit
553 2842 720 2887 προῳδικὰ,
744 2842 843 2876 ὠδικὰ
899 2841 1024 2885 θύμνια.
1047 2838 1220 2874 COMM.
1252 2836 1406 2874 Correxi
1422 2836 1496 2872 fere
1510 2848 1594 2871 cum

141 2899 179 2927 et.
192 2894 342 2937 ἐπῳδικὰ,
363 2892 386 2927 i.
401 2905 433 2929 e.
455 2895 740 2935 antecantativa,
757 2906 841 2928 can-
900 2893 1058 2928 Buretto
1078 2891 1196 2928 Mem.
1216 2890 1305 2927 Liu.
1328 2891 1371 2925 T.
1388 2890 1435 2924 X.
1459 2902 1490 2937 p.
1509 2900 1596 2934 247·

936 2965 1017 3000 L2
