1962 3355
451 533 894 585 CENSORINO
933 533 1438 586 ADSCRIPTUM
1480 535 1712 588 FRAG-

655 632 1007 685 MENTUM
1049 633 1155 684 DE
1196 633 1509 688 METRIS.

886 805 1267 834 4

635 938 767 989 CAP.
791 937 833 988 I.
888 939 973 990 De
999 939 1184 990 metris
1209 939 1518 1009 etpedibus.

352 1036 702 1109 METRUM
742 1063 922 1117 Graece,
957 1062 1128 1109 Latine
1164 1080 1391 1109 numerus
1425 1071 1633 1109 vocatur.
1701 1062 1806 1109 Nu-

351 1155 508 1184 merus
533 1148 602 1184 est
626 1139 881 1200 aequalium
914 1138 1092 1202 pedum
1125 1139 1337 1201 legitima
1369 1138 1628 1184 ordinatio:
1664 1139 1804 1199 hujus

352 1215 464 1260 arsis
489 1224 536 1260 et
561 1216 704 1261 thesis
731 1225 884 1278 partes
915 1225 1039 1261 sunt.
1113 1214 1289 1260 Pedum
1324 1215 1518 1277 syllabae
1555 1215 1804 1268 elementa,

350 1291 534 1336 numeri
560 1291 812 1337 modorum
840 1293 1089 1348 elementa,
1113 1291 1263 1354 spatia
1293 1291 1580 1354 syllabarum
1609 1309 1662 1337 ac
1685 1299 1806 1336 tem-

314 1386 329 1406 2
351 1384 478 1429 pora.
549 1367 696 1412 Pedes
730 1377 1084 1430 componuntur
1119 1384 1178 1412 ex
1214 1367 1423 1430 syllabis,
1460 1377 1512 1412 ut
1549 1366 1801 1412 minimum

352 1443 489 1499 binis,
517 1452 568 1489 ut
596 1444 856 1506 plurimum
883 1445 1042 1498 ternis,
1068 1443 1303 1506 incipiunt
1337 1443 1631 1505 temporibus
1669 1442 1805 1499 binis,

352 1519 409 1564 ad
435 1536 514 1564 sex
541 1519 840 1581 perveniunt.
908 1520 1146 1582 Disyllabi
1172 1527 1408 1580 quattuor,
1426 1517 1658 1580 trisyllabi
1683 1526 1804 1573 octo,

350 1595 509 1657 plures
551 1613 693 1656 quam
733 1595 983 1642 duodecim
1033 1614 1133 1642 esse
1180 1613 1273 1640 non
1314 1602 1528 1657 possunt.
1615 1593 1805 1656 Pyrrhi-

351 1671 486 1717 chius
526 1689 583 1717 ex
623 1671 809 1717 duabus
851 1672 1099 1724 brevibus;
1150 1671 1282 1732 cujus
1318 1669 1611 1732 exemplum,
1647 1670 1803 1714 Deus.

352 1747 554 1793 Chorius
579 1764 635 1792 ex
662 1748 802 1810 longa
826 1757 872 1794 et
897 1747 1040 1802 brevi,
1066 1756 1118 1793 ut
1141 1747 1308 1792 Roma.
1369 1746 1566 1792 Iambus
1592 1763 1652 1791 ex
1676 1745 1804 1791 brevi

351 1833 399 1869 et
437 1824 592 1886 longa,
630 1833 682 1868 ut
718 1823 864 1871 scelus.
936 1822 1186 1886 Spondeus
1223 1840 1282 1867 ex
1320 1821 1502 1868 duabus
1544 1822 1712 1884 longis,
1753 1831 1806 1868 ut

313 1906 497 1946 322ates.
581 1898 694 1944 Duo
730 1899 875 1962 igitur
909 1898 1173 1961 quantitate
1210 1897 1446 1952 contrarii,
1483 1898 1718 1960 spondeus
1759 1907 1806 1944 et

349 1975 669 2039 pyrrhichius,
695 1975 897 2021 duorum
936 1976 1065 2029 alter,
1102 1974 1217 2020 alter
1249 1983 1472 2036 quattuor
1503 1983 1804 2038 temporum:

350 2051 444 2097 duo
483 2052 528 2097 in
567 2051 748 2106 ordine,
771 2069 973 2114 quorum
1019 2061 1215 2112 uterque
1251 2053 1482 2096 trinorum
1517 2058 1804 2113 temporum,

350 2127 536 2173 iambus
579 2137 626 2173 et
666 2128 869 2173 chorius.
953 2127 1026 2172 Ita
1068 2145 1162 2172 non
1205 2126 1362 2189 plures
1397 2144 1539 2188 quam
1583 2135 1806 2188 quattuor

312 2203 494 2267 4podes
541 2204 757 2268 disyllabi
809 2213 931 2258 sunt,
974 2222 1061 2250 nec
1106 2221 1206 2249 esse
1252 2212 1466 2266 possunt.
1550 2203 1801 2248 Trinarum

351 2279 636 2341 syllabarum
671 2280 852 2343 primus
878 2289 948 2325 est
972 2279 1204 2342 dactylus,
1229 2279 1309 2341 qui
1348 2288 1531 2325 constat
1570 2295 1630 2324 ex
1664 2278 1805 2340 longa

351 2364 398 2400 et
432 2354 614 2400 duabus
653 2355 885 2409 brevibus,
912 2355 1044 2415 cujus
1087 2354 1602 2417 exernplu11]‚AE0lus.
1673 2354 1805 2401 Huic

351 2431 610 2476 contrarius
646 2439 913 2493 anapaestus
948 2447 1005 2475 ex
1030 2429 1212 2475 duabus
1252 2431 1467 2477 brevibus
1494 2440 1541 2477 ct
1570 2431 1726 2493 longa,
1754 2440 1805 2477 ut

343 2507 519 2569 pietas.
599 2505 987 2568 Amphibrachus
1029 2523 1086 2551 ex
1129 2506 1254 2552 brevi
1299 2516 1345 2552 et
1381 2507 1522 2570 longa
1562 2516 1608 2552 et
1645 2507 1803 2560 brevi;

353 2582 487 2643 cujus
528 2582 802 2643 exemplum
848 2598 1037 2626 avarus.
1119 2581 1523 2645 Bracliysyllabus
1560 2600 1618 2628 ex
1655 2582 1804 2628 tribus

352 2658 588 2712 brevibus,
613 2656 745 2718 cujus
778 2657 1050 2718 exemplum
1083 2655 1262 2703 Cleero.
1331 2657 1390 2703 Ei
1418 2658 1677 2704 contrarius
1704 2675 1806 2703 mo-

353 2735 517 2790 lossus,
554 2751 611 2779 ex
650 2733 799 2778 tribus
837 2732 1015 2794 longis3
1066 2733 1198 2795 cujus
1235 2735 1507 2796 exemplum
1546 2733 1803 2780 Illfecenas.

353 2811 475 2858 Item
502 2819 594 2857 tres
619 2810 816 2872 quinum
844 2820 1129 2872 temporum,
1156 2810 1379 2856 bacchius
1404 2828 1461 2856 ex
1487 2809 1668 2855 duabus
1702 2810 1804 2854 lon-

316 2918 331 2947 5
354 2888 424 2952 gis
462 2895 509 2933 et
543 2885 686 2941 brevi,
723 2885 856 2946 cujus
893 2886 1168 2948 exemplum
1199 2887 1406 2933 Latona.
1478 2886 1609 2933 Huic
1651 2885 1802 2931 ordini
