1962 3355
132 199 239 229 CAP.
255 193 299 230 3.
600 183 683 228 De
707 181 942 244 dactylico
967 188 1134 226 metro.
1493 188 1586 237 259

130 304 476 351 observandum
504 311 590 359 est,
619 312 669 348 ut
700 302 749 347 in
784 311 983 365 utraque
1009 319 1168 347 versus
1193 300 1422 346 divisione
1453 300 1588 345 finita

130 381 189 427 sit
213 399 319 445 pars
344 378 583 435 orationis,
610 389 661 424 ut
686 387 757 424 est
780 378 897 424 illud
922 378 1256 441 Virgilianum,

299 457 539 496 Eoeternum
561 455 670 504 tulit,
693 461 768 495 aut
788 469 913 495 cruor
933 454 999 494 hic
1019 454 1068 493 de
1088 455 1230 509 stipite
1250 458 1406 492 manat.

131 529 205 575 fet
230 528 347 574 illud
376 528 562 583 iterum,

304 606 384 646 Cui
406 620 488 645 non
509 605 644 645 dictus
666 604 808 659 Hylas
821 617 947 658 puer,
970 607 1008 641 et
1030 601 1211 641 Latonia
1231 600 1370 640 Delos.

133 678 247 724 Hoc
298 688 503 724 metrum
544 678 747 724 divisum
784 677 926 723 faciet
967 693 1048 739 per
1089 675 1296 738 singulas
1337 673 1590 719 divisiones
1608 681 1650 717 46

133 772 239 800 suas
285 753 381 800 duo
428 754 644 808 dimetra,
685 754 744 800 de
793 752 966 815 quibus
1008 751 1323 815 opportunius
1364 749 1589 795 tractabo.

131 830 279 876 Nunc
326 831 550 892 quoniam
602 831 901 876 hexametras
947 829 1125 891 species
1176 836 1400 890 quattuor
1451 824 1590 871 metri

132 906 353 968 dactylici
393 907 715 963 tractavimus,
749 922 1041 967 consequens
1073 913 1158 961 est,
1182 913 1235 950 ut
1260 903 1382 950 sicut
1407 901 1591 948 ordina-

133 983 288 1028 vimus
313 982 371 1028 de
396 982 703 1046 pentametris
728 983 998 1028 doceamus.
1262 981 1265 983 ’

167 1124 249 1170 De
268 1131 569 1186 pentametro
594 1125 785 1187 integro
810 1122 1072 1169 acatalecto
1098 1118 1550 1168 monoschematz'sto.
1611 1141 1651 1172 47

199 1211 288 1256 Est
342 1222 549 1257 metrum
608 1211 847 1273 integrum
901 1214 1256 1271 pentametrum
1304 1205 1591 1268 dactylicum

133 1287 259 1348 quod
297 1305 483 1350 semper
518 1285 730 1348 quinque
766 1285 966 1348 dactylis
1003 1294 1202 1341 constat,
1233 1284 1371 1346 quale
1408 1292 1477 1328 cst
1513 1300 1593 1328 cx—

133 1364 348 1427 emplum
379 1364 604 1409 Graecum
631 1363 764 1419 illud,

247 1447 527 1485 gAEIKONA
560 1448 874 1485 ΗΦΑΔΗΝΕΝ
906 1447 1067 1484 ΗΠΓΩ
1099 1444 1512 1483 ΜΟΝΟΝΩΛΗΤΟ.

134 1517 306 1563 Latina
331 1517 555 1580 exempla
581 1519 698 1572 haec,

305 1594 475 1633 Italiam
497 1594 963 1649 sequituursitgvientem
984 1599 1021 1632 et
1043 1593 1265 1639 volvimur,

134 1660 198 1707 et,

309 1716 662 1771 Quadrupedante
678 1722 841 1771 putrem
865 1716 1003 1755 sonitu
1024 1716 1160 1769 quatit
1179 1715 1359 1769 ungula,

135 1781 197 1829 et,

306 1838 362 1877 At
383 1838 481 1877 tuba
504 1837 727 1877 terribilem
749 1838 930 1877 sonitum
948 1837 1097 1890 procul
1118 1849 1198 1875 cere
1217 1837 1286 1877 cit.

140 1910 271 1956 Huic
300 1920 449 1956 metro
474 1910 682 1956 detracta
707 1910 888 1973 syllaba
909 1909 1164 1956 novissima
1189 1908 1209 1937 ¹¹
1221 1908 1361 1954 faciet
1388 1919 1591 1954 metrum

138 1986 395 2032 Simmium
425 1986 505 2032 sic.

221 2107 305 2152 De
329 2113 478 2152 metro
505 2106 702 2152 Simmio
720 2113 1023 2168 pentametro
1048 2106 1505 2153 monoschematisto.
1614 2126 1655 2161 48

203 2188 456 2234 Simmiwn
483 2197 686 2233 metrum
712 2197 1062 2251 pentametrum
1086 2188 1593 2234 monoschematistum

138 2272 223 2320 est,
247 2272 433 2309 constat
469 2263 594 2308 enim
635 2281 823 2326 semper
857 2274 1081 2326 quattuor
1108 2264 1308 2327 dactylis
1344 2274 1392 2310 et
1427 2265 1595 2325 quinto

137 2339 257 2403 pede
305 2340 484 2402 syllaba
530 2339 830 2386 indifferenti.
919 2341 1063 2386 Unde
1104 2341 1235 2403 quasi
1277 2340 1471 2403 quintus
1513 2358 1594 2403 pes

139 2416 382 2461 schemata
419 2415 561 2461 habet
597 2425 834 2478 quattuor.
918 2417 1046 2463 Nam
1091 2426 1170 2463 aut
1213 2416 1452 2481 spondeus
1493 2416 1596 2471 erit,

139 2500 220 2536 aut
255 2491 542 2554 pariambus‘,
580 2492 625 2537 id
661 2502 733 2538 est
766 2493 1085 2556 pyrrhichius,
1111 2502 1190 2539 aut
1228 2493 1479 2549 trochaeus,
1515 2501 1595 2538 aut

140 2567 341 2612 iambus.
412 2567 489 2612 De
515 2568 648 2629 cujus
675 2568 997 2614 schematibus
1023 2577 1247 2631 quattuor
1271 2568 1442 2614 Latina
1466 2568 1597 2614 dabi-

142 2661 263 2700 mus,
290 2661 400 2688 nam
427 2644 650 2691 Graecum
675 2662 825 2691 unum
851 2646 1035 2709 repperi
1061 2646 1231 2703 solum,

194 2791 208 2818 f
225 2800 262 2828 et
283 2791 389 2838 illud]
412 2791 473 2828 Sic
493 2792 539 2828 L.
572 2794 621 2828 Et
639 2806 712 2829 om.
735 2794 945 2831 Putschius.
1124 2801 1144 2829 g
1164 2803 1339 2843 corrupta
1360 2795 1468 2830 verba
1490 2792 1596 2829 resti-

143 2865 247 2927 tuere
267 2868 423 2944 nequit),
444 2855 1277 2902 AeIMONAAAspeAeNeIHT‘gMeNON‘g'AeCO
1298 2858 1345 2894 L.
1502 2856 1522 2882 h
1542 2856 1596 2893 fa-

143 2909 233 2956 ciet]
245 2909 344 2957 facit
403 2937 410 2944 .

808 2976 926 3018 L12
