1962 3355
375 216 439 264 70
888 207 1046 253 Marii
1073 207 1316 253 Victorini
1676 222 1772 253 Lm.
1793 223 1826 253 1.

314 346 356 376 34
375 329 573 374 Iambici
602 327 798 373 trimetri
826 328 1105 383 lacatalecti‚
1132 338 1197 384 ut,

506 404 690 450 Beatus
714 403 795 450 ille
819 404 902 467 qai
917 403 1095 465 procul
1114 404 1331 465 negotiis.

312 494 352 525 35
371 479 620 525 Trochaici
645 479 845 525 trimetri
871 478 1145 532 catalectici,
1172 487 1240 535 ut,

504 556 674 611 Roma,
694 555 860 608 Roma,
880 570 1019 599 cerne
1042 560 1224 616 quanta
1247 554 1311 599 sit
1331 553 1495 598 Deum
1521 552 1802 617 benignitas.

311 641 352 680 36
371 631 521 678 Ionici
546 630 622 676 ἀπὸ
645 631 817 691 μείζονος
839 629 1100 674 tetrametri
1126 628 1583 692 mbrachycatalecti,
1609 638 1676 686 ut,

509 706 648 753 Galli
669 706 826 752 timidi.
848 704 1151 751 semianimes
1175 710 1373 768 tergora
1395 710 1602 751 vertunt.

310 790 351 822 37
370 783 521 828 Ionici
546 781 621 827 ἀπὸ
646 783 858 833 ἐλάσσονος
884 781 1143 827 tetrametri
1170 780 1460 837 nacatalecti‚
1485 790 1551 836 ut,

368 858 696 904 &miserm-um
723 863 792 902 est
816 874 968 920 neque
993 859 1148 904 amori
1172 858 1288 904 dare
1318 857 1482 904 ladam
1505 875 1657 921 neque
1683 855 1825 903 dalei.

309 943 350 980 38
369 933 719 979 PChoriambici
747 933 1006 979 tetrametri
1032 934 1318 988 ‘lacatalecti‚
1344 943 1409 989 ut,

504 1010 679 1073 Lydia,
705 1009 780 1056 dic
795 1010 1004 1071 perdere
1026 1019 1139 1056 rcar
1162 1011 1284 1057 hunc
1307 1011 1483 1073 cupias,
1507 1009 1623 1073 quid
1641 1009 1825 1056 retices.

309 1105 349 1135 39
367 1086 676 1150 Antispastici
702 1086 963 1132 tetrametri
989 1086 1473 1150 Sbracliycatalectici‚
1499 1095 1567 1142 ut,

502 1162 684 1208 Libens
709 1162 793 1208 hoc
817 1162 903 1208 tibi
919 1162 1156 1224 persolvo,
1181 1162 1306 1209 nihil
1327 1180 1401 1209 me
1423 1162 1663 1227 sicjavat.

308 1263 350 1291 40
368 1238 570 1285 Paeonici
596 1238 854 1284 tetrametri
881 1239 1184 1295 ‘catalectich

502 1314 584 1361 Sic
613 1314 812 1377 Tyberis
836 1314 1135 1376 vinplacidus
1157 1315 1204 1361 ‘in
1230 1315 1389 1361 maria
1415 1314 1610 1360 labitur.

309 1408 346 1437 41
367 1391 818 1437 WProceleusmatici
846 1391 1102 1437 tetrametri
1131 1390 1408 1447 catalectici,
1436 1399 1503 1445 ut,

500 1466 686 1513 [Vernus
710 1484 797 1514 ave
819 1468 1029 1525 reticuit,
1054 1484 1175 1531 ager
1197 1467 1412 1512 Xhomine
1432 1464 1555 1511 silet.

306 1561 347 1590 42
424 1540 577 1603 Igitur
591 1559 647 1587 ex
669 1542 739 1587 his
756 1543 1053 1605 generalibus
1070 1560 1240 1588 novem
1260 1542 1555 1602 metris‚quae
1570 1548 1825 1603 prototypa

365 1626 412 1662 et
446 1617 759 1680 primiformia
794 1618 1018 1676 diximus,
1053 1619 1318 1681 composita
1355 1618 1477 1662 fiunt
1513 1624 1677 1671 metra,
1713 1633 1823 1662 cum

366 1692 568 1739 invicem
608 1694 695 1739 sibi
732 1711 815 1757 per
850 1695 1183 1741 yhemistichia
1216 1695 1511 1758 copulantur,
1535 1710 1642 1755 quae
1668 1693 1823 1739 Graeci

367 1769 546 1824 σύνθετα,
583 1768 631 1814 id
673 1779 756 1825 est,
794 1770 1045 1832 conjuncta
1080 1781 1222 1833 atque
1254 1770 1534 1833 composita,
1567 1769 1822 1833 appellant.

307 1858 345 1887 43
366 1844 488 1891 Cum
554 1844 857 1891 hemistichio
903 1846 1108 1893 iambico
1156 1847 1377 1909 jungitur
1432 1846 1823 1892 y-Vhemistichion

365 1921 659 1967 trochaicum
704 1930 783 1967 aut
825 1923 1181 1986 anapaesticum,
1223 1923 1477 1980 Zionicum,
1517 1922 1824 1985 dactylicum,

366 2015 447 2042 seu
472 1997 685 2059 quolibet
711 1998 817 2054 alio,
841 1998 898 2044 de
924 1999 1096 2060 quibus
1133 2009 1181 2045 et
1215 2000 1408 2046 aceteris
1435 1999 1480 2045 in
1505 2017 1727 2063 processu
1753 1998 1824 2044 di-

308 2095 348 2121 44
367 2090 542 2120 cemus,
581 2075 739 2120 Metra
764 2084 922 2121 autem
953 2076 1196 2138 bquaedam
1226 2077 1423 2140 singulis
1444 2077 1659 2140 pedibus,
1678 2094 1823 2138 quam

367 2150 731 2212 Monopodiam‚
763 2151 1006 2212 cquaedam
1047 2152 1182 2208 binis,
1213 2170 1356 2215 quam
1388 2152 1648 2215 Dipodiam
1686 2170 1825 2198 voca-

307 2245 346 2275 45
366 2236 548 2282 verunt,
575 2226 734 2271 scandi
762 2227 904 2271 moris
930 2238 1014 2273 est.
1059 2227 1203 2273 Hanc
1228 2246 1311 2273 nos
1338 2227 1719 2291 conjugationem
1744 2245 1823 2289 ap-

365 2303 614 2366 pellamus.
655 2302 720 2348 Et
738 2320 821 2366 per
841 2304 1177 2367 monopodiam
1200 2303 1393 2365 quidem
1419 2304 1517 2350 sola
1541 2302 1821 2368 ddactylica,

419 2461 429 2488 l
450 2461 662 2509 acatalecti]
687 2462 910 2499 acatalectici
934 2463 972 2498 P.
1153 2470 1183 2488 m
1204 2463 1426 2512 catalectici]
1453 2464 1756 2514 brachycatalecti
1779 2466 1820 2502 P.

366 2524 386 2542 n
407 2515 616 2562 acatalecti]
640 2515 865 2552 acatalectici
889 2516 927 2551 P.
1032 2522 1050 2541 ⁰
1072 2514 1305 2563 miserarum]
1330 2517 1548 2553 miserorum
1570 2518 1610 2553 P.
1632 2517 1689 2553 ed.
1712 2519 1819 2554 Cam.

366 2576 385 2604 Ρ
402 2568 658 2616 choriambici]
677 2568 888 2605 coriambici
905 2569 944 2604 P.
1011 2572 1028 2596 ‘1
1043 2568 1253 2616 acatalecti]
1271 2570 1475 2606 catalectici
1490 2572 1532 2607 P.
1589 2577 1605 2596 Γ
1623 2583 1688 2606 cur
1702 2571 1817 2617 hunc]

365 2623 465 2658 hunc
487 2623 525 2657 P.
636 2628 650 2647 s
672 2620 1032 2671 brachycatalectici]
1055 2621 1385 2659 brachicatalectici
1407 2624 1445 2658 P.
1557 2623 1571 2649 t
1591 2623 1818 2671 catalectici]

365 2674 534 2712 catalecti
556 2675 597 2710 P.
736 2682 753 2700 V
773 2675 1011 2725 implacidus]
1035 2673 1242 2722 implacidus
1262 2675 1301 2711 P.
1429 2682 1457 2701 W
1478 2676 1815 2725 proceleusmatici]

365 2727 667 2778 proceleumatici
690 2729 730 2765 P.
880 2735 900 2753 X
920 2727 1090 2775 homine]
1117 2727 1305 2764 hominem
1328 2729 1368 2765 P.
1520 2736 1539 2763 Y
1561 2728 1814 2778 hemistichia]

365 2781 572 2818 emistichia
592 2782 633 2817 P.
788 2788 827 2816 YY
846 2781 1128 2828 hemistichion]
1152 2780 1400 2817 emistichium
1423 2782 1463 2817 P.
1618 2788 1636 2807 Ζ
1656 2781 1818 2819 ionicum

365 2835 604 2885 dactylicum]
628 2834 738 2870 colon
759 2848 842 2871 cum
864 2833 1074 2871 dactilicum
1096 2835 1134 2870 P.
1206 2841 1225 2861 a
1242 2834 1401 2882 caeteris]
1417 2833 1549 2871 ceteris
1570 2834 1610 2871 P.
1680 2832 1700 2861 b
1717 2848 1818 2884 quae-

364 2913 469 2961 dam]
494 2893 651 2963 quedam
672 2914 713 2950 P.
794 2920 811 2940 c
830 2913 1017 2962 quaedam]
1040 2911 1191 2962 quidam
1213 2913 1252 2949 P.
1334 2911 1352 2939 d
1373 2913 1570 2963 dactylica]
1592 2912 1761 2951 dactilica
1776 2915 1815 2951 P.
