1962 3355
348 187 375 224 4
386 187 402 223 1
415 186 441 225 8
958 178 1207 225 Prisciani

417 298 523 345 Hos
556 299 769 361 sequitur
791 299 992 345 dimeter
1024 299 1324 346 catalecticus
1350 296 1544 343 finiendi
1571 295 1799 341 sermonis

348 392 504 433 causa,
528 393 669 438 quem
697 376 752 422 ad
777 376 1039 422 Archillida
1065 374 1257 421 habuit:

465 457 588 498 Date.
635 457 743 497 Mooe
763 471 840 512 ego
861 457 940 496 huc
959 461 1162 496 revertar.

292 565 331 596 27
417 540 645 586 Similiter
682 540 875 586 Plautus
910 539 954 584 in
980 538 1272 584 Truculento
1296 535 1460 582 eodem
1504 544 1653 582 metro
1692 553 1802 582 usus

350 625 420 662 est
445 616 490 662 in
517 634 731 662 sermone
757 615 937 661 ancillae
962 613 1211 678 Astaphii:

465 704 661 757 Adjbres
681 703 922 751 auscultate,
940 708 1062 757 atque
1082 706 1293 742 asservate
1314 700 1438 749 cedes,

465 771 533 810 Ne
553 771 648 825 quis
668 770 868 824 adventor
883 770 1068 825 gravior
1088 769 1205 808 abeat
1224 783 1344 824 quam
1368 769 1576 809 adveniat.

464 838 533 877 Ne
553 838 646 892 quis
667 852 817 877 manus
838 837 1027 877 attulerit
1047 837 1205 877 steriles
1225 837 1338 876 intro
1357 837 1413 876 ad
1432 851 1521 885 7108,

468 904 818 958 Gravidasfiras
840 910 1050 959 eoeportet:
1082 905 1179 944 novi
1202 918 1278 959 ego
1298 904 1508 944 hominum
1532 917 1676 943 mores.

292 1016 331 1045 28
417 999 659 1062 Turpilius
702 998 747 1044 in
792 998 964 1044 Lindia
1003 1008 1158 1044 nautae
1200 1016 1447 1062 personam
1493 997 1674 1044 inducit
1716 997 1806 1043 hoc

353 1084 505 1121 metro
528 1076 803 1137 loquentem
822 1094 831 1120 ε

408 1153 470 1192 Di
492 1152 775 1192 advenientem
790 1151 986 1207 perdant.
1033 1151 1086 1190 H
1087 1151 1123 1200 ie
1141 1150 1303 1206 quidem
1324 1164 1398 1190 7208
1412 1150 1566 1205 perdit.

412 1221 453 1260 F
452 1226 581 1260 esium
603 1233 687 1259 esse
706 1219 813 1259 diem
834 1219 899 1258 laic
919 1225 1114 1274 quartum
1131 1218 1248 1258 hodie
1266 1220 1433 1259 iterant.
1466 1219 1536 1258 Ita
1551 1222 1806 1258 conventum.

294 1319 334 1349 ²9
420 1303 587 1350 Cicero
611 1321 800 1366 quoque
834 1303 880 1349 in
915 1303 985 1350 IV
1010 1303 1391 1350 Tusculanarum
1417 1301 1661 1365 Euripidis
1694 1300 1809 1346 iam-

355 1381 438 1426 bos
475 1379 774 1437 transferens,
810 1382 855 1425 in
898 1380 1012 1426 locis
1053 1380 1243 1443 paribus
1279 1389 1376 1425 tam
1413 1379 1626 1442 dactylos
1664 1395 1804 1439 quam

355 1457 588 1521 spondeos
617 1475 738 1520 saepe
764 1458 914 1520 ponit,
939 1467 1017 1503 ut:

468 1534 614 1588 IVeque
635 1539 718 1574 tam
740 1534 941 1574 terribilis
962 1534 1197 1587 ullafando
1217 1533 1351 1573 oratio
1371 1539 1444 1581 est,

466 1602 679 1655 IVecjbr-s‘,
700 1616 773 1641 nec
792 1603 861 1640 ira
881 1602 1059 1641 coelz‘tmn
1081 1603 1287 1642 invectum
1308 1600 1477 1649 malum,

470 1670 590 1716 Quod
609 1684 691 1709 uon
713 1674 868 1709 natura
890 1669 1072 1708 humana
1088 1668 1433 1724 patiendo-ferat.

294 1770 336 1799 30
429 1752 521 1798 His
569 1753 714 1816 igitur
755 1753 988 1815 exemplis
1031 1752 1255 1798 facillime
1301 1752 1550 1815 diligentes
1591 1751 1808 1796 omnium

353 1839 554 1893 possunt
577 1829 921 1875 comoediarum
947 1839 1096 1875 metra
1125 1829 1540 1893 comprehendere,
1567 1837 1612 1874 et
1637 1844 1813 1883 versuS,

355 1906 389 1952 si
426 1923 543 1968 quos
580 1905 817 1968 imperitia
855 1905 1138 1969 scriptorum
1176 1904 1455 1961 confuderit,
1481 1903 1537 1950 ad
1574 1904 1811 1967 integrum

354 1982 600 2028 restituere
642 1982 836 2028 musieae
876 1982 1050 2028 locum.
1132 1981 1463 2028 Necessarium
1513 1990 1670 2027 autem
1713 1998 1815 2026 esse

355 2057 564 2104 diximus
603 2057 754 2104 multo
805 2057 1039 2120 exquisita
1077 2058 1235 2104 labore
1271 2057 1557 2119 inventaque
1595 2056 1816 2120 exempla

355 2133 646 2180 diversorum
689 2133 1274 2196 nominatissimorumque
1317 2133 1513 2179 Graeeiae
1554 2141 1816 2189 auctorum,

356 2227 557 2271 quorum
585 2209 801 2272 quaedam
840 2210 980 2256 etiam
1018 2209 1308 2256 Heliodorus
1343 2208 1540 2273 protulit
1574 2208 1815 2262 metricus,

296 2276 298 2281 ,
356 2296 402 2332 et
428 2286 764 2349 Hephaestion,
786 2286 1032 2347 subjicere,
1052 2295 1102 2331 ut
1127 2286 1432 2332 ostendamus
1459 2301 1552 2330 non
1580 2284 1816 2347 imperite,

357 2361 436 2408 sed
465 2362 777 2408 scientissime
802 2362 893 2408 hoe
914 2379 1107 2424 quoque
1133 2372 1178 2409 et
1198 2362 1255 2408 ad
1282 2363 1471 2408 illorum
1498 2361 1815 2408 imitationem

358 2448 569 2484 auctores
595 2437 759 2484 fecisse
784 2447 982 2484 nostros.

299 2534 334 2563 31
438 2513 730 2560 Heliodorus
769 2514 993 2559 metricus
1033 2514 1112 2570 ait,
1149 2513 1338 2568 Ἱππώναξ
1374 2515 1509 2560 πολλὰ
1549 2514 1710 2578 παρέβη
1747 2520 1819 2561 τῶν

358 2592 572 2654 ὡρισμένων
596 2591 633 2636 ἐν
656 2597 740 2642 τοῖς
767 2591 948 2650 ἰάμβοις,
976 2591 1066 2637 hoc
1099 2600 1183 2645 est,
1210 2590 1475 2653 Hipponaoe
1509 2591 1663 2638 mulla
1691 2609 1818 2654 proe-

359 2667 505 2723 term,
530 2666 576 2712 id
611 2675 695 2721 est,
729 2666 1043 2730 praetermisit,
1077 2665 1319 2731 praflm'ta
1357 2669 1406 2714 in
1442 2669 1622 2716 iambis.
1694 2669 1819 2731 Hip-

359 2761 517 2807 ponax
541 2743 667 2789 enim
694 2743 740 2789 in
767 2744 949 2807 primo:

557 2820 677 2883 Ἐρέω
702 2821 778 2882 γὰρ
805 2819 900 2866 nZw
926 2823 1124 2877 Κυλλήνιε
1155 2823 1338 2873 Μαιάδος
1360 2823 1506 2884 (Ερμῆ.

361 2898 456 2943 Iste
482 2898 608 2943 enim
636 2914 793 2943 versus
820 2915 928 2943 cum
961 2898 1019 2944 sit
1045 2899 1359 2953 choliambus‚
1379 2899 1424 2944 in
1452 2906 1618 2960 quarto
1643 2898 1747 2944 loeo
1772 2906 1819 2943 et
