1962 3355
127 194 234 226 CAP.
256 178 329 225 16.
642 177 728 224 De
752 176 1070 224 incisionibus.
1484 170 1578 229 467

455 300 574 346 CAP.
594 297 730 345 XVI.
768 296 874 342 Ι’ΒΕ
902 312 1258 343 meismNJBUS.

192 375 318 422 Illud
344 394 533 439 quoque
557 376 801 421 observare
825 373 1069 427 debemus,
1094 381 1146 419 ut
1176 373 1223 418 in
1250 369 1438 417 heroico
1464 368 1577 414 hex-

126 461 307 498 ametro
343 451 630 508 iincisioneS‚
667 468 782 513 quas
819 450 894 496 alii
930 467 1129 496 caesuras
1164 447 1420 511 appellant,
1460 462 1579 490 non-

127 529 242 573 nulli
278 528 507 574 sectiones
545 527 809 583 nominant,
833 526 989 581 facias,
1015 543 1130 588 quas
1157 523 1311 570 Graeci
1349 522 1435 567 rite
1473 538 1580 567 cus-

124 604 330 651 todiunt.
389 604 650 650 Incisiones
674 620 833 649 versus
861 602 1032 648 heroici
1060 610 1170 648 sunt
1194 608 1433 663 quattuor.
1487 596 1579 642 Hae

126 680 275 726 finitis
311 681 523 744 partibus
548 679 771 726 orationis
807 680 943 735 fiunt,
968 690 1015 725 et
1050 679 1130 724 tali
1156 676 1319 723 ordine
1354 674 1581 737 colligen-

126 766 216 803 tur.
287 757 445 803 Prima
471 765 541 802 est
564 757 865 818 πενθημιμερής.
937 754 1156 801 Secunda
1191 762 1261 799 est
1292 751 1431 798 ι(Κοιτόι
1455 749 1583 812 τρίτον

125 840 322 896 τροχαῖον.
392 833 553 878 Tertia
587 833 873 894 ἓφθημιμερής.
944 832 1124 884 Quarta
1152 826 1391 892 τετραποῧῖα
1414 826 1583 882 1βουκο-

126 910 220 965 λικῇ
253 909 440 963 dicitur,
465 908 575 971 quia
605 908 887 954 Theocritus
926 917 1088 953 auctor
1126 904 1327 953 bucolici
1360 902 1582 950 carminis

128 985 259 1031 ¹¹¹hac
284 985 545 1049 plurimum
574 1002 684 1030 usus
709 1002 808 1030 esse
833 984 1053 1030 creditur.

194 1063 498 1124 Πενθημιμερὴς
522 1070 593 1107 est
617 1061 965 1124 semiquinaria,
986 1060 1064 1106 ubi
1092 1066 1198 1122 post
1224 1057 1341 1103 duos
1366 1055 1511 1119 pedes
1536 1063 1582 1100 et
1603 1074 1619 1094 2

129 1155 271 1184 unam
307 1137 538 1201 syllabam
576 1155 680 1200 pars
705 1137 928 1182 orationis
965 1135 1196 1198 expletur.
1266 1133 1332 1179 Et
1368 1132 1472 1178 ideo
1495 1153 1583 1177 πεν-

127 1215 345 1277 θημιμερῆς
370 1222 577 1270 vocatur,
603 1214 745 1274 nquia
769 1213 979 1275 quinque
1005 1211 1148 1275 pedes
1174 1209 1343 1256 dividit
1368 1209 1450 1263 sic,

412 1296 622 1350 Defecisse
643 1294 768 1335 videt.

414 1363 471 1403 Se
490 1362 662 1418 signari
682 1361 826 1401 oculis.

129 1441 318 1487 Horum
364 1440 560 1487 residuis
598 1440 811 1504 partibus
851 1437 1052 1484 trimetri
1096 1436 1367 1501 anapaestici
1414 1435 1586 1499 hyper-

127 1517 341 1564 catalecti
370 1519 492 1564 fiunt
516 1517 677 1574 0tales,

416 1599 509 1640 Sua
514 1600 616 1653 jam
633 1598 843 1654 promissa
864 1597 1034 1652 reposci.

420 1666 541 1707 Ultro
560 1665 836 1722 implacabilis
856 1664 989 1704 ardet.

131 1744 281 1790 PHaec
317 1744 352 1789 si
393 1744 627 1807 acceperit
663 1761 808 1790 unam
846 1743 1054 1797 brevem,
1080 1739 1249 1786 ‘lfaciet
1289 1740 1421 1786 finita
1457 1748 1588 1802 parte

130 1819 353 1865 orationis
379 1819 634 1865 secundam
663 1835 907 1865 caesurarn.

198 1895 418 1942 Secunda
453 1905 522 1941 est
553 1896 682 1941 Γκοιτόι
707 1895 832 1957 τρίτον
850 1901 1047 1958 τροχαῖον,
1073 1893 1120 1939 in
1158 1911 1252 1955 qua
1287 1893 1420 1939 finita
1457 1902 1588 1956 parte
1607 1909 1624 1938 3

132 1972 371 2029 orationis,
396 1972 588 2018 tertium
616 1971 876 2018 trochaeum
902 1989 1067 2035 ponas,
1092 1988 1117 2016 a
1142 1988 1237 2033 quo
1263 1987 1438 2016 nomen
1465 1979 1479 1999 ⁵
1499 1980 1590 2016 tra-

132 2048 218 2105 xit,
243 2057 296 2095 ut
319 2057 404 2104 est,

186 2196 207 2223 h
227 2198 383 2233 Caesurae
406 2209 528 2233 versus
550 2196 708 2245 heroici]
734 2197 794 2233 De
816 2198 1049 2233 Incz'sz'om'bus
1069 2198 1112 2233 A.
1213 2194 1222 2222 i
1245 2195 1477 2239 mansionesl
1504 2198 1591 2231 inci-

132 2252 246 2286 siones
266 2250 360 2286 A.B.
410 2251 501 2286 Mox
523 2253 711 2286 nominant
731 2263 798 2299 pro
818 2256 947 2286 vocant
967 2251 1062 2286 A.B.
1206 2247 1226 2275 k
1247 2253 1338 2285 κατὰ
1358 2250 1476 2297 τρίτον]
1503 2251 1591 2285 lsata

133 2305 244 2340 triton
266 2303 432 2339 trocheon
452 2304 545 2339 A.B.
605 2305 723 2352 Supra
739 2304 1030 2351 penthemimeris
1050 2304 1144 2339 Ven.
1175 2311 1213 2338 et
1238 2302 1408 2338 similiter
1429 2302 1466 2338 in
1488 2316 1590 2351 seqq.

134 2355 146 2383 l
164 2369 228 2393 seu
247 2357 426 2400 βουκολική.
470 2357 694 2392 Theocritus
720 2365 850 2392 auctor
879 2356 1052 2393 carminis
1073 2356 1158 2402 hac]
1184 2357 1337 2392 bucolice
1356 2357 1488 2391 elicitur
1507 2358 1591 2404 quia

141 2410 350 2446 Theocritus
370 2415 496 2445 auctor
517 2411 667 2446 bucolici
682 2412 850 2446 carminis
862 2411 957 2446 A.B.
975 2420 1012 2446 et
1032 2411 1126 2445 Ven.
1144 2422 1218 2445 om.
1242 2411 1336 2456 quio.
1473 2416 1503 2434 m
1526 2410 1593 2445 hac

136 2462 338 2512 plurimum
361 2475 439 2498 esse
461 2464 564 2509 usus]
587 2476 630 2498 ac
644 2465 841 2511 plurimum
862 2476 945 2499 usus
965 2476 1036 2499 esse
1056 2463 1149 2499 A.B.
1384 2468 1404 2487 n
1424 2462 1510 2511 quia
1531 2475 1593 2511 pe-

138 2515 218 2561 des]
243 2516 329 2562 quia
349 2517 502 2563 quinque
521 2517 627 2562 pedes
646 2518 741 2552 A.B.
918 2523 936 2542 0
957 2530 1021 2552 sua
1035 2517 1132 2566 jam]
1159 2517 1248 2551 tales
1267 2513 1425 2562 suajam
1449 2518 1489 2551 A.
1512 2517 1595 2550 talis

137 2581 202 2604 sua
213 2567 298 2614 jam
316 2568 359 2603 Β.
382 2569 502 2616 Supra
518 2569 931 2618 hyperccttalectz'cafuz't
954 2570 1047 2606 Ven.
1158 2576 1178 2603 P
1200 2569 1293 2605 Haee
1312 2568 1400 2604 licet
1419 2568 1591 2618 accipiat]

140 2623 213 2658 haec
236 2623 266 2656 si
287 2623 462 2668 acceperit
483 2622 577 2657 A.B.
599 2623 680 2657 licet
701 2623 773 2659 haec
793 2625 922 2670 occipit
944 2624 1037 2660 Ven.
1058 2624 1088 2658 si,
1115 2623 1249 2658 scilicet
1279 2624 1434 2670 accipiat
1465 2623 1595 2658 Sante-

140 2674 224 2710 nius
244 2675 396 2710 Terent.
417 2674 540 2710 Maur.
564 2687 598 2722 p.
617 2685 703 2722 257.
866 2683 886 2710 q
905 2676 1106 2712 secundam
1138 2683 1263 2712 tamen
1288 2684 1392 2724 parte
1419 2675 1596 2710 orationis

140 2727 250 2764 faciet
278 2728 473 2774 caesuram]
495 2727 615 2775 faciet
633 2728 782 2776 finitam
811 2734 951 2774 partem
972 2731 1153 2764 'orationis
1171 2730 1362 2764 secundam
1388 2729 1596 2773 (secundum

141 2782 206 2826 B.)
229 2792 391 2816 cesarum
410 2781 504 2816 A.B.
524 2780 643 2827 faciet
660 2781 810 2828 finitam
838 2786 955 2816 tamen
984 2787 1126 2829 partem
1158 2784 1332 2817 orationis
1362 2783 1433 2816 sine
1463 2793 1597 2815 cresum.

142 2835 236 2870 Ven.
323 2841 337 2860 ¹*
356 2839 448 2869 κατὰ
467 2834 586 2882 τρίτον]
611 2839 693 2869 cota
715 2835 826 2868 triton
849 2836 1015 2870 trocheon
1036 2836 1131 2871 A.B.
1218 2842 1231 2860 s
1255 2835 1390 2870 mansit
1409 2834 1460 2879 ei]
1487 2834 1597 2868 traxit

144 2899 237 2935 A.B.
256 2887 335 2934 We
357 2899 485 2933 transit
508 2897 601 2933 Ven.
646 2896 738 2932 Mox
760 2896 815 2931 hic
836 2897 879 2933 B.

803 2967 944 3005 302
