1962 3355
124 207 230 238 CAP,
254 201 294 238 2.
593 190 678 236 De
700 189 956 253 Dactylico
979 196 1146 236 metro.
1512 197 1573 247 97

122 313 243 359 tiens
267 321 314 358 et
339 311 511 374 quibus
536 311 584 357 in
609 311 724 357 locis
748 328 831 375 per
855 311 1055 356 alternas
1090 310 1264 373 dactyli
1304 319 1351 355 et
1382 310 1575 373 spondei

122 387 246 433 vices
284 387 405 433 inter
433 405 481 432 se
506 388 683 432 obortae
707 387 1022 433 collocentur:
1059 404 1174 448 quas
1200 395 1359 431 tamen
1386 385 1579 447 triginta

122 463 239 510 duas
272 481 371 509 esse
405 463 710 508 manifestum
738 473 822 509 est.
895 462 984 508 Est
1020 471 1177 508 autem
1216 462 1385 507 herous
1421 478 1579 507 versus
1601 483 1640 512 24

122 549 391 603 temporum
423 539 592 602 viginti
625 548 863 601 quattuor,
889 539 1100 602 spondeo
1125 539 1375 584 dumtaxat
1393 538 1580 583 ultimo.

122 617 188 662 At
222 615 259 661 si
284 614 521 661 trochaeus
545 632 733 660 versum
768 615 1001 671 clauserit,
1025 614 1193 677 viginti
1229 614 1400 660 trium:
1438 631 1578 676 quem

121 692 288 738 volunt
321 691 481 737 haberi
517 691 849 737 hexametrum
886 692 1228 737 catalecticum.
1300 691 1581 737 Memineris
1602 710 1640 741 25

123 776 281 814 autem
320 785 443 831 saepe
470 768 657 813 Graecos
696 767 807 813 huic
843 776 997 814 metro
1034 767 1293 813 molossum
1332 779 1379 813 et
1413 767 1583 831 palim-

123 843 376 890 bacchium
413 852 460 889 et
497 843 723 889 creticum
760 844 865 889 loco
903 842 1079 907 dactyli
1118 844 1204 888 sub
1240 843 1343 906 lege
1379 844 1579 907 syllaba-

123 938 229 966 rum
256 919 587 967 communium
618 919 892 966 admiscere.
962 920 1089 966 Nam
1119 929 1166 965 et
1191 919 1314 983 apud
1342 939 1427 967 nos
1453 920 1582 966 simi·
1603 929 1642 960 26

124 995 179 1041 lis
211 1013 370 1042 versus
406 994 649 1059 reperitur,
675 995 721 1040 in
759 1012 853 1057 quo
889 994 1070 1058 primus
1110 994 1491 1057 amphimacrus:
1532 1003 1582 1039 ut

124 1080 209 1126 est,

391 1136 566 1183 Insulae
591 1137 724 1183 Ionio
749 1137 798 1183 in
821 1154 1006 1201 magno.

125 1223 220 1275 Qui
248 1232 407 1268 tamen
433 1231 559 1268 certa
585 1222 764 1268 ratione
791 1223 991 1269 creticus
1021 1232 1040 1261 ‘1
1058 1239 1149 1267 non
1179 1231 1263 1268 est.
1336 1223 1464 1267 Nam
1491 1230 1580 1268 ter-
1604 1243 1642 1273 27

124 1299 239 1345 tiam
268 1299 476 1361 longam,
499 1298 546 1344 id
573 1307 644 1344 est
668 1316 703 1344 ὥ
728 1298 1082 1361 diphthongon,
1108 1316 1213 1360 quae
1245 1299 1469 1345 creticum
1500 1316 1584 1361 pro

123 1375 313 1439 dactylo
348 1375 493 1432 dedit,
519 1392 719 1437 sequens
753 1375 932 1438 syllaba
961 1393 984 1420 a
1010 1375 1160 1421 vocali
1195 1375 1443 1438 incipiens,
1469 1374 1582 1420 dum

123 1460 312 1515 tempus
336 1452 502 1515 prioris
529 1452 574 1497 in
601 1469 649 1497 se
674 1451 833 1508 trahit,
858 1450 1054 1514 produci
1092 1469 1185 1497 non
1226 1451 1419 1514 patitur,
1445 1469 1585 1513 atque

122 1529 189 1575 ita
213 1529 493 1592 productam
519 1528 728 1574 vocalem
762 1528 1096 1591 superveniens
1126 1527 1215 1573 alia
1238 1526 1412 1573 vocalis
1438 1527 1584 1573 elidit.

123 1604 229 1651 Nec
253 1614 298 1651 te
325 1605 451 1652 idem
487 1623 569 1668 pes
594 1604 641 1650 in
668 1605 749 1650 illo
776 1622 910 1651 versu
935 1604 1156 1667 decipiat,
1184 1604 1313 1650 velut
1348 1602 1488 1665 hujus
1524 1603 1584 1649 si-
1605 1618 1644 1647 28

129 1682 269 1740 milis,
294 1682 375 1744 qui
402 1691 472 1727 est
497 1681 619 1738 talis,

389 1757 568 1804 Ponite
588 1778 603 1804 .·
641 1775 748 1820 spes
771 1758 863 1804 sibi
886 1759 1098 1822 quisque.

123 1835 231 1881 Nec
256 1834 385 1880 enim
412 1834 504 1891 hic,
528 1842 580 1880 ut
605 1834 654 1880 in
680 1834 936 1897 superiore,
955 1835 1137 1897 primus
1163 1851 1244 1897 pes
1268 1833 1468 1879 creticus
1495 1832 1583 1878 crit
1604 1853 1643 1886 29

124 1921 316 1975 propter
349 1910 465 1957 duas
491 1919 819 1967 consonantes,
845 1909 924 1955 sed
957 1927 1038 1972 pes
1071 1918 1141 1955 est
1172 1908 1404 1972 dactylus,
1426 1908 1583 1971 primo

125 1987 250 2050 quod
279 2004 384 2050 pars
409 1986 632 2032 orationis
670 1987 966 2050 compleatur
997 2003 1105 2031 cum
1143 1985 1278 2048 pede,
1304 1983 1350 2030 id
1376 1993 1460 2038 est,
1485 1984 1583 2030 Po-

124 2064 238 2120 m'te,
279 2063 453 2109 dehinc
491 2062 617 2125 quod
651 2080 705 2125 sp
747 2061 986 2125 sequentis
1026 2061 1158 2124 pedis
1207 2061 1394 2106 rinferri
1444 2077 1583 2123 supe-

124 2140 232 2185 riori
271 2157 364 2185 non
404 2148 618 2203 possunt,
656 2138 877 2200 Squando
919 2138 1066 2183 alium
1108 2138 1337 2184 inchoant
1373 2153 1580 2182 sensum.

124 2215 230 2262 Nec
266 2219 521 2277 tumquam
559 2222 874 2260 consonantes
910 2213 1016 2259 duae
1041 2214 1231 2277 longam
1259 2212 1489 2277 syllabam
1516 2211 1583 2257 fa·
1600 2230 1643 2259 30

125 2293 273 2347 ciunt,
298 2292 385 2338 nisi
413 2292 458 2338 in
486 2291 650 2338 eadem
684 2301 816 2355 parte
840 2291 965 2337 verbi
998 2290 1294 2337 constitutae:
1333 2287 1499 2351 uquod
1535 2296 1582 2334 et

125 2369 173 2415 in
199 2368 363 2416 ceteris
388 2369 763 2415 observabimus.

191 2444 369 2508 Incipit
394 2454 553 2491 autem
576 2453 623 2491 et
648 2444 875 2491 adcrescit
900 2462 984 2508 per
1009 2451 1265 2507 augmenta
1292 2441 1579 2505 syllabarum
1600 2459 1637 2488 31

125 2522 416 2586 dactylicum
455 2531 658 2568 metrum
686 2541 712 2568 a
735 2521 939 2569 dimetro
975 2537 1125 2581 usque
1151 2518 1208 2564 ad
1235 2519 1581 2565 hexametrum.

125 2599 231 2645 Erit
256 2616 367 2661 ergo
394 2616 550 2645 versus
576 2599 806 2645 dimetrus
832 2596 1150 2651 catalecticus,
1170 2595 1252 2658 qui
1276 2595 1461 2641 duobus
1488 2593 1581 2639 suis

126 2674 377 2721 dumtaxat
400 2674 600 2737 pedibus
626 2675 854 2731 subsistit,
877 2683 1141 2735 tamquam,

401 2752 600 2798 Terruit
626 2751 843 2797 Wurbem.

180 2861 200 2888 q
220 2866 295 2890 non
316 2851 388 2905 est]
413 2861 468 2890 est.
488 2854 528 2889 P.
678 2860 693 2879 r
713 2852 864 2898 inferre]
889 2849 1013 2887 inferri
1035 2851 1074 2886 P.
1223 2855 1238 2873 ⁵
1259 2846 1425 2896 quando]
1448 2856 1519 2901 que
1540 2844 1582 2879 P.

128 2919 137 2940 ¹
161 2919 340 2966 unquam]
366 2930 542 2967 umquam
564 2918 603 2953 P.
715 2924 735 2942 u
756 2915 872 2965 quod]
896 2927 966 2971 que
988 2915 1028 2950 P.
1141 2917 1163 2932 “’
1185 2912 1330 2957 orbem]
1355 2910 1481 2946 urbem
1504 2909 1545 2944 P.

848 2998 877 3026 ()
