1962 3355
339 182 424 220 584

339 297 469 332 terra.

853 184 1117 238 Scriptorum
1138 184 1294 239 aliquot

529 293 566 332 A
598 293 775 334 sinistra
807 295 915 334 enim
940 296 1123 349 primum
1156 295 1212 334 ad
1240 295 1449 336 deoeteram
1474 295 1700 335 yducebant
1719 296 1791 334 sti-

339 358 439 409 lum,
460 359 606 399 deinde
626 362 914 402 convertebant
942 363 993 402 ab
1020 364 1217 416 iifirior=i
1248 377 1399 402 rursus
1429 363 1599 402 deaetera
1628 376 1788 409 versus,

341 434 465 481 unos
486 432 523 467 et
543 427 738 483 hodieque
757 430 905 469 rustici
928 444 1072 470 versus
1093 436 1253 470 vocant.

397 494 564 534 aPoe'sis
585 500 645 534 est
664 508 767 549 opus
789 495 1010 536 maltorum
1026 497 1227 536 librorum
1241 513 1254 536 :
1279 503 1424 551 poema
1439 497 1567 536 unius
1581 512 1593 536 :
1616 496 1789 550 idyllion

334 574 568 615 paucorum
606 575 828 601 versuum:
871 563 1074 603 distichon
1104 564 1282 603 duorum
1315 578 1526 604 versuum.

1589 563 1790 603 Clausula

340 634 413 677 est,
435 642 557 683 quam
582 629 627 667 in
651 635 836 683 poemate
861 630 1017 684 epodon
1038 630 1229 680 dicimus,
1251 632 1297 671 in
1317 632 1503 671 oratione
1523 631 1681 670 brevem
1702 644 1791 670 seit-

340 696 523 734 tentiam.

396 761 625 802 bSenarios
657 776 801 803 versus
834 778 907 804 nos
939 777 990 804 ex
1019 778 1191 805 nuntero
1216 764 1369 819 pedum
1401 779 1617 805 vocamus:
1651 765 1789 805 Groecz·

339 845 449 879 vero,
471 832 569 886 quia
587 832 778 886 geminos
801 832 1000 886 eferbuit,
1024 834 1231 873 trimetros
1251 833 1406 873 dicunt.

394 897 679 938 dSolutionem
711 913 809 949 esse,
839 914 930 940 cum
957 915 1039 955 pro
1074 901 1201 956 longa
1235 901 1394 955 syllaba
1425 901 1518 941 duce
1549 901 1690 941 breves
1716 915 1790 956 po-

337 980 422 1005 nun
429 971 510 1005 tur.

394 1034 504 1074 Loca
535 1035 708 1089 inparia
742 1035 825 1074 clici
857 1050 1004 1083 mmm,
1036 1036 1135 1083 tria,
1166 1036 1369 1091 qui-nque:
1403 1036 1531 1090 paria
1563 1049 1657 1075 vero
1688 1035 1784 1084 (1αο,

337 1107 548 1157 quattuor,
567 1116 653 1142 sese.

394 1170 773 1210 ePentlzemimeren
793 1184 891 1220 esse,
913 1186 1003 1210 cum
1026 1171 1127 1211 duos
1150 1171 1272 1226 pedes
1291 1171 1477 1226 sequitur
1497 1170 1671 1225 syllaba,
1692 1183 1788 1224 quae

333 1242 496 1290 partem
517 1238 714 1277 terminat
734 1239 951 1278 orationis.

394 1303 786 1358 Hephthemimeren
806 1311 957 1355 autem,
977 1321 1069 1346 cum
1091 1311 1173 1346 tres
1186 1305 1312 1361 pedes
1331 1306 1520 1360 sequitur
1539 1305 1713 1360 syllaba.

397 1373 689 1413 Catalecticnm
719 1387 882 1413 versum
910 1374 1007 1422 dici,
1028 1375 1095 1413 cui
1125 1388 1212 1413 una
1238 1373 1397 1428 syllaba
1427 1373 1560 1413 deest:
1593 1371 1790 1427 fbracky-

392 1555 409 1582 δ’
425 1550 600 1585 ducebant
619 1551 756 1598 stilum]
788 1551 952 1588 Isidorus
973 1552 1035 1588 lib.

341 1601 408 1636 VI.
429 1614 459 1638 c.
478 1614 533 1648 14·
558 1605 777 1640 deducebant
796 1607 914 1640 stilum
931 1620 942 1640 :
975 1607 1036 1641 de-

342 1655 422 1689 inde
441 1657 736 1693 convertebantur
756 1659 800 1693 ab
822 1659 989 1706 inferiore
1004 1664 1038 1694 et

341 1720 482 1742 rursum
501 1711 550 1743 ad
577 1711 760 1746 dexterum
780 1724 910 1747 versus.
968 1711 1036 1747 Isi-

340 1759 417 1795 dori
445 1762 559 1797 codex
589 1763 650 1799 ille
679 1776 863 1801 annosus:
895 1777 1037 1800 eonver-

342 1814 509 1849 tebuntur
539 1817 588 1852 ud
621 1817 825 1865 inferiorem
853 1824 886 1854 et
916 1831 1038 1854 rursus

340 1868 388 1901 ud
406 1868 587 1904 dexterum
610 1883 741 1907 versus.
776 1871 929 1908 HEUS.

394 1927 410 1945 z
433 1934 519 1968 quos
545 1928 579 1958 et
606 1924 777 1972 hodieque
805 1926 946 1972 rustici]
981 1925 1039 1961 Sic

339 1972 450 2009 etiam
482 1975 596 2013 MSS.
630 1976 772 2021 Isidori,
804 1979 899 2027 apud
930 1991 1038 2027 quem

341 2039 440 2062 nnnc
459 2028 580 2065 editur
599 2043 683 2078 quos
711 2037 747 2067 et
773 2032 878 2068 hodie
907 2033 1038 2067 rustici.

341 2079 496 2116 HEUS.

394 2138 413 2158 a
435 2134 557 2171 Poe'sis
576 2142 627 2171 est
647 2137 749 2184 opus]
781 2138 945 2174 Isidorus
975 2137 1038 2175 lib.

342 2185 372 2221 1.
391 2198 421 2221 c.
439 2187 502 2232 38.
525 2201 560 2237 p.
579 2189 667 2237 853.
689 2204 766 2240 seq.
802 2192 955 2228 HEUS.

394 2235 414 2264 b
435 2240 605 2278 Senarz'os
622 2256 741 2280 versus
759 2246 839 2292 uos]
863 2245 948 2282 MS.
971 2259 1037 2294 pro

341 2304 402 2326 nos
424 2294 518 2330 male
538 2295 640 2332 dedit
661 2310 740 2332 non.
774 2298 884 2334 Conf.
905 2299 1037 2335 Isidor.

342 2343 363 2379 1.
385 2357 416 2380 c.
439 2359 473 2394 p.
493 2348 579 2395 852.
622 2350 774 2388 HEUS.

395 2399 582 2455 offertum]
616 2403 744 2439 Etiam
768 2404 887 2440 codex
907 2403 1038 2440 Isidori

342 2457 506 2497 optimus
532 2455 680 2491 exhibet
694 2456 851 2503 feriunt,
873 2470 939 2506 pro
966 2470 1039 2505 quo

341 2504 450 2539 ceteri
459 2505 591 2552 ferunt
611 2507 824 2556 importune
840 2509 1038 2545 inculcant.

341 2555 495 2594 HEUS.

399 2608 418 2636 d
439 2612 659 2649 Solutionem
682 2615 769 2661 esse]
794 2615 885 2651 Haec
900 2623 937 2651 et
958 2629 1040 2664 pro-

342 2663 441 2700 xima
469 2675 640 2716 excerpta
666 2676 753 2704 sunt
773 2681 793 2703 e
819 2669 934 2705 Servii
952 2681 1038 2705 cen-

344 2717 492 2755 timetro
513 2732 547 2768 p.
566 2732 579 2755 1
592 2720 633 2756 81
646 2732 678 2768 7.
719 2721 872 2758 HEUS.

401 2779 417 2798 e
452 2773 774 2821 Penthenzimeren]
816 2774 935 2811 Possit
972 2774 1037 2811 ali-

343 2827 424 2875 quis
463 2826 651 2875 suspicari,
688 2828 965 2875 penthemimere
1001 2831 1040 2874 (a

344 2880 477 2920 GraeCO
507 2882 718 2928 πενθημιμερῆ
748 2880 823 2916 scil.
853 2882 968 2927 τομὴν)
1002 2889 1038 2917 et

345 2932 468 2981 paullo
490 2940 572 2981 post
594 2934 891 2981 hephthemimere
914 2934 1039 2984 legen-

1092 1553 1178 1588 dum
1201 1564 1292 1588 esse.
1351 1551 1421 1587 Sed
1451 1551 1670 1587 creberrima
1699 1564 1788 1587 con-

1092 1605 1188 1641 fusio
1216 1605 1420 1641 litterarum
1449 1617 1464 1640 s
1490 1612 1527 1640 et
1555 1618 1590 1646 71,
1612 1617 1721 1654 quam
1752 1603 1788 1639 in

1092 1658 1218 1694 codice
1251 1665 1378 1693 nostro
1408 1658 1657 1699 observamus,
1689 1657 1788 1698 facit,

1094 1720 1133 1747 ut
1165 1711 1460 1758 penthemimeres
1498 1719 1535 1747 et
1572 1711 1791 1758 hephthemi-

1093 1777 1203 1800 meres
1231 1763 1466 1800 scribendum
1495 1776 1575 1800 esse
1606 1776 1790 1800 censeam.

1092 1817 1237 1854 Eodem
1273 1817 1386 1853 modo
1421 1816 1456 1852 in
1489 1816 1545 1853 his
1580 1816 1791 1853 nominibus

1095 1872 1301 1907 aberratum
1340 1880 1396 1906 est
1433 1883 1544 1918 supra
1581 1869 1618 1906 in
1657 1870 1792 1906 Isidori

1095 1923 1284 1960 vocabulis
1331 1923 1597 1973 grammaticis.
1680 1923 1790 1972 Apud

1097 1977 1261 2014 Servium
1277 1990 1313 2026 p.
1336 1989 1348 2012 1
1360 1977 1403 2012 81
1414 1988 1446 2024 7.
1461 1977 1584 2013 editur
1593 1978 1792 2025 penthemi-

1096 2033 1218 2066 merim
1233 2039 1269 2066 et
1284 2031 1622 2078 hephthemimerim.
1639 2030 1791 2066 HEUS.

1147 2083 1163 2110 f
1182 2084 1546 2130 brachycatalectum]
1570 2084 1661 2120 Haec
1674 2083 1793 2119 forma

1095 2137 1203 2187 hujus
1224 2136 1405 2178 vocabuli,
1427 2150 1535 2185 quam
1563 2136 1728 2173 Isidorus
1754 2135 1790 2172 in

1094 2190 1280 2227 vocabulis
1300 2189 1550 2239 grammaticis
1569 2198 1607 2226 et
1621 2190 1791 2238 frequen-

1093 2243 1260 2280 tissimus
1307 2244 1521 2279 Graecorum
1569 2256 1658 2278 usus
1705 2242 1793 2279 satis·

1094 2296 1372 2338 commendant,
1414 2308 1488 2331 non
1530 2295 1689 2331 deterior
1735 2303 1792 2331 est

1093 2349 1168 2391 illa,
1190 2362 1299 2398 quam
1327 2347 1425 2384 edita
1456 2347 1569 2385 Servii
1602 2348 1791 2397 exempla-

1094 2402 1145 2438 ria
1165 2402 1376 2452 praeferunt,
1395 2401 1790 2448 brachycatalecticum.

1094 2457 1297 2491 Auctorem
1326 2455 1395 2490 hoc
1422 2463 1459 2491 et
1485 2453 1620 2490 similia
1640 2454 1793 2490 nomina

1096 2508 1234 2544 Graecis
1280 2507 1411 2544 litteris
1457 2508 1658 2557 scripsisse,
1702 2507 1792 2543 illud

1095 2560 1206 2597 etiam
1238 2569 1293 2596 est
1330 2570 1562 2610 argumento,
1599 2561 1697 2610 quod
1734 2574 1791 2597 se-

1095 2613 1248 2663 quentia
1273 2616 1497 2650 acatalecton
1519 2622 1556 2650 et
1577 2615 1789 2662 hypercata-

1096 2669 1209 2704 lecton
1249 2668 1390 2704 Graecae
1431 2666 1690 2703 declinationis
1733 2679 1790 2703 ra-

1096 2721 1236 2757 tionem
1270 2729 1487 2769 sequuntur.
1543 2721 1688 2757 Tamen
1714 2721 1792 2756 haec

1094 2787 1242 2824 quoque
1271 2787 1292 2810 a
1322 2773 1435 2810 Servii
1466 2773 1619 2810 librariis
1652 2780 1792 2809 mutata

1095 2836 1182 2864 sunt
1208 2829 1245 2863 in
1267 2828 1541 2863 acatalecticum
1561 2834 1599 2862 et
1619 2827 1791 2873 hyperca-

1095 2883 1309 2918 talecticum.
1348 2880 1499 2916 HEUS.
