1962 3355
351 242 442 279 120
841 232 1000 279 Marii
1027 233 1081 278 V
1075 233 1263 279 ictor-ini
1617 249 1712 279 Lm.
1739 248 1795 279 11.

402 353 591 409 gRogas,
614 367 695 394 non
717 368 824 402 amo,
846 355 906 394 sic
925 369 967 394 se
987 356 1089 395 solet
1107 355 1244 394 accola
1248 355 1367 409 sago
1387 353 1589 393 canthara
1609 368 1775 395 comere.

307 425 469 472 9Haec
509 425 568 472 de
603 426 899 490 simplicibus
936 427 1219 490 antispastis.
1281 426 1399 478 Quae
1436 426 1647 472 admixta
1688 435 1798 472 sunt

346 501 562 548 iambicis
609 501 1021 566 conjugationibus
1070 502 1372 564 antispastica
1418 511 1465 547 et
1512 501 1799 563 jucundiora

347 587 458 624 sunt
493 587 539 624 et
572 596 753 634 sonora,
789 578 915 640 quod
952 578 1161 624 accidere
1197 578 1338 623 etiam
1382 577 1428 622 in
1467 576 1797 623 choriambicis

345 655 557 701 versibus
603 654 827 710 diximus,
869 654 1071 716 quadam
1120 653 1386 699 iamborum
1439 653 1613 716 pedum
1664 653 1798 714 quasi

347 730 678 793 conjugatione
703 731 970 792 conjuncta,
994 729 1138 775 veluti
1165 729 1430 774 trimetrum
1456 728 1797 781 catalecticum,

346 807 472 869 quod
498 807 643 852 solam
672 806 843 852 habeat
866 807 1072 870 primam
1093 804 1478 868 conjugationem
1501 803 1800 868 hantispasti-

347 900 468 938 cam,
503 899 609 945 pars
647 891 805 927 autem
842 881 942 942 ejus
977 880 1162 927 residua
1197 880 1403 926 iambico
1439 879 1641 927 dimetro
1674 890 1800 926 cata-

346 957 513 1003 lectico
539 957 839 1019 suppleatur:
875 965 942 1012 ut,

484 1032 662 1078 Libens
686 1031 769 1078 hoc
794 1032 881 1078 tibi
898 1031 1131 1094 persolvo,
1156 1048 1321 1079 amare
1344 1032 1448 1079 nolo
1473 1048 1770 1096 quemquam.

290 1133 327 1154 10
345 1109 693 1154 Tetrametrum
722 1107 1050 1154 catalecticum
1075 1107 1201 1170 quod
1235 1108 1378 1155 habet
1408 1109 1658 1155 iambicam
1687 1125 1798 1154 con-

337 1184 663 1248 jugationem:
705 1193 770 1240 ut,

478 1260 627 1307 Flavo
651 1261 783 1306 crine
806 1261 1035 1322 superbit,
1061 1268 1107 1307 et
1126 1261 1310 1325 gaudet
1331 1262 1709 1326 AEacidesjam.

345 1337 692 1383 Tetrametrum
741 1336 1205 1399 brachycatalectum
1245 1339 1372 1400 quod
1413 1339 1557 1385 habet
1596 1339 1798 1385 alternos

347 1412 650 1476 iantispastos
675 1422 721 1458 et
746 1412 979 1459 diiambos
1004 1413 1161 1477 pedes,
1232 1414 1410 1478 Incipit
1435 1424 1591 1461 autem
1628 1415 1686 1460 ab
1718 1432 1799 1460 an-

346 1488 567 1551 tispasto:
605 1497 670 1545 ut,

481 1564 676 1627 Agebat
697 1563 912 1611 volucres
937 1581 1078 1627 equos
1101 1565 1356 1611 kMaronis
1380 1565 1635 1628 Amyntas.

293 1661 324 1681 11
349 1641 470 1686 Item
510 1657 567 1685 ex
602 1639 788 1686 duobus
825 1641 1094 1704 antispastis
1130 1651 1176 1686 et
1208 1641 1412 1687 iambico
1444 1640 1648 1687 dimetro
1678 1648 1802 1687 cata-

349 1716 541 1762 lectico:
583 1727 647 1772 ut,

477 1790 714 1837 Amorum
741 1792 931 1838 comites
954 1799 1065 1838 sunt
1093 1792 1258 1839 Venus
1284 1799 1329 1839 et
1357 1792 1541 1854 Cupido
1563 1793 1708 1839 nobis.

348 1867 628 1913 Memineris
666 1885 791 1923 sane,
824 1887 882 1914 ne
919 1877 964 1914 te
995 1869 1114 1914 forte
1146 1869 1406 1916 confundat
1438 1870 1484 1915 in
1516 1869 1798 1932 quibusdam

348 1943 618 2007 antispastis
644 1943 756 1989 colis
783 1961 1008 1990 numerus
1034 1945 1243 2009 plurium
1265 1946 1569 2009 syllabarum,
1587 1962 1695 1991 nam
1719 1944 1801 1990 ubi

348 2019 520 2065 solutio
545 2019 697 2083 longae
733 2020 924 2084 syllabae
951 2022 1019 2077 fit,
1045 2021 1331 2084 syllabarum
1358 2021 1549 2084 quidem
1578 2038 1801 2067 numerus

348 2106 559 2158 augetur,
585 2104 853 2159 temporum
882 2106 1041 2143 autem
1066 2108 1344 2161 perseverat.
1380 2098 1512 2143 Vitat
1532 2107 1688 2143 autem
1712 2097 1802 2143 hoc

349 2180 553 2218 metrum
592 2172 685 2217 suis
719 2172 918 2234 pedibus
953 2174 1187 2220 concludi.
1247 2174 1383 2219 Nihil
1425 2174 1550 2219 enim
1585 2174 1672 2219 erit
1715 2174 1802 2219 hac

347 2247 521 2311 pedum
551 2248 760 2294 clausula
787 2248 1009 2311 asperius,
1034 2249 1150 2294 nihil
1179 2249 1357 2295 durius.

459 2379 592 2430 CAP.
624 2379 787 2430 VIII.
856 2381 940 2431 De
968 2390 1133 2432 metro
1160 2381 1342 2432 Ionieo
1369 2380 1460 2431 ἀπὶ
1489 2381 1689 2449 μείζονος.

417 2477 610 2523 Ionicus
645 2494 669 2522 a
704 2477 893 2539 majore,
919 2495 1060 2540 quem
1100 2479 1269 2525 musici
1305 2478 1380 2525 ἀπὸ
1410 2479 1582 2540 μείζονος
1616 2488 1802 2535 vocant,

351 2562 550 2610 constat,
575 2562 627 2598 ut
653 2571 791 2616 supra
816 2553 1078 2609 docuimus,
1103 2572 1160 2600 ex
1186 2554 1368 2601 duabus
1403 2555 1553 2618 longis
1582 2554 1804 2616 subjectis

405 2714 425 2742 g
444 2707 590 2756 Rogas]
615 2719 698 2742 cum
716 2719 822 2756 rogas
836 2708 875 2744 P.
945 2707 964 2733 h
986 2709 1267 2757 anapaesticam]
1287 2708 1562 2757 antispasticam
1582 2708 1624 2744 P.
1682 2705 1692 2732 i
1712 2720 1802 2743 ana·

351 2760 538 2810 paesticos]
561 2758 786 2809 antispastos
809 2761 846 2796 P.
957 2759 978 2786 k
998 2761 1184 2809 Maronis]
1207 2761 1365 2797 Marotis
1387 2762 1426 2796 P.

409 2895 442 2930 8.
464 2895 590 2943 Rogas
612 2906 686 2929 uon
708 2895 810 2941 amo]
836 2892 940 2929 Nihil
963 2907 1049 2943 pos·
1107 2894 1236 2930 afferre
1252 2893 1288 2929 in
1307 2894 1494 2930 medium:
1519 2907 1724 2942 quaeramus
1739 2893 1803 2943 igi-

352 2961 433 2984 sum
464 2948 510 2983 de
541 2948 610 2983 hoc
639 2946 807 2996 exemplo
831 2946 1050 2996 corrigendo
1108 2956 1165 2982 tur
1186 2946 1355 2996 amplius.
1388 2947 1583 2982 CAMER.
