1962 3355
355 194 451 241 464
959 194 1214 241 Diomedis
1608 209 1705 240 LIB.
1732 210 1806 240 111.

355 315 500 380 Apud
525 315 781 379 Virgilium
808 315 900 360 tale
924 328 1018 362 est:

527 398 742 437 Panditur
762 398 921 437 interea
942 396 1085 437 domus
1105 396 1395 450 omnipotentis
1419 395 1600 450 Olympi.

421 481 585 528 dIdem
614 481 897 545 spondiacus
924 481 1202 544 appellatus,
1227 497 1334 526 cum
1363 497 1528 526 omnes
1558 478 1806 544 spondeos,

356 576 497 621 quem
526 557 720 620 quidam
749 557 1055 602 molossicum
1082 555 1319 612 dixerunt,
1343 565 1412 611 ut,

526 639 731 679 eRomani
756 639 927 678 victores
952 638 1174 678 Germanis
1194 639 1379 678 devictis.

355 723 498 787 Apud
527 723 796 768 Homerum
825 721 917 767 tale
942 731 1026 777 est,

519 812 660 873 Ψυχὴν
684 812 910 868 κικλήσκων
934 815 1199 873 Πατροκλῆος
1223 811 1379 856 δειλοῖο.

428 968 547 1015 CAP.
566 968 704 1016 XIV.
740 968 822 1015 DE
849 982 1277 1015 PULCHRITUDINE
1304 982 1514 1013 HEROICI
1540 982 1744 1014 VERSUS.

419 1074 594 1120 Versus
634 1072 848 1119 heroicus
885 1072 921 1118 is
958 1072 1187 1134 dignitate
1229 1071 1408 1134 primus
1447 1080 1529 1125 est,
1555 1081 1601 1117 et
1636 1070 1808 1135 fplenae

355 1149 547 1196 rationis
581 1149 869 1213 perfectione
905 1150 1135 1204 firmatus,
1175 1166 1227 1194 ac
1263 1148 1408 1194 totius
1447 1148 1685 1211 gravitatis
1724 1148 1809 1193 ho-

355 1244 466 1272 nore
500 1226 732 1281 sublimis,
757 1226 1003 1288 multaque
1029 1224 1398 1289 pulchritudinis
1423 1232 1668 1270 venustate
1693 1241 1810 1287 prae-

355 1303 520 1357 clarus,
551 1301 672 1364 ffqui
711 1303 809 1348 sine
848 1303 941 1348 ulla
980 1301 1314 1364 conjunctione
1353 1319 1660 1364 quascunque
1696 1301 1807 1346 alias

354 1379 575 1425 orationis
624 1388 779 1442 partes
828 1379 891 1424 ita
943 1379 1119 1424 mutuis
1171 1378 1291 1424 inter
1337 1396 1385 1424 se
1434 1377 1807 1424 connexionibus

355 1454 560 1517 colligat,
608 1464 660 1500 ut
713 1454 758 1499 in
808 1454 1054 1500 scansione
1099 1455 1286 1518 propria
1331 1455 1489 1500 nullus
1536 1462 1671 1517 gpes,
1718 1454 1808 1499 nisi

356 1531 640 1578 novissimus
674 1530 909 1586 htantum,
937 1532 1167 1594 integram
1194 1542 1374 1596 partem
1411 1531 1633 1577 orationis
1659 1531 1809 1576 inclu-

355 1608 451 1665 dat,
489 1617 629 1670 atque
666 1608 731 1654 ita
770 1625 850 1653 sex
891 1608 1162 1671 regionibus
1202 1608 1296 1653 suis
1332 1607 1594 1670 spondeum
1635 1606 1806 1671 pedem

356 1684 697 1747 dactylumque
745 1683 995 1738 custodiat,
1036 1693 1089 1729 ut
1126 1683 1342 1748 dactylus
1385 1701 1586 1747 perraro,
1627 1693 1673 1730 et
1718 1685 1808 1730 hoc

356 1760 549 1823 quidem
593 1759 788 1805 ornandi
835 1760 1067 1823 poematis
1110 1759 1271 1823 gratia,
1311 1760 1526 1823 quintam
1565 1759 1807 1822 regionem

357 1855 491 1883 suam
519 1835 727 1900 spondeo
752 1835 994 1891 concedat,
1015 1836 1250 1900 spondeus
1275 1854 1383 1883 vero
1409 1836 1676 1900 ipostremis
1701 1836 1810 1882 fini-

318 1915 444 1960 2bus
488 1913 582 1959 suis
625 1930 869 1975 nunquam
913 1912 1155 1976 dactylum
1208 1913 1413 1976 patiatur
1453 1912 1668 1958 insidere.
1751 1912 1808 1958 In

356 1991 492 2037 tertia
518 2007 707 2052 quoque
743 1989 934 2052 regione
961 1989 1128 2035 melius
1156 1989 1392 2053 spondeus
1431 1988 1811 2053 kpenthemime-

356 2085 443 2124 res,
466 2084 607 2129 quam
641 2066 857 2129 dactylus
893 2065 1075 2111 dividit.
1146 2066 1302 2112 Ceteri
1335 2075 1492 2112 autem
1532 2065 1673 2129 pedes
1710 2065 1810 2110 sine

357 2144 451 2189 ulla
488 2143 608 2188 inter
646 2160 693 2188 se
730 2142 1012 2188 discretione
1046 2143 1296 2189 variantur.
1379 2142 1625 2205 ¹Exempli
1662 2141 1810 2204 gratia

355 2237 590 2283 ponamus
627 2219 832 2281 aliquem
876 2236 1079 2276 versum,
1104 2219 1185 2281 qui
1228 2219 1287 2264 sit
1323 2219 1394 2264 his
1436 2218 1671 2274 omnibus,
1705 2234 1809 2279 quae

411 2409 430 2437 d
450 2411 564 2458 idem]
589 2412 624 2446 id
645 2416 693 2446 est
714 2412 757 2447 A.
796 2411 892 2446 Tum
916 2413 1128 2458 spondiacus
1144 2411 1235 2446 AB.
1257 2410 1472 2457 spondiazon
1490 2409 1808 2445 Santen.Terent.

356 2465 478 2501 Maur.
501 2477 537 2512 p.
561 2475 642 2511 145.
673 2466 847 2511 spondeus
868 2465 1074 2511 appellatur
1094 2463 1192 2499 Ven.
1323 2469 1338 2488 e
1361 2462 1522 2498 Romani
1544 2460 1655 2497 muris
1674 2461 1809 2497 Albam

357 2519 553 2554 cinxerunt
573 2517 738 2565 longam.
766 2524 803 2552 et
823 2516 924 2558 illud,
945 2518 989 2552 τὼ
1009 2520 1033 2552 δ’
1055 2521 1086 2552 ἐν
1105 2519 1251 2563 μεσσήνῃ
1278 2514 1467 2561 ξυμβλήτην
1491 2515 1701 2562 ἀλλήλοισιν]
1738 2516 1809 2551 Ro-

356 2572 455 2607 mani
482 2572 633 2606 victores
658 2571 844 2605 Germanis
863 2571 1043 2605 devinctis
1079 2574 1168 2616 aput
1200 2571 1316 2616 (apud
1334 2569 1398 2615 A.)
1430 2569 1611 2603 homerum
1643 2570 1715 2603 tale
1744 2573 1808 2611 est,

353 2624 508 2671 psychen
540 2624 641 2658 cicles
671 2635 733 2657 con
766 2624 969 2669 patrocleos
999 2624 1108 2658 cliloz'o
1127 2623 1222 2658 AB.
1258 2623 1412 2657 Romani
1440 2624 1589 2657 victores
1616 2633 1810 2668 germanus

357 2678 497 2712 clametis
517 2677 614 2723 apud
635 2676 828 2711 Homerum
853 2676 948 2711 Ven.
1084 2674 1099 2701 f
1117 2675 1489 2725 plenae—foriiiatus]
1521 2681 1556 2710 ct
1578 2676 1746 2722 plenae—
1774 2687 1809 2708 r-

358 2736 477 2765 matus
496 2730 588 2764 AB.
726 2727 755 2754 ff
772 2729 851 2777 qui]
876 2741 951 2775 quae
971 2728 1067 2764 Ven.
1206 2736 1226 2762 g
1247 2741 1310 2777 pes
1331 2728 1471 2775 nullus]
1497 2729 1618 2763 nullus
1633 2739 1696 2774 pes
1716 2727 1807 2762 Α.Β.

358 2781 379 2809 h
401 2791 545 2819 tantum
566 2782 770 2831 integram]
798 2786 935 2816 tantum
959 2783 1134 2817 interdum
1157 2783 1332 2829 integram
1354 2782 1399 2817 Β.
1547 2779 1557 2806 i
1579 2780 1805 2829 postremus]

354 2837 545 2884 postremis
564 2836 608 2871 A.
643 2836 761 2883 Supra
780 2837 944 2870 concedet
964 2835 1009 2870 B.
1148 2833 1167 2860 k
1191 2834 1533 2883 penthemimerim]
1553 2833 1744 2881 pentheres
1763 2834 1808 2868 A.

355 2890 656 2937 pentlzememeres
677 2888 722 2925 B.
747 2888 838 2923 Ven.
950 2886 959 2914 l
981 2896 1016 2924 et
1036 2887 1218 2937 exempli]
1241 2893 1276 2923 et
1297 2900 1371 2924 om.
1394 2888 1485 2923 AB.
