1962 3355
349 224 410 261 84
858 212 1016 259 ,Marii
1042 212 1287 259 Victorini
1641 226 1738 258 ΜΒ.
1762 226 1796 257 1.

549 334 767 380 Paratus
790 350 926 379 omne
954 332 1159 379 Caesaris
1175 331 1445 393 periculum
1465 353 1480 385 ,-

348 411 383 457 si
410 410 634 472 adjeceris
659 410 867 473 longam,
891 409 1064 455 efficies
1088 407 1400 463 trochaicum,
1425 416 1493 462 ut,

551 486 595 532 O
610 492 821 548 paratus
845 501 981 530 omne
1009 482 1214 529 Ccesare's
1231 483 1517 545 periculum.

349 562 530 608 Rursus
555 561 796 607 trochaico
821 559 858 604 si
884 558 1102 604 detrahas
1127 558 1330 621 primam
1360 559 1605 622 syllabam,
1631 557 1799 604 iambi-

348 656 456 684 cum
484 637 672 691 efficies,
696 636 826 682 velut
851 645 936 691 est,

551 711 692 759 Celer
714 711 730 740 f
728 710 960 773 phaselus
983 711 1065 757 ille
1087 727 1223 774 quem
1247 711 1433 757 videtis.

311 813 328 844 5
348 790 446 850 Aut
487 806 594 835 cum
639 787 924 851 &dactylicis
965 787 1246 851 anapaestica
1293 787 1544 841 sociantur,
1585 785 1800 831 similiter

349 866 561 920 ἐπιπλοκὴν
585 864 764 919 ὃναῧικῆν
787 864 1037 926 τετράσημον
1060 863 1253 919 faciunt,
1278 872 1345 919 ut,

544 940 701 985 Arma
726 940 976 1002 virumque
1000 956 1128 985 ccmo.

310 1034 330 1066 6
350 1014 480 1062 Huic
506 1019 541 1061 si
569 1015 848 1061 accesserint
873 1015 978 1062 duae
1004 1017 1181 1071 breves,
1205 1015 1289 1060 fiet
1314 1013 1639 1076 anapaesticus,
1665 1020 1731 1067 ut,

544 1091 682 1137 Ades
706 1107 843 1137 arma
871 1091 1116 1154 virumque
1141 1107 1273 1136 cano.

314 1192 329 1222 7
352 1167 532 1212 Rursus
556 1166 739 1227 adjecta
763 1167 904 1229 longa
929 1168 1010 1212 fiet
1034 1166 1056 1195 h
1072 1166 1350 1229 dactylicus,
1376 1175 1442 1221 ut,

545 1241 651 1288 Pro
678 1242 790 1288 ades
815 1259 951 1288 arma
976 1242 1218 1305 virmnque
1244 1257 1372 1288 cano.

350 1317 519 1370 iQuod
546 1318 738 1380 adaeque
762 1329 814 1364 ut
841 1336 979 1381 supra
1011 1337 1092 1382 per
1117 1319 1232 1364 duas
1266 1318 1444 1381 species
1471 1317 1699 1364 variatum
1733 1328 1803 1363 est

348 1393 610 1456 kdactylici
646 1403 693 1440 et
731 1394 1017 1458 anapaestici,
1055 1406 1102 1440 et
1140 1394 1245 1440 ideo
1280 1394 1454 1450 δυαδικῆ,
1483 1393 1529 1439 id
1566 1402 1652 1450 est,
1688 1393 1803 1439 dua-

313 1486 331 1515 8
350 1488 457 1517 rum
482 1470 736 1534 amplexio.
807 1472 1105 1517 Tetrasernos
1136 1480 1296 1517 autem
1328 1479 1520 1533 propter
1553 1468 1804 1532 lquattuor

350 1555 580 1610 tempora,
617 1546 789 1608 quibus
830 1556 1031 1609 uterque
1077 1564 1159 1609 pes
1206 1545 1490 1600 extenditur,
1527 1545 1804 1609 appellatur,

313 1641 332 1672 9
351 1622 432 1684 qui
459 1622 506 1668 in
533 1621 918 1685 conjugationem
945 1622 1151 1686 copulati
1177 1622 1403 1668 octasemi
1429 1623 1564 1668 fiunt.
1628 1621 1805 1667 Obser-

350 1698 481 1743 vabis
523 1712 680 1744 autem
731 1699 778 1744 in
818 1699 906 1745 hac
947 1699 1102 1762 specie
1141 1717 1326 1763 semper
1365 1699 1481 1745 duas
1519 1699 1686 1744 breves
1723 1707 1805 1743 aut

351 1783 382 1802 m
400 1773 599 1835 adjicere
625 1784 704 1820 aut
729 1774 974 1820 detrahere
1010 1775 1198 1836 longam
1231 1792 1389 1828 unam,
1414 1783 1435 1803 ¹³
1452 1775 1562 1836 quia
1587 1783 1657 1819 est
1683 1782 1806 1818 uter-

295 1875 333 1896 10
350 1867 443 1912 que
485 1867 567 1912 pes
614 1850 898 1913 trisyllabos.
989 1851 1151 1896 Tertia
1190 1851 1382 1906 ἐπιπλοκὴ
1428 1860 1499 1895 est
1546 1850 1591 1894 in
1638 1848 1804 1894 ionicis

350 1925 536 1971 duobus
586 1934 632 1971 et
680 1934 699 1954 ⁰
716 1927 992 1972 choriambo
1043 1937 1090 1972 et
1132 1926 1406 1990 antispasto,
1444 1943 1549 1988 quae
1595 1925 1805 1988 τετραδικὴ

349 2002 671 2048 Phexasemos
708 2002 894 2058 dicitur,
930 2002 977 2047 id
1015 2012 1099 2060 est,
1135 2002 1374 2065 amplexio
1407 2001 1598 2064 quadra,
1635 2009 1806 2063 qquat-

296 2101 330 2122 11
351 2086 457 2123 tuor
490 2078 616 2123 enim
655 2077 798 2141 pedes
824 2079 912 2124 sibi
939 2088 1109 2125 mutuo
1138 2088 1529 2125 reonneetuntur.
1598 2076 1806 2139 Tempo-

349 2152 478 2198 ribus
515 2163 671 2198 autem
710 2171 791 2199 sex
828 2162 1104 2200 Sconstant:
1142 2171 1252 2199 nam
1290 2171 1398 2200 cum
1438 2153 1498 2199 sit
1535 2153 1610 2199 hic
1645 2169 1804 2198 versus

352 2228 494 2275 ionici
521 2229 730 2285 minoris,

484 2302 739 2368 Deafecit
764 2304 851 2350 dea
879 2304 990 2350 belli
1015 2304 1304 2351 dominatrioe
1326 2303 1573 2368 Phrygas.

405 2451 421 2479 f
438 2452 633 2500 Phaselus]
658 2453 848 2490 Phasellus
869 2455 908 2490 P.
1021 2461 1042 2489 g
1061 2454 1275 2504 dactylices]
1300 2454 1479 2491 dactilicis
1500 2456 1539 2491 P.
1635 2453 1656 2481 h
1677 2455 1804 2504 dacty-

351 2505 460 2552 licus]
485 2506 704 2555 dactylicum
727 2507 768 2541 P.
790 2507 846 2542 ed.
865 2508 969 2543 Cam.
1041 2506 1052 2533 i
1073 2508 1201 2555 Quod]
1227 2507 1299 2547 Qui
1321 2509 1361 2543 P.
1427 2506 1448 2533 k
1470 2507 1666 2557 dactylice]
1690 2507 1806 2544 dacti-

352 2558 412 2595 lici
432 2559 472 2594 P.
550 2557 561 2585 1
582 2560 758 2607 quatuor]
783 2568 956 2607 quattuor
976 2561 1017 2596 P.
1102 2568 1132 2587 m
1153 2561 1305 2610 adijere]
1330 2560 1473 2597 adicere
1494 2563 1535 2597 P.
1645 2567 1666 2586 n
1687 2561 1802 2609 quod]

353 2612 439 2660 quia
460 2613 499 2648 P.
629 2618 646 2637 o
668 2611 933 2659 choriambico]
958 2613 1173 2650 choriambo
1194 2615 1233 2649 P.
1381 2621 1400 2648 Ρ
1422 2614 1656 2660 hexasemos]
1680 2626 1807 2650 exase-

352 2677 433 2700 mos
453 2665 493 2700 P.
569 2670 589 2698 q
608 2665 782 2713 quatuor]
805 2674 982 2713 quattuor
1002 2666 1040 2702 P.
1143 2674 1157 2693 r
1177 2668 1470 2714 connectuntur]
1495 2674 1744 2704 conectuntur
1763 2667 1804 2702 P.

353 2723 367 2743 s
388 2717 579 2764 constant]
603 2726 751 2754 constat
771 2718 814 2753 P.

411 2829 469 2853 11.
493 2817 682 2865 Deafecit
702 2819 768 2853 (lea
787 2819 868 2853 belli
888 2819 1050 2854 domina·
1107 2820 1242 2856 sectam
1274 2820 1484 2863 continens,
1509 2834 1589 2869 quae
1618 2834 1739 2870 neque
1767 2820 1805 2856 in

352 2872 424 2906 trit
447 2870 632 2919 Phrygas]
669 2869 917 2907 Catalecticus
940 2878 1050 2907 tetra·
1107 2872 1186 2908 aliis
1214 2874 1390 2922 exemplis
1419 2874 1586 2910 adductis
1615 2875 1805 2922 requiren-

350 2932 480 2965 meter,
524 2923 664 2959 nullam
705 2923 932 2960 sententiam
967 2937 1051 2974 per·
1107 2925 1166 2967 da,
1187 2939 1271 2962 cum
1295 2926 1340 2963 de
1359 2927 1550 2964 autoribus
1571 2934 1716 2963 tantum
1748 2939 1806 2963 as-
