1962 3355
328 303 366 325 22
385 288 552 328 brevem
572 285 744 326 eandem
765 284 990 340 dsyllabam
1014 284 1212 325 conlocat.

383 175 469 216 532

832 173 879 212 F
878 173 904 213 l.
928 173 1115 214 Mallius
1140 170 1381 210 Theodorus

1273 282 1351 321 Est
1373 279 1493 319 etiam
1511 276 1739 319 communis
1759 277 1838 330 syl-

385 354 493 402 laba,
510 368 604 394 cum
621 352 859 409 praecedens
874 352 915 392 in
929 351 1110 393 vocalem
1127 348 1289 398 desinit,
1305 356 1504 401 esequens
1523 355 1659 386 autem
1683 343 1839 400 syllaba

385 422 444 462 ita
482 421 607 462 habet
646 420 750 460 duas
788 428 1072 469 consonanteS,
1110 429 1157 458 ut
1195 415 1308 471 prior
1347 413 1399 453 sit
1437 422 1553 453 muta
1585 421 1627 453 et
1666 425 1840 466 sequens

387 487 559 543 liquida,
583 495 630 527 ut

657 565 710 571 -
737 564 789 571 -
817 564 871 570 --
895 542 907 567 s
924 543 1031 578 Vasto
1050 542 1211 589 Cyclopis
1231 542 1266 575 ὶη
1287 545 1410 577 antro.

332 637 370 668 23
390 624 558 677 gAtque
584 622 672 661 haec
703 619 871 674 quidem
903 618 955 659 de
986 617 1151 674 syllabis
1183 616 1278 657 satis
1305 616 1471 658 dixisse.
1532 616 1657 656 Nunc
1686 614 1840 670 pedum

390 689 691 731 distinctionem
711 696 752 727 et
772 687 1007 726 varietatem
1030 699 1341 739 consequamur.

359 931 371 950 l

849 819 953 859 CAP.
987 818 1051 857 ΙΙ.
1097 817 1164 857 De
1193 817 1386 857 Pedibus.

449 907 797 963 hPentasyllabus
826 906 946 947 etiam
978 905 1150 961 quidam
1180 915 1221 946 et
1249 904 1539 961 hexasyllabus
1569 903 1709 959 pedeS‚
1740 918 1846 959 quos

395 975 532 1017 Graeci
564 975 753 1031 syzygias
783 984 944 1024 vocant,
974 973 1182 1014 faciendos
1213 972 1491 1021 crediderunt,
1520 986 1699 1028 quorum
1727 971 1846 1011 nobis

394 1043 601 1099 superflua
633 1054 671 1083 et
708 1041 838 1082 inanis
868 1057 993 1097 opera
1022 1041 1280 1097 repudianda
1311 1050 1385 1090 est,
1417 1056 1510 1081 cum
1548 1054 1690 1080 eorum
1723 1039 1845 1080 etiam

395 1111 563 1167 pedum,
585 1110 707 1165 iquos
737 1125 845 1165 saepe
866 1108 1212 1158 enumeravimus,
1235 1123 1357 1164 quam
1390 1108 1530 1164 plures
1555 1108 1607 1149 ab
1628 1107 1738 1148 omni
1761 1122 1844 1147 me-

440 1259 458 1286 d
474 1262 648 1308 syllabam
666 1261 847 1307 conlocat]
865 1260 989 1296 Etiam
1013 1266 1097 1308 post

398 1315 474 1350 haec
503 1315 613 1349 verba
643 1313 680 1349 iu
717 1313 879 1362 Guelph.
913 1311 1097 1349 recentior

399 1380 530 1403 manus
579 1379 654 1414 quae
695 1379 887 1415 perperam
936 1365 1095 1401 infercit.

400 1420 552 1456 HEUS.

453 1480 469 1498 θ
517 1485 664 1520 sequens
712 1472 849 1518 autem]
908 1468 1097 1506 Particula

400 1532 518 1562 autem
541 1534 577 1561 et
602 1524 674 1568 hic,
696 1533 733 1560 et
753 1524 847 1560 infra
866 1536 946 1571 cap.
970 1522 1036 1559 IV.
1061 1535 1094 1559 2.

400 1579 435 1615 in
458 1579 622 1626 Guelph.
654 1576 791 1626 scripta
819 1586 876 1613 est
894 1575 1097 1612 Tironiana

400 1640 501 1668 nota.
546 1631 629 1666 Has
649 1643 735 1666 vero
755 1639 863 1666 notas
884 1628 1096 1678 compendii

400 1697 511 1721 eausa
545 1684 736 1720 communi
775 1682 966 1731 scriptur-oe
1005 1695 1098 1717 non-

402 1749 592 1786 nunquam
627 1750 647 1772 a
680 1735 835 1772 librariis
874 1734 1099 1771 intermistas

402 1804 496 1832 esse,
546 1798 703 1826 testatur
757 1787 1003 1824 Mabillonius
1061 1788 1099 1823 in

402 1856 514 1891 opere
534 1842 778 1891 diplomatico
799 1841 863 1878 lib.
880 1841 928 1878 V.
951 1855 986 1890 p.
1008 1841 1099 1889 456.

406 1896 562 1933 HEUS.

430 1948 445 1975 f
461 1951 568 1985 Vasto
582 1950 744 1996 Cyclopis
756 1950 792 1983 in
806 1947 1099 1996 antro]Guelph.

406 2004 586 2051 Cyclopes.
644 2001 716 2037 Sed
751 2001 789 2037 in
826 2000 938 2037 Paris.
980 2001 1099 2037 hemi-

404 2055 562 2093 stichion
596 2054 685 2090 illud
721 2054 771 2090 ita
801 2053 946 2104 legitur,
969 2066 1102 2102 quem-

406 2109 608 2145 admodum
629 2116 686 2144 est
707 2107 744 2143 in
767 2106 895 2157 virgil.
918 2108 1009 2143 AEn.
1031 2107 1102 2143 ΙΙΙ.

407 2163 497 2209 617.
530 2162 685 2197 HEUS.

461 2222 482 2250 g
517 2216 639 2262 Atque
677 2215 750 2250 hoec
787 2214 945 2260 quidem]
986 2212 1105 2249 Parti-

407 2268 530 2304 culam
561 2274 682 2314 atque,
713 2279 825 2315 quarn
856 2266 1011 2302 fortasse
1044 2279 1105 2302 su-

410 2333 674 2370 pervacaneam
707 2332 787 2355 esse
822 2319 991 2361 credidit,
1023 2332 1103 2355 cor-

410 2381 529 2410 rector
567 2373 704 2409 codicis
743 2371 905 2420 Guelph.
942 2371 1105 2407 semicir-

410 2426 503 2464 culis
525 2424 747 2473 intersepsit.
780 2424 931 2460 HEUS.

464 2477 485 2504 h
526 2478 803 2524 Pentasyllabus
840 2478 966 2525 etiam]
1016 2477 1106 2512 Non

411 2530 534 2581 potuit
564 2539 693 2566 auctor
717 2529 768 2566 ita
793 2528 904 2565 ordiri
933 2529 979 2566 de
1004 2529 1106 2578 pedi-

412 2587 480 2622 bus
511 2582 784 2624 tractationem,
816 2595 972 2630 eamque
1001 2582 1108 2617 initio

413 2651 479 2674 suo
515 2644 722 2673 truncatam
762 2648 854 2678 esse,
891 2636 978 2671 inde
1017 2648 1107 2684 qno-

413 2703 486 2740 que
515 2697 678 2740 apparet,
708 2687 807 2737 quod
843 2687 1036 2736 aliquoties
1072 2688 1108 2723 in

414 2745 484 2780 hoc
520 2743 601 2793 ipso
634 2741 757 2790 capite
788 2741 981 2790 profitetur
1011 2741 1108 2777 Mal-

415 2797 495 2839 lius,
535 2809 574 2832 se
612 2795 747 2845 pedum
788 2806 983 2830 numerum
1022 2803 1109 2831 ante

414 2850 630 2892 declarasse,
669 2851 773 2897 cujus
817 2848 867 2883 rei
906 2854 1030 2883 tamen
1071 2847 1107 2883 in

415 2903 523 2945 libro,
541 2911 583 2940 ut
602 2901 639 2938 in
662 2909 788 2937 nostro
809 2899 958 2949 quidem
979 2899 1109 2937 codice

1153 1258 1320 1300 habetur,
1337 1257 1533 1309 vestigium
1556 1257 1698 1294 nullum
1720 1270 1847 1306 super-

1152 1323 1219 1348 est.
1267 1312 1459 1348 Librarius
1480 1310 1670 1353 nimirum,
1691 1310 1753 1359 qui
1768 1313 1847 1360 jain

1153 1365 1242 1400 alios
1274 1365 1318 1400 de
1353 1364 1506 1413 pedibus
1536 1364 1693 1406 libellos,
1721 1363 1849 1412 quales

1153 1417 1191 1453 in
1219 1418 1551 1467 Guelpherbytano
1579 1416 1781 1467 exemplari
1810 1429 1849 1453 e-

1152 1470 1240 1506 tiam
1262 1473 1533 1507 commentario
1552 1470 1735 1506 Malliano
1756 1482 1848 1518 prae-

1154 1523 1362 1565 mittuntur,
1373 1523 1628 1572 descripserat,
1640 1523 1850 1572 pedumque

1153 1576 1307 1612 nomina
1340 1585 1449 1625 atque
1481 1577 1750 1625 explicationes
1784 1575 1849 1612 ali-

1153 1629 1298 1678 quoties
1315 1630 1525 1672 iteraverat,
1545 1642 1666 1678 operae
1686 1628 1848 1678 pretium

1154 1695 1193 1719 se
1212 1682 1397 1718 facturum
1415 1694 1497 1719 esse
1519 1695 1591 1717 non
1614 1680 1850 1725 existimavit,

1155 1734 1183 1771 si
1216 1735 1339 1771 denno
1378 1736 1613 1778 exscriberet,
1647 1747 1756 1784 qoam
1792 1733 1851 1771 hic

1155 1789 1339 1838 adjecerat
1369 1797 1508 1830 noster,
1530 1788 1666 1837 pedum
1696 1800 1852 1824 enume-

1157 1843 1351 1877 rationem.
1429 1843 1486 1878 Ita
1524 1841 1643 1890 inepti
1689 1840 1853 1876 hominis

1156 1893 1355 1930 oscitantia
1384 1894 1520 1931 factum
1549 1902 1618 1936 est,
1641 1902 1681 1930 ut.
1700 1893 1852 1930 interci-

1157 1947 1254 1984 derit
1270 1948 1376 1997 hujus
1389 1947 1518 1997 capitis
1532 1947 1739 1989 exordium,
1751 1946 1852 1996 quod

1157 2013 1177 2036 e
1211 2000 1444 2037 bibliothecis
1478 2000 1610 2037 Galliae
1639 2001 1853 2037 restitutum

1160 2053 1203 2089 iri
1241 2054 1375 2090 frustra
1422 2066 1666 2103 speraveram.
1727 2053 1854 2090 Codex

1161 2106 1274 2143 Paris.
1304 2106 1395 2143 nihil
1424 2108 1484 2143 hie
1513 2106 1594 2156 opis
1623 2107 1755 2150 adfert,
1782 2105 1854 2142 nisi

1160 2161 1259 2209 quod
1281 2159 1512 2196 accusativos
1534 2161 1697 2202 Graecos,
1720 2161 1855 2195 Penta-

1159 2214 1318 2260 syllabus
1349 2233 1403 2257 ·-.‘
1434 2214 1695 2260 hexasyllabus,
1734 2219 1856 2248 mutat

1161 2265 1200 2302 in
1217 2267 1387 2307 Latinos,
1401 2267 1670 2313 pentasyllabos
1683 2286 1736 2292 —
1749 2266 1855 2301 hexa-

1159 2320 1325 2366 syllabos
1357 2319 1513 2355 HEUS.

1214 2369 1225 2398 i
1246 2384 1332 2419 quos
1350 2384 1442 2418 soepe
1461 2372 1761 2419 enumeravimus]
1778 2371 1858 2406 ·Pa-

1163 2423 1221 2459 ris.
1239 2437 1325 2471 quos
1338 2437 1428 2472 saepe
1443 2425 1737 2460 enumerabimus.
1752 2425 1856 2460 Neu-

1163 2485 1220 2512 tra
1239 2476 1421 2524 scriptura
1441 2476 1588 2513 tolerari
1610 2486 1743 2527 potest.
1765 2476 1856 2513 Edi·

1164 2530 1268 2566 derat
1287 2530 1507 2566 Theodorus
1527 2542 1614 2578 quos
1637 2543 1748 2578 supra
1771 2542 1858 2566 enu-

1162 2585 1389 2620 meravimus.
1466 2587 1515 2620 At
1561 2583 1730 2620 librarius
1781 2583 1857 2627 ille,

1165 2649 1274 2684 quem
1297 2636 1538 2673 adnotatione
1558 2637 1747 2685 superiore
1759 2636 1858 2672 frau-

1166 2688 1222 2725 dis
1237 2690 1484 2740 coarguimus,³
1502 2689 1723 2739 particulam
1734 2702 1857 2736 supra,

1165 2742 1338 2779 facinoris
1369 2742 1569 2792 perpetrati
1599 2742 1771 2785 indicem,
1802 2742 1858 2778 in-

1165 2795 1331 2844 tercepit,
1344 2796 1435 2832 etin
1455 2796 1575 2832 locum
1597 2807 1751 2831 vacuum
1770 2808 1860 2842 saepe

1163 2847 1382 2887 introduxit.
1450 2849 1562 2886 Conf.
1605 2848 1699 2885 infra
1745 2862 1781 2884 n.
1819 2860 1857 2895 4.

1166 2902 1321 2939 HEUS.
