<?xml version="1.0" encoding="UTF-8"?>
<!DOCTYPE html PUBLIC "-//W3C//DTD XHTML 1.0 Transitional//EN"
    "http://www.w3.org/TR/xhtml1/DTD/xhtml1-transitional.dtd">
<html xmlns="http://www.w3.org/1999/xhtml" xml:lang="en" lang="en">
 <head>
  <title>
</title>
<meta http-equiv="Content-Type" content="text/html;charset=utf-8" />
  <meta name='ocr-system' content='tesseract 3.04.00' />
  <meta name='ocr-capabilities' content='ocr_page ocr_carea ocr_par ocr_line ocrx_word'/>
</head>
<body>
  <div class='ocr_page' id='page_1' title='image "./scriptoreslatini00gaisuoft_0505.png"; bbox 0 0 1962 3355; ppageno 0'>
   <div class='ocr_carea' id='block_1_1' title="bbox 136 165 1586 229">
    <p class='ocr_par' dir='ltr' id='par_1_1' title="bbox 136 165 1586 229">
     <span class='ocr_line' id='line_1_1' title="bbox 136 165 1586 229; baseline -0.003 -15"><span class='ocrx_word' id='word_1_1' title='bbox 136 183 242 215; x_wconf 87' lang='lat' dir='ltr'><strong>CAP.</strong></span> <span class='ocrx_word' id='word_1_2' title='bbox 258 175 338 213; x_wconf 88' lang='grc'>34.</span> <span class='ocrx_word' id='word_1_3' title='bbox 558 166 641 212; x_wconf 88' lang='lat' dir='ltr'>De</span> <span class='ocrx_word' id='word_1_4' title='bbox 663 182 886 213; x_wconf 82' lang='lat' dir='ltr'>versuum</span> <span class='ocrx_word' id='word_1_5' title='bbox 906 165 1180 229; x_wconf 82' lang='lat' dir='ltr'>generibus.</span> <span class='ocrx_word' id='word_1_6' title='bbox 1493 171 1586 222; x_wconf 88' lang='grc'>487</span> 
     </span>
    </p>
   </div>
   <div class='ocr_carea' id='block_1_2' title="bbox 133 281 1593 1483">
    <p class='ocr_par' dir='ltr' id='par_1_2' title="bbox 133 281 1592 424">
     <span class='ocr_line' id='line_1_2' title="bbox 134 281 1592 348; baseline -0.005 -16"><span class='ocrx_word' id='word_1_7' title='bbox 134 303 271 332; x_wconf 88' lang='lat' dir='ltr'>verus</span> <span class='ocrx_word' id='word_1_8' title='bbox 304 295 376 331; x_wconf 88' lang='lat' dir='ltr'>est</span> <span class='ocrx_word' id='word_1_9' title='bbox 410 301 575 330; x_wconf 86' lang='lat' dir='ltr'>omnes</span> <span class='ocrx_word' id='word_1_10' title='bbox 616 293 797 348; x_wconf 85' lang='lat' dir='ltr'><strong>septem</strong></span> <span class='ocrx_word' id='word_1_11' title='bbox 837 283 1066 329; x_wconf 83' lang='lat' dir='ltr'>troehaeos</span> <span class='ocrx_word' id='word_1_12' title='bbox 1107 281 1266 335; x_wconf 83' lang='lat' dir='ltr'>habet,</span> <span class='ocrx_word' id='word_1_13' title='bbox 1303 290 1351 326; x_wconf 89' lang='lat' dir='ltr'>et</span> <span class='ocrx_word' id='word_1_14' title='bbox 1389 281 1592 344; x_wconf 88' lang='lat' dir='ltr'>semipe-</span> 
     </span>
     <span class='ocr_line' id='line_1_3' title="bbox 133 358 1558 424; baseline -0.004 -16"><span class='ocrx_word' id='word_1_15' title='bbox 133 362 259 420; x_wconf 85' lang='lat' dir='ltr'><strong>dem,</strong></span> <span class='ocrx_word' id='word_1_16' title='bbox 277 362 324 408; x_wconf 88' lang='lat' dir='ltr'>id</span> <span class='ocrx_word' id='word_1_17' title='bbox 350 371 420 408; x_wconf 88' lang='lat' dir='ltr'>est</span> <span class='ocrx_word' id='word_1_18' title='bbox 445 379 590 408; x_wconf 86' lang='lat' dir='ltr'>unam</span> <span class='ocrx_word' id='word_1_19' title='bbox 618 361 866 424; x_wconf 84' lang='lat' dir='ltr'>syllabam,</span> <span class='ocrx_word' id='word_1_20' title='bbox 890 359 1024 420; x_wconf 86' lang='lat' dir='ltr'>cujus</span> <span class='ocrx_word' id='word_1_21' title='bbox 1050 358 1326 421; x_wconf 83' lang='lat' dir='ltr'>exemplum</span> <span class='ocrx_word' id='word_1_22' title='bbox 1354 358 1447 403; x_wconf 85' lang='lat' dir='ltr'>tale</span> <span class='ocrx_word' id='word_1_23' title='bbox 1472 367 1558 413; x_wconf 87' lang='lat' dir='ltr'>est,</span> 
     </span>
    </p>

    <p class='ocr_par' dir='ltr' id='par_1_3' title="bbox 134 434 1593 880">
     <span class='ocr_line' id='line_1_4' title="bbox 304 434 1396 490; baseline -0.005 -12"><span class='ocrx_word' id='word_1_24' title='bbox 304 440 560 479; x_wconf 78' lang='lat' dir='ltr'>⁰I7nmerens</span> <span class='ocrx_word' id='word_1_25' title='bbox 579 451 688 477; x_wconf 81' lang='lat' dir='ltr'>auus</span> <span class='ocrx_word' id='word_1_26' title='bbox 709 437 869 476; x_wconf 83' lang='lat' dir='ltr'>virente</span> <span class='ocrx_word' id='word_1_27' title='bbox 887 441 996 476; x_wconf 79' lang='lat' dir='ltr'>secta</span> <span class='ocrx_word' id='word_1_28' title='bbox 1012 436 1143 490; x_wconf 83' lang='lat' dir='ltr'>pinus</span> <span class='ocrx_word' id='word_1_29' title='bbox 1164 435 1210 473; x_wconf 81' lang='lat' dir='ltr'>iu</span> <span class='ocrx_word' id='word_1_30' title='bbox 1235 434 1396 489; x_wconf 80' lang='lat' dir='ltr'>Grago.</span> 
     </span>
     <span class='ocr_line' id='line_1_5' title="bbox 135 507 1590 573; baseline -0.004 -15"><span class='ocrx_word' id='word_1_31' title='bbox 135 512 234 558; x_wconf 81' lang='lat' dir='ltr'>Hic</span> <span class='ocrx_word' id='word_1_32' title='bbox 260 513 315 557; x_wconf 89' lang='lat' dir='ltr'>fit</span> <span class='ocrx_word' id='word_1_33' title='bbox 350 529 458 558; x_wconf 89' lang='lat' dir='ltr'>cum</span> <span class='ocrx_word' id='word_1_34' title='bbox 498 511 555 557; x_wconf 89' lang='lat' dir='ltr'>ad</span> <span class='ocrx_word' id='word_1_35' title='bbox 592 510 784 556; x_wconf 84' lang='lat' dir='ltr'>iambici</span> <span class='ocrx_word' id='word_1_36' title='bbox 822 509 918 556; x_wconf 87' lang='lat' dir='ltr'>veri</span> <span class='ocrx_word' id='word_1_37' title='bbox 960 509 1248 573; x_wconf 88' lang='lat' dir='ltr'>principium</span> <span class='ocrx_word' id='word_1_38' title='bbox 1292 507 1481 553; x_wconf 80' lang='lat' dir='ltr'>additur</span> <span class='ocrx_word' id='word_1_39' title='bbox 1508 525 1590 571; x_wconf 85' lang='lat' dir='ltr'>pes</span> 
     </span>
     <span class='ocr_line' id='line_1_6' title="bbox 134 584 1592 651; baseline -0.003 -17"><span class='ocrx_word' id='word_1_40' title='bbox 134 589 406 651; x_wconf 80' lang='lat' dir='ltr'>trisyllabus</span> <span class='ocrx_word' id='word_1_41' title='bbox 440 588 810 651; x_wconf 82' lang='lat' dir='ltr'>amphimacrus.</span> <span class='ocrx_word' id='word_1_42' title='bbox 882 587 1075 650; x_wconf 80' lang='lat' dir='ltr'>Recipit</span> <span class='ocrx_word' id='word_1_43' title='bbox 1111 585 1253 650; x_wconf 90' lang='lat' dir='ltr'>pedes</span> <span class='ocrx_word' id='word_1_44' title='bbox 1286 585 1357 631; x_wconf 90' lang='lat' dir='ltr'>sui</span> <span class='ocrx_word' id='word_1_45' title='bbox 1394 584 1592 647; x_wconf 79' lang='lat' dir='ltr'>generis,</span> 
     </span>
     <span class='ocr_line' id='line_1_7' title="bbox 134 660 1593 727; baseline -0.003 -17"><span class='ocrx_word' id='word_1_46' title='bbox 134 682 228 727; x_wconf 88' lang='lat' dir='ltr'>qua</span> <span class='ocrx_word' id='word_1_47' title='bbox 249 664 427 710; x_wconf 86' lang='lat' dir='ltr'>ratione</span> <span class='ocrx_word' id='word_1_48' title='bbox 453 664 510 710; x_wconf 88' lang='lat' dir='ltr'>de</span> <span class='ocrx_word' id='word_1_49' title='bbox 535 664 740 710; x_wconf 87' lang='lat' dir='ltr'>iambico</span> <span class='ocrx_word' id='word_1_50' title='bbox 765 663 990 709; x_wconf 83' lang='lat' dir='ltr'>diximus.</span> <span class='ocrx_word' id='word_1_51' title='bbox 1060 662 1139 708; x_wconf 82' lang='lat' dir='ltr'>Fit</span> <span class='ocrx_word' id='word_1_52' title='bbox 1171 661 1439 708; x_wconf 85' lang='lat' dir='ltr'>trochaicus</span> <span class='ocrx_word' id='word_1_53' title='bbox 1466 660 1593 724; x_wconf 85' lang='lat' dir='ltr'>Hip-</span> 
     </span>
     <span class='ocr_line' id='line_1_8' title="bbox 134 738 1591 804; baseline -0.002 -18"><span class='ocrx_word' id='word_1_54' title='bbox 134 742 398 804; x_wconf 78' lang='lat' dir='ltr'>ponactiUS,</span> <span class='ocrx_word' id='word_1_55' title='bbox 440 740 666 803; x_wconf 85' lang='lat' dir='ltr'>quoniam</span> <span class='ocrx_word' id='word_1_56' title='bbox 705 739 910 786; x_wconf 88' lang='lat' dir='ltr'>iambico</span> <span class='ocrx_word' id='word_1_57' title='bbox 957 747 1214 802; x_wconf 75' lang='lat' dir='ltr'>Peognatus</span> <span class='ocrx_word' id='word_1_58' title='bbox 1256 747 1341 784; x_wconf 87' lang='lat' dir='ltr'>est.</span> <span class='ocrx_word' id='word_1_59' title='bbox 1430 738 1591 799; x_wconf 89' lang='lat' dir='ltr'>Hujus</span> 
     </span>
     <span class='ocr_line' id='line_1_9' title="bbox 134 817 523 880; baseline -0.003 -17"><span class='ocrx_word' id='word_1_60' title='bbox 134 817 411 880; x_wconf 84' lang='lat' dir='ltr'>exemplum</span> <span class='ocrx_word' id='word_1_61' title='bbox 438 826 523 873; x_wconf 81' lang='lat' dir='ltr'>est,</span> 
     </span>
    </p>

    <p class='ocr_par' dir='ltr' id='par_1_4' title="bbox 137 891 1251 1020">
     <span class='ocr_line' id='line_1_10' title="bbox 306 891 1251 947; baseline -0.003 -14"><span class='ocrx_word' id='word_1_62' title='bbox 306 900 325 928; x_wconf 77' lang='lat' dir='ltr'>q</span> <span class='ocrx_word' id='word_1_63' title='bbox 338 894 452 933; x_wconf 84' lang='lat' dir='ltr'>Festi</span> <span class='ocrx_word' id='word_1_64' title='bbox 474 893 561 933; x_wconf 81' lang='lat' dir='ltr'>dies</span> <span class='ocrx_word' id='word_1_65' title='bbox 581 906 743 932; x_wconf 69' lang='lat' dir='ltr'>anzoena</span> <span class='ocrx_word' id='word_1_66' title='bbox 764 892 852 931; x_wconf 80' lang='lat' dir='ltr'>luce</span> <span class='ocrx_word' id='word_1_67' title='bbox 868 896 1104 947; x_wconf 75' lang='lat' dir='ltr'>prsepoteus</span> <span class='ocrx_word' id='word_1_68' title='bbox 1123 891 1251 931; x_wconf 77' lang='lat' dir='ltr'>salve.</span> 
     </span>
     <span class='ocr_line' id='line_1_11' title="bbox 137 964 896 1020; baseline -0.003 -9"><span class='ocrx_word' id='word_1_69' title='bbox 137 964 248 1011; x_wconf 92' lang='lat' dir='ltr'>Hoc</span> <span class='ocrx_word' id='word_1_70' title='bbox 273 965 339 1011; x_wconf 89' lang='lat' dir='ltr'>sic</span> <span class='ocrx_word' id='word_1_71' title='bbox 363 975 447 1019; x_wconf 82' lang='lat' dir='ltr'>est,</span> <span class='ocrx_word' id='word_1_72' title='bbox 477 975 531 1011; x_wconf 85' lang='lat' dir='ltr'>ut</span> <span class='ocrx_word' id='word_1_73' title='bbox 556 965 591 1011; x_wconf 84' lang='lat' dir='ltr'>si</span> <span class='ocrx_word' id='word_1_74' title='bbox 619 965 762 1011; x_wconf 85' lang='lat' dir='ltr'>facias</span> <span class='ocrx_word' id='word_1_75' title='bbox 788 965 896 1020; x_wconf 83' lang='lat' dir='ltr'>tale,</span> 
     </span>
    </p>

    <p class='ocr_par' dir='ltr' id='par_1_5' title="bbox 135 1040 1593 1248">
     <span class='ocr_line' id='line_1_12' title="bbox 311 1040 1390 1098; baseline -0.003 -16"><span class='ocrx_word' id='word_1_76' title='bbox 311 1043 524 1082; x_wconf 76' lang='lat' dir='ltr'>rSocrates</span> <span class='ocrx_word' id='word_1_77' title='bbox 544 1042 682 1098; x_wconf 76' lang='lat' dir='ltr'>ligure</span> <span class='ocrx_word' id='word_1_78' title='bbox 698 1047 858 1097; x_wconf 75' lang='lat' dir='ltr'>guttur</span> <span class='ocrx_word' id='word_1_79' title='bbox 874 1041 1055 1096; x_wconf 79' lang='lat' dir='ltr'>pendulo</span> <span class='ocrx_word' id='word_1_80' title='bbox 1075 1055 1223 1080; x_wconf 79' lang='lat' dir='ltr'>cavum</span> <span class='ocrx_word' id='word_1_81' title='bbox 1245 1040 1390 1080; x_wconf 80' lang='lat' dir='ltr'>vinclo.</span> 
     </span>
     <span class='ocr_line' id='line_1_13' title="bbox 136 1114 1593 1180; baseline -0.001 -18"><span class='ocrx_word' id='word_1_82' title='bbox 136 1117 269 1168; x_wconf 85' lang='lat' dir='ltr'>Quos</span> <span class='ocrx_word' id='word_1_83' title='bbox 292 1125 449 1162; x_wconf 80' lang='lat' dir='ltr'>autem</span> <span class='ocrx_word' id='word_1_84' title='bbox 477 1115 619 1180; x_wconf 92' lang='lat' dir='ltr'>pedes</span> <span class='ocrx_word' id='word_1_85' title='bbox 646 1115 838 1178; x_wconf 85' lang='lat' dir='ltr'>Srecipit</span> <span class='ocrx_word' id='word_1_86' title='bbox 858 1132 914 1161; x_wconf 84' lang='lat' dir='ltr'>ex</span> <span class='ocrx_word' id='word_1_87' title='bbox 941 1114 1260 1178; x_wconf 84' lang='lat' dir='ltr'>superioribus</span> <span class='ocrx_word' id='word_1_88' title='bbox 1285 1115 1446 1176; x_wconf 85' lang='lat' dir='ltr'>liquet.</span> <span class='ocrx_word' id='word_1_89' title='bbox 1488 1114 1593 1160; x_wconf 86' lang='lat' dir='ltr'>Fiet</span> 
     </span>
     <span class='ocr_line' id='line_1_14' title="bbox 135 1191 828 1248; baseline -0.001 -10"><span class='ocrx_word' id='word_1_90' title='bbox 135 1192 376 1238; x_wconf 87' lang='lat' dir='ltr'>trochaico</span> <span class='ocrx_word' id='word_1_91' title='bbox 401 1192 568 1238; x_wconf 90' lang='lat' dir='ltr'>colobo</span> <span class='ocrx_word' id='word_1_92' title='bbox 594 1192 628 1237; x_wconf 92' lang='lat' dir='ltr'>si</span> <span class='ocrx_word' id='word_1_93' title='bbox 656 1191 828 1248; x_wconf 79' lang='lat' dir='ltr'>dicam,</span> 
     </span>
    </p>

    <p class='ocr_par' dir='ltr' id='par_1_6' title="bbox 134 1268 1593 1483">
     <span class='ocr_line' id='line_1_15' title="bbox 306 1268 1347 1323; baseline -0.003 -14"><span class='ocrx_word' id='word_1_94' title='bbox 306 1269 500 1309; x_wconf 79' lang='lat' dir='ltr'>Socrates</span> <span class='ocrx_word' id='word_1_95' title='bbox 523 1268 774 1323; x_wconf 76' lang='lat' dir='ltr'>trahuntque</span> <span class='ocrx_word' id='word_1_96' title='bbox 793 1268 923 1307; x_wconf 79' lang='lat' dir='ltr'>siccas</span> <span class='ocrx_word' id='word_1_97' title='bbox 943 1268 1146 1307; x_wconf 64' lang='lat' dir='ltr'>machinae</span> <span class='ocrx_word' id='word_1_98' title='bbox 1165 1269 1347 1308; x_wconf 78' lang='lat' dir='ltr'>carinas.</span> 
     </span>
     <span class='ocr_line' id='line_1_16' title="bbox 134 1341 1593 1406; baseline 0 -18"><span class='ocrx_word' id='word_1_99' title='bbox 134 1341 201 1388; x_wconf 86' lang='lat' dir='ltr'>Et</span> <span class='ocrx_word' id='word_1_100' title='bbox 226 1342 303 1388; x_wconf 87' lang='lat' dir='ltr'>hie</span> <span class='ocrx_word' id='word_1_101' title='bbox 327 1342 494 1406; x_wconf 79' lang='lat' dir='ltr'>recipit</span> <span class='ocrx_word' id='word_1_102' title='bbox 518 1342 749 1388; x_wconf 81' lang='lat' dir='ltr'>trochaeos</span> <span class='ocrx_word' id='word_1_103' title='bbox 775 1351 821 1387; x_wconf 88' lang='lat' dir='ltr'>et</span> <span class='ocrx_word' id='word_1_104' title='bbox 846 1350 1022 1387; x_wconf 84' lang='lat' dir='ltr'>ceteros</span> <span class='ocrx_word' id='word_1_105' title='bbox 1047 1342 1116 1387; x_wconf 90' lang='lat' dir='ltr'>sui</span> <span class='ocrx_word' id='word_1_106' title='bbox 1149 1342 1332 1405; x_wconf 81' lang='lat' dir='ltr'>generis</span> <span class='ocrx_word' id='word_1_107' title='bbox 1366 1342 1524 1406; x_wconf 82' lang='lat' dir='ltr'>pedes,</span> <span class='ocrx_word' id='word_1_108' title='bbox 1547 1351 1593 1388; x_wconf 89' lang='lat' dir='ltr'>et</span> 
     </span>
     <span class='ocr_line' id='line_1_17' title="bbox 134 1418 1048 1483; baseline 0 -20"><span class='ocrx_word' id='word_1_109' title='bbox 134 1418 181 1463; x_wconf 86' lang='lat' dir='ltr'>in</span> <span class='ocrx_word' id='word_1_110' title='bbox 209 1418 350 1464; x_wconf 78' lang='lat' dir='ltr'>ssimo</span> <span class='ocrx_word' id='word_1_111' title='bbox 375 1418 642 1483; x_wconf 90' lang='lat' dir='ltr'>spondeum</span> <span class='ocrx_word' id='word_1_112' title='bbox 670 1418 741 1464; x_wconf 89' lang='lat' dir='ltr'>vel</span> <span class='ocrx_word' id='word_1_113' title='bbox 768 1419 1048 1464; x_wconf 83' lang='lat' dir='ltr'>trochaeum.</span> 
     </span>
    </p>
   </div>
   <div class='ocr_carea' id='block_1_3' title="bbox 645 1560 1088 1623">
    <p class='ocr_par' dir='ltr' id='par_1_7' title="bbox 645 1560 1088 1623">
     <span class='ocr_line' id='line_1_18' title="bbox 645 1560 1088 1623; baseline 0 -16"><span class='ocrx_word' id='word_1_114' title='bbox 645 1560 732 1607; x_wconf 89' lang='lat' dir='ltr'>De</span> <span class='ocrx_word' id='word_1_115' title='bbox 756 1560 1088 1623; x_wconf 80' lang='lat' dir='ltr'>Asclepiadeo.</span> 
     </span>
    </p>
   </div>
   <div class='ocr_carea' id='block_1_4' title="bbox 199 1647 1590 1714">
    <p class='ocr_par' dir='ltr' id='par_1_8' title="bbox 199 1647 1590 1714">
     <span class='ocr_line' id='line_1_19' title="bbox 199 1647 1590 1714; baseline 0.001 -21"><span class='ocrx_word' id='word_1_116' title='bbox 199 1647 571 1712; x_wconf 83' lang='lat' dir='ltr'>Asclepiadeum</span> <span class='ocrx_word' id='word_1_117' title='bbox 597 1649 656 1695; x_wconf 90' lang='lat' dir='ltr'>ab</span> <span class='ocrx_word' id='word_1_118' title='bbox 682 1659 872 1695; x_wconf 83' lang='lat' dir='ltr'>auctore</span> <span class='ocrx_word' id='word_1_119' title='bbox 897 1649 1096 1707; x_wconf 88' lang='lat' dir='ltr'>dictum,</span> <span class='ocrx_word' id='word_1_120' title='bbox 1120 1650 1277 1712; x_wconf 76' lang='lat' dir='ltr'>tcujus</span> <span class='ocrx_word' id='word_1_121' title='bbox 1314 1650 1590 1714; x_wconf 87' lang='lat' dir='ltr'>exemplum</span> 
     </span>
    </p>
   </div>
   <div class='ocr_carea' id='block_1_5' title="bbox 138 1734 1064 1858">
    <p class='ocr_par' dir='ltr' id='par_1_9' title="bbox 138 1734 1064 1858">
     <span class='ocr_line' id='line_1_20' title="bbox 138 1734 224 1779; baseline 0 -9"><span class='ocrx_word' id='word_1_122' title='bbox 138 1734 224 1779; x_wconf 87' lang='lat' dir='ltr'>est,</span> 
     </span>
     <span class='ocr_line' id='line_1_21' title="bbox 360 1802 1064 1858; baseline 0.001 -18"><span class='ocrx_word' id='word_1_123' title='bbox 360 1802 417 1841; x_wconf 90' lang='lat' dir='ltr'><em>M</em></span> <span class='ocrx_word' id='word_1_124' title='bbox 418 1815 573 1841; x_wconf 75' lang='lat' dir='ltr'>ceceuas</span> <span class='ocrx_word' id='word_1_125' title='bbox 594 1802 734 1842; x_wconf 80' lang='lat' dir='ltr'>atavis</span> <span class='ocrx_word' id='word_1_126' title='bbox 753 1802 858 1842; x_wconf 80' lang='lat' dir='ltr'>edite</span> <span class='ocrx_word' id='word_1_127' title='bbox 878 1803 1064 1858; x_wconf 77' lang='lat' dir='ltr'>regibus.</span> 
     </span>
    </p>
   </div>
   <div class='ocr_carea' id='block_1_6' title="bbox 136 1873 1595 1939">
    <p class='ocr_par' dir='ltr' id='par_1_10' title="bbox 136 1873 1595 1939">
     <span class='ocr_line' id='line_1_22' title="bbox 136 1873 1595 1939; baseline 0.003 -21"><span class='ocrx_word' id='word_1_128' title='bbox 136 1873 234 1919; x_wconf 88' lang='lat' dir='ltr'>Hic</span> <span class='ocrx_word' id='word_1_129' title='bbox 268 1883 468 1937; x_wconf 85' lang='lat' dir='ltr'>upotest,</span> <span class='ocrx_word' id='word_1_130' title='bbox 494 1873 620 1919; x_wconf 87' lang='lat' dir='ltr'>uude</span> <span class='ocrx_word' id='word_1_131' title='bbox 657 1883 785 1920; x_wconf 85' lang='lat' dir='ltr'>ortus</span> <span class='ocrx_word' id='word_1_132' title='bbox 822 1883 908 1930; x_wconf 83' lang='lat' dir='ltr'>est,</span> <span class='ocrx_word' id='word_1_133' title='bbox 935 1875 990 1921; x_wconf 91' lang='lat' dir='ltr'>ad</span> <span class='ocrx_word' id='word_1_134' title='bbox 1028 1884 1380 1939; x_wconf 82' lang='lat' dir='ltr'>pentametrum</span> <span class='ocrx_word' id='word_1_135' title='bbox 1422 1876 1595 1939; x_wconf 81' lang='lat' dir='ltr'>elegia-</span> 
     </span>
    </p>
   </div>
   <div class='ocr_carea' id='block_1_7' title="bbox 136 1950 1153 2085">
    <p class='ocr_par' dir='ltr' id='par_1_11' title="bbox 136 1950 1153 2085">
     <span class='ocr_line' id='line_1_23' title="bbox 136 1950 1069 2015; baseline 0.002 -19"><span class='ocrx_word' id='word_1_136' title='bbox 136 1968 247 1997; x_wconf 86' lang='lat' dir='ltr'>cum</span> <span class='ocrx_word' id='word_1_137' title='bbox 273 1950 437 2013; x_wconf 81' lang='lat' dir='ltr'>redigi,</span> <span class='ocrx_word' id='word_1_138' title='bbox 464 1950 620 1997; x_wconf 82' lang='lat' dir='ltr'>addita</span> <span class='ocrx_word' id='word_1_139' title='bbox 649 1969 741 1997; x_wconf 89' lang='lat' dir='ltr'>una</span> <span class='ocrx_word' id='word_1_140' title='bbox 766 1952 964 2015; x_wconf 82' lang='lat' dir='ltr'>syllaba,</span> <span class='ocrx_word' id='word_1_141' title='bbox 989 1952 1069 2007; x_wconf 81' lang='lat' dir='ltr'>sic,</span> 
     </span>
     <span class='ocr_line' id='line_1_24' title="bbox 362 2027 1153 2085; baseline 0.003 -18"><span class='ocrx_word' id='word_1_142' title='bbox 362 2027 420 2067; x_wconf 92' lang='lat' dir='ltr'><em>M</em></span> <span class='ocrx_word' id='word_1_143' title='bbox 419 2041 575 2067; x_wconf 81' lang='lat' dir='ltr'>cecenas</span> <span class='ocrx_word' id='word_1_144' title='bbox 595 2029 735 2068; x_wconf 82' lang='lat' dir='ltr'>atavis</span> <span class='ocrx_word' id='word_1_145' title='bbox 756 2029 861 2068; x_wconf 79' lang='lat' dir='ltr'>edite</span> <span class='ocrx_word' id='word_1_146' title='bbox 880 2030 1153 2085; x_wconf 70' lang='lat' dir='ltr'>vremigibus.</span> 
     </span>
    </p>
   </div>
   <div class='ocr_carea' id='block_1_8' title="bbox 135 2093 1031 2161">
    <p class='ocr_par' dir='ltr' id='par_1_12' title="bbox 135 2093 1031 2161">
     <span class='ocr_line' id='line_1_25' title="bbox 135 2093 1031 2161; baseline 0.004 -22"><span class='ocrx_word' id='word_1_147' title='bbox 135 2093 277 2147; x_wconf 79' lang='lat' dir='ltr'>Quod</span> <span class='ocrx_word' id='word_1_148' title='bbox 302 2094 394 2140; x_wconf 82' lang='lat' dir='ltr'>tale</span> <span class='ocrx_word' id='word_1_149' title='bbox 419 2105 505 2152; x_wconf 82' lang='lat' dir='ltr'>est,</span> <span class='ocrx_word' id='word_1_150' title='bbox 531 2096 671 2158; x_wconf 90' lang='lat' dir='ltr'>quale</span> <span class='ocrx_word' id='word_1_151' title='bbox 694 2096 851 2143; x_wconf 86' lang='lat' dir='ltr'>Willud</span> <span class='ocrx_word' id='word_1_152' title='bbox 877 2115 1031 2161; x_wconf 83' lang='lat' dir='ltr'>supra,</span> 
     </span>
    </p>
   </div>
   <div class='ocr_carea' id='block_1_9' title="bbox 132 2248 1594 2362">
    <p class='ocr_par' dir='ltr' id='par_1_13' title="bbox 132 2248 1594 2362">
     <span class='ocr_line' id='line_1_26' title="bbox 187 2248 1594 2304; baseline 0.005 -21"><span class='ocrx_word' id='word_1_153' title='bbox 187 2254 206 2273; x_wconf 92' lang='lat'><em>0</em></span> <span class='ocrx_word' id='word_1_154' title='bbox 227 2248 312 2284; x_wconf 88' lang='lat' dir='ltr'>Jam</span> <span class='ocrx_word' id='word_1_155' title='bbox 335 2248 423 2284; x_wconf 83' lang='lat' dir='ltr'>satis</span> <span class='ocrx_word' id='word_1_156' title='bbox 452 2250 557 2287; x_wconf 83' lang='lat' dir='ltr'>terris</span> <span class='ocrx_word' id='word_1_157' title='bbox 589 2249 727 2287; x_wconf 84' lang='lat' dir='ltr'>virente</span> <span class='ocrx_word' id='word_1_158' title='bbox 753 2259 856 2288; x_wconf 85' lang='lat' dir='ltr'>secta</span> <span class='ocrx_word' id='word_1_159' title='bbox 884 2251 994 2302; x_wconf 85' lang='lat' dir='ltr'>pinus</span> <span class='ocrx_word' id='word_1_160' title='bbox 1024 2252 1061 2289; x_wconf 92' lang='lat' dir='ltr'>in</span> <span class='ocrx_word' id='word_1_161' title='bbox 1088 2255 1193 2304; x_wconf 82' lang='lat' dir='ltr'>agro]</span> <span class='ocrx_word' id='word_1_162' title='bbox 1225 2256 1412 2290; x_wconf 81' lang='lat' dir='ltr'>immerens</span> <span class='ocrx_word' id='word_1_163' title='bbox 1431 2267 1522 2290; x_wconf 84' lang='lat' dir='ltr'>anus</span> <span class='ocrx_word' id='word_1_164' title='bbox 1542 2255 1594 2290; x_wconf 82' lang='lat' dir='ltr'>vi-</span> 
     </span>
     <span class='ocr_line' id='line_1_27' title="bbox 132 2304 1592 2362; baseline 0.004 -26"><span class='ocrx_word' id='word_1_165' title='bbox 132 2306 233 2337; x_wconf 87' lang='lat' dir='ltr'>rente</span> <span class='ocrx_word' id='word_1_166' title='bbox 251 2306 348 2337; x_wconf 85' lang='lat' dir='ltr'>secta</span> <span class='ocrx_word' id='word_1_167' title='bbox 365 2304 472 2350; x_wconf 81' lang='lat' dir='ltr'>pinus</span> <span class='ocrx_word' id='word_1_168' title='bbox 493 2305 593 2362; x_wconf 53' lang='lat' dir='ltr'>iginus</span> <span class='ocrx_word' id='word_1_169' title='bbox 614 2306 649 2340; x_wconf 84' lang='lat' dir='ltr'>in</span> <span class='ocrx_word' id='word_1_170' title='bbox 667 2318 784 2352; x_wconf 73' lang='lat' dir='ltr'>grego</span> <span class='ocrx_word' id='word_1_171' title='bbox 804 2306 897 2342; x_wconf 89' lang='grc' dir='ltr'>Α.Β.</span> <span class='ocrx_word' id='word_1_172' title='bbox 920 2306 983 2354; x_wconf 91' lang='lat' dir='ltr'>qui</span> <span class='ocrx_word' id='word_1_173' title='bbox 1012 2316 1174 2358; x_wconf 85' lang='lat' dir='ltr'>pergunt</span> <span class='ocrx_word' id='word_1_174' title='bbox 1199 2309 1255 2344; x_wconf 85' lang='lat' dir='ltr'>hic</span> <span class='ocrx_word' id='word_1_175' title='bbox 1261 2309 1313 2357; x_wconf 84' lang='lat' dir='ltr'>fit</span> <span class='ocrx_word' id='word_1_176' title='bbox 1333 2321 1413 2344; x_wconf 84' lang='lat' dir='ltr'>cuni</span> <span class='ocrx_word' id='word_1_177' title='bbox 1433 2310 1481 2344; x_wconf 75' lang='lat' dir='ltr'>acl</span> <span class='ocrx_word' id='word_1_178' title='bbox 1500 2309 1592 2343; x_wconf 80' lang='lat' dir='ltr'>iam-</span> 
     </span>
    </p>
   </div>
   <div class='ocr_carea' id='block_1_10' title="bbox 133 2367 1596 2946">
    <p class='ocr_par' dir='ltr' id='par_1_14' title="bbox 133 2367 1596 2946">
     <span class='ocr_line' id='line_1_28' title="bbox 136 2367 1594 2420; baseline 0.004 -19"><span class='ocrx_word' id='word_1_179' title='bbox 136 2367 201 2402; x_wconf 85' lang='lat' dir='ltr'>bici</span> <span class='ocrx_word' id='word_1_180' title='bbox 235 2368 309 2401; x_wconf 88' lang='lat' dir='ltr'>veri</span> <span class='ocrx_word' id='word_1_181' title='bbox 337 2369 556 2415; x_wconf 79' lang='lat' dir='ltr'>principium</span> <span class='ocrx_word' id='word_1_182' title='bbox 589 2371 738 2405; x_wconf 76' lang='lat' dir='ltr'>additur</span> <span class='ocrx_word' id='word_1_183' title='bbox 768 2382 830 2417; x_wconf 91' lang='lat' dir='ltr'>pes</span> <span class='ocrx_word' id='word_1_184' title='bbox 863 2372 1069 2418; x_wconf 70' lang='lat' dir='ltr'>trisyllabus</span> <span class='ocrx_word' id='word_1_185' title='bbox 1100 2374 1367 2420; x_wconf 75' lang='lat' dir='ltr'>amphimacrus</span> <span class='ocrx_word' id='word_1_186' title='bbox 1387 2373 1443 2409; x_wconf 86' lang='lat' dir='ltr'>hic</span> <span class='ocrx_word' id='word_1_187' title='bbox 1469 2374 1594 2419; x_wconf 78' lang='lat' dir='ltr'>recipit</span> 
     </span>
     <span class='ocr_line' id='line_1_29' title="bbox 136 2421 1595 2470; baseline 0.004 -16"><span class='ocrx_word' id='word_1_188' title='bbox 136 2421 287 2466; x_wconf 87' lang='lat' dir='ltr'>(recepit</span> <span class='ocrx_word' id='word_1_189' title='bbox 300 2421 362 2466; x_wconf 93' lang='lat' dir='ltr'>A.)</span> <span class='ocrx_word' id='word_1_190' title='bbox 392 2422 499 2467; x_wconf 80' lang='lat' dir='ltr'>pedes</span> <span class='ocrx_word' id='word_1_191' title='bbox 525 2424 581 2457; x_wconf 84' lang='lat' dir='ltr'>sui</span> <span class='ocrx_word' id='word_1_192' title='bbox 607 2425 749 2469; x_wconf 80' lang='lat' dir='ltr'>generis</span> <span class='ocrx_word' id='word_1_193' title='bbox 768 2436 876 2470; x_wconf 82' lang='lat' dir='ltr'>quum</span> <span class='ocrx_word' id='word_1_194' title='bbox 897 2436 969 2460; x_wconf 85' lang='lat' dir='ltr'>rem</span> <span class='ocrx_word' id='word_1_195' title='bbox 990 2426 1033 2461; x_wconf 82' lang='lat' dir='ltr'>(Ie</span> <span class='ocrx_word' id='word_1_196' title='bbox 1052 2427 1204 2462; x_wconf 82' lang='lat' dir='ltr'>iambico</span> <span class='ocrx_word' id='word_1_197' title='bbox 1224 2428 1375 2462; x_wconf 68' lang='lat' dir='ltr'>diximus</span> <span class='ocrx_word' id='word_1_198' title='bbox 1392 2427 1486 2464; x_wconf 92' lang='lat' dir='ltr'>A.B.</span> <span class='ocrx_word' id='word_1_199' title='bbox 1507 2426 1595 2462; x_wconf 78' lang='lat' dir='ltr'>Jani</span> 
     </span>
     <span class='ocr_line' id='line_1_30' title="bbox 133 2474 1594 2529; baseline 0.006 -23"><span class='ocrx_word' id='word_1_200' title='bbox 133 2474 222 2507; x_wconf 84' lang='lat' dir='ltr'>satis</span> <span class='ocrx_word' id='word_1_201' title='bbox 243 2474 347 2508; x_wconf 83' lang='lat' dir='ltr'>terris</span> <span class='ocrx_word' id='word_1_202' title='bbox 363 2486 437 2509; x_wconf 88' lang='lat' dir='ltr'>om.</span> <span class='ocrx_word' id='word_1_203' title='bbox 456 2474 551 2510; x_wconf 88' lang='lat' dir='ltr'>Ven.</span> <span class='ocrx_word' id='word_1_204' title='bbox 567 2475 629 2523; x_wconf 88' lang='lat' dir='ltr'>qui</span> <span class='ocrx_word' id='word_1_205' title='bbox 650 2485 735 2524; x_wconf 87' lang='lat' dir='ltr'>post</span> <span class='ocrx_word' id='word_1_206' title='bbox 755 2489 845 2523; x_wconf 80' lang='lat' dir='ltr'>agro</span> <span class='ocrx_word' id='word_1_207' title='bbox 866 2476 970 2513; x_wconf 82' lang='lat' dir='ltr'>addit</span> <span class='ocrx_word' id='word_1_208' title='bbox 991 2479 1106 2528; x_wconf 86' lang='lat' dir='ltr'>hicfit</span> <span class='ocrx_word' id='word_1_209' title='bbox 1127 2482 1254 2528; x_wconf 80' lang='lat' dir='ltr'>recipit</span> <span class='ocrx_word' id='word_1_210' title='bbox 1274 2488 1345 2516; x_wconf 82' lang='lat' dir='ltr'>etc.</span> <span class='ocrx_word' id='word_1_211' title='bbox 1421 2486 1440 2514; x_wconf 84' lang='lat' dir='ltr'><strong>P</strong></span> <span class='ocrx_word' id='word_1_212' title='bbox 1456 2491 1594 2529; x_wconf 83' lang='lat' dir='ltr'>cogna-</span> 
     </span>
     <span class='ocr_line' id='line_1_31' title="bbox 134 2526 1591 2584; baseline 0.004 -22"><span class='ocrx_word' id='word_1_213' title='bbox 134 2526 211 2584; x_wconf 76' lang='lat' dir='ltr'>tus]</span> <span class='ocrx_word' id='word_1_214' title='bbox 236 2531 410 2572; x_wconf 79' lang='lat' dir='ltr'>cognatus</span> <span class='ocrx_word' id='word_1_215' title='bbox 428 2532 479 2562; x_wconf 85' lang='lat' dir='ltr'>est</span> <span class='ocrx_word' id='word_1_216' title='bbox 493 2528 586 2564; x_wconf 88' lang='grc' dir='ltr'><strong>Α.Β.</strong></span> <span class='ocrx_word' id='word_1_217' title='bbox 645 2536 665 2563; x_wconf 93' lang='lat' dir='ltr'><strong>q</strong></span> <span class='ocrx_word' id='word_1_218' title='bbox 680 2530 808 2576; x_wconf 84' lang='lat' dir='ltr'>Feste]</span> <span class='ocrx_word' id='word_1_219' title='bbox 821 2530 916 2578; x_wconf 85' lang='lat' dir='ltr'>festi</span> <span class='ocrx_word' id='word_1_220' title='bbox 930 2532 1145 2581; x_wconf 81' lang='lat' dir='ltr'>A.B.festae</span> <span class='ocrx_word' id='word_1_221' title='bbox 1159 2534 1252 2570; x_wconf 88' lang='lat' dir='ltr'>Ven.</span> <span class='ocrx_word' id='word_1_222' title='bbox 1275 2543 1357 2569; x_wconf 90' lang='lat' dir='ltr'>tum</span> <span class='ocrx_word' id='word_1_223' title='bbox 1374 2535 1492 2569; x_wconf 83' lang='lat' dir='ltr'>ameni</span> <span class='ocrx_word' id='word_1_224' title='bbox 1509 2546 1531 2568; x_wconf 87' lang='grc' dir='ltr'><em>α</em></span> <span class='ocrx_word' id='word_1_225' title='bbox 1547 2533 1591 2569; x_wconf 90' lang='grc' dir='ltr'>Β.</span> 
     </span>
     <span class='ocr_line' id='line_1_32' title="bbox 134 2578 1596 2635; baseline 0.006 -23"><span class='ocrx_word' id='word_1_226' title='bbox 134 2585 150 2604; x_wconf 81' lang='lat'>¹·</span> <span class='ocrx_word' id='word_1_227' title='bbox 170 2578 298 2628; x_wconf 79' lang='lat' dir='ltr'>ligate]</span> <span class='ocrx_word' id='word_1_228' title='bbox 325 2579 493 2614; x_wconf 74' lang='lat' dir='ltr'>Socrates</span> <span class='ocrx_word' id='word_1_229' title='bbox 514 2582 626 2626; x_wconf 81' lang='lat' dir='ltr'>ligare</span> <span class='ocrx_word' id='word_1_230' title='bbox 645 2582 738 2618; x_wconf 87' lang='grc' dir='ltr'><strong>Α.Β.</strong></span> <span class='ocrx_word' id='word_1_231' title='bbox 761 2584 857 2619; x_wconf 89' lang='lat' dir='ltr'>Ven.</span> <span class='ocrx_word' id='word_1_232' title='bbox 943 2590 957 2610; x_wconf 87' lang='lat' dir='ltr'>s</span> <span class='ocrx_word' id='word_1_233' title='bbox 976 2586 1124 2635; x_wconf 85' lang='lat' dir='ltr'>recipit]</span> <span class='ocrx_word' id='word_1_234' title='bbox 1148 2589 1282 2634; x_wconf 82' lang='lat' dir='ltr'>recepit</span> <span class='ocrx_word' id='word_1_235' title='bbox 1304 2588 1447 2634; x_wconf 78' lang='lat' dir='ltr'>(recipit</span> <span class='ocrx_word' id='word_1_236' title='bbox 1464 2587 1528 2633; x_wconf 88' lang='grc' dir='ltr'>Β.)</span> <span class='ocrx_word' id='word_1_237' title='bbox 1554 2598 1596 2621; x_wconf 70' lang='lat' dir='ltr'>ea:</span> 
     </span>
     <span class='ocr_line' id='line_1_33' title="bbox 133 2633 1595 2682; baseline 0.005 -16"><span class='ocrx_word' id='word_1_238' title='bbox 133 2633 375 2679; x_wconf 86' lang='lat' dir='ltr'>superioribus</span> <span class='ocrx_word' id='word_1_239' title='bbox 393 2633 504 2679; x_wconf 83' lang='lat' dir='ltr'>liquet</span> <span class='ocrx_word' id='word_1_240' title='bbox 510 2634 582 2682; x_wconf 84' lang='lat' dir='ltr'>fiet</span> <span class='ocrx_word' id='word_1_241' title='bbox 600 2634 694 2670; x_wconf 88' lang='grc' dir='ltr'><strong>Α.Β.</strong></span> <span class='ocrx_word' id='word_1_242' title='bbox 725 2636 823 2671; x_wconf 85' lang='lat' dir='ltr'>Tum</span> <span class='ocrx_word' id='word_1_243' title='bbox 841 2638 884 2672; x_wconf 79' lang='lat' dir='ltr'>de</span> <span class='ocrx_word' id='word_1_244' title='bbox 901 2639 1081 2674; x_wconf 82' lang='lat' dir='ltr'>trochaico</span> <span class='ocrx_word' id='word_1_245' title='bbox 1098 2641 1219 2676; x_wconf 80' lang='lat' dir='ltr'>eolobo</span> <span class='ocrx_word' id='word_1_246' title='bbox 1239 2642 1268 2676; x_wconf 83' lang='lat' dir='ltr'>si</span> <span class='ocrx_word' id='word_1_247' title='bbox 1288 2642 1405 2676; x_wconf 83' lang='lat' dir='ltr'>dicam</span> <span class='ocrx_word' id='word_1_248' title='bbox 1428 2641 1595 2676; x_wconf 83' lang='lat' dir='ltr'>Socrates</span> 
     </span>
     <span class='ocr_line' id='line_1_34' title="bbox 136 2686 1594 2742; baseline 0.005 -22"><span class='ocrx_word' id='word_1_249' title='bbox 136 2686 357 2733; x_wconf 79' lang='lat' dir='ltr'>trahuntque</span> <span class='ocrx_word' id='word_1_250' title='bbox 380 2687 491 2721; x_wconf 79' lang='lat' dir='ltr'>siccas</span> <span class='ocrx_word' id='word_1_251' title='bbox 516 2687 687 2722; x_wconf 66' lang='lat' dir='ltr'>machinae</span> <span class='ocrx_word' id='word_1_252' title='bbox 717 2690 860 2724; x_wconf 80' lang='lat' dir='ltr'>carinas</span> <span class='ocrx_word' id='word_1_253' title='bbox 885 2695 920 2725; x_wconf 84' lang='lat' dir='ltr'>et</span> <span class='ocrx_word' id='word_1_254' title='bbox 949 2692 1005 2727; x_wconf 85' lang='lat' dir='ltr'>hic</span> <span class='ocrx_word' id='word_1_255' title='bbox 1028 2695 1154 2741; x_wconf 82' lang='lat' dir='ltr'>recipit</span> <span class='ocrx_word' id='word_1_256' title='bbox 1176 2695 1327 2742; x_wconf 86' lang='lat' dir='ltr'>(recepit</span> <span class='ocrx_word' id='word_1_257' title='bbox 1347 2695 1410 2740; x_wconf 90' lang='lat' dir='ltr'>A.)</span> <span class='ocrx_word' id='word_1_258' title='bbox 1435 2693 1594 2729; x_wconf 85' lang='lat' dir='ltr'>trocheos</span> 
     </span>
     <span class='ocr_line' id='line_1_35' title="bbox 133 2740 1590 2791; baseline 0.003 -17"><span class='ocrx_word' id='word_1_259' title='bbox 133 2740 194 2775; x_wconf 79' lang='lat' dir='ltr'>sed</span> <span class='ocrx_word' id='word_1_260' title='bbox 214 2744 348 2774; x_wconf 83' lang='lat' dir='ltr'>ceteros</span> <span class='ocrx_word' id='word_1_261' title='bbox 375 2740 430 2774; x_wconf 85' lang='lat' dir='ltr'>sui</span> <span class='ocrx_word' id='word_1_262' title='bbox 454 2741 596 2785; x_wconf 77' lang='lat' dir='ltr'>generis</span> <span class='ocrx_word' id='word_1_263' title='bbox 610 2741 719 2787; x_wconf 85' lang='lat' dir='ltr'>pedes</span> <span class='ocrx_word' id='word_1_264' title='bbox 737 2747 771 2776; x_wconf 88' lang='lat' dir='ltr'>et</span> <span class='ocrx_word' id='word_1_265' title='bbox 792 2743 828 2777; x_wconf 84' lang='lat' dir='ltr'>in</span> <span class='ocrx_word' id='word_1_266' title='bbox 848 2744 918 2779; x_wconf 75' lang='lat' dir='ltr'>imo</span> <span class='ocrx_word' id='word_1_267' title='bbox 941 2747 1136 2791; x_wconf 81' lang='lat' dir='ltr'>spondeum</span> <span class='ocrx_word' id='word_1_268' title='bbox 1154 2748 1212 2783; x_wconf 85' lang='lat' dir='ltr'>vel</span> <span class='ocrx_word' id='word_1_269' title='bbox 1232 2747 1413 2783; x_wconf 83' lang='lat' dir='ltr'>trocheum</span> <span class='ocrx_word' id='word_1_270' title='bbox 1431 2745 1523 2782; x_wconf 88' lang='grc' dir='ltr'><strong>Α.Β.</strong></span> <span class='ocrx_word' id='word_1_271' title='bbox 1546 2746 1590 2780; x_wconf 84' lang='lat' dir='ltr'>li-</span> 
     </span>
     <span class='ocr_line' id='line_1_36' title="bbox 135 2793 1592 2849; baseline 0.004 -22"><span class='ocrx_word' id='word_1_272' title='bbox 135 2793 366 2840; x_wconf 74' lang='lat' dir='ltr'>quefiet—sic</span> <span class='ocrx_word' id='word_1_273' title='bbox 385 2793 503 2828; x_wconf 78' lang='lat' dir='ltr'>dicam</span> <span class='ocrx_word' id='word_1_274' title='bbox 524 2793 584 2829; x_wconf 87' lang='lat' dir='ltr'>Sc.</span> <span class='ocrx_word' id='word_1_275' title='bbox 702 2799 735 2819; x_wconf 82' lang='lat' dir='ltr'>ss</span> <span class='ocrx_word' id='word_1_276' title='bbox 758 2793 905 2842; x_wconf 84' lang='lat' dir='ltr'>ultima]</span> <span class='ocrx_word' id='word_1_277' title='bbox 928 2809 1001 2832; x_wconf 74' lang='lat' dir='ltr'>una</span> <span class='ocrx_word' id='word_1_278' title='bbox 1022 2798 1119 2835; x_wconf 85' lang='lat' dir='ltr'>Ven.</span> <span class='ocrx_word' id='word_1_279' title='bbox 1230 2800 1245 2826; x_wconf 72' lang='lat' dir='ltr'>t</span> <span class='ocrx_word' id='word_1_280' title='bbox 1264 2800 1358 2849; x_wconf 89' lang='lat' dir='ltr'>ejus]</span> <span class='ocrx_word' id='word_1_281' title='bbox 1382 2798 1482 2845; x_wconf 81' lang='lat' dir='ltr'>cujus</span> <span class='ocrx_word' id='word_1_282' title='bbox 1500 2798 1592 2834; x_wconf 86' lang='grc' dir='ltr'><strong>Α.Β.</strong></span> 
     </span>
     <span class='ocr_line' id='line_1_37' title="bbox 133 2844 1593 2898; baseline 0.007 -18"><span class='ocrx_word' id='word_1_283' title='bbox 133 2852 156 2871; x_wconf 92' lang='lat' dir='ltr'>u</span> <span class='ocrx_word' id='word_1_284' title='bbox 168 2847 274 2892; x_wconf 82' lang='lat' dir='ltr'>ponit</span> <span class='ocrx_word' id='word_1_285' title='bbox 293 2846 393 2882; x_wconf 89' lang='lat' dir='ltr'>Ven.</span> <span class='ocrx_word' id='word_1_286' title='bbox 414 2844 476 2893; x_wconf 89' lang='lat' dir='ltr'>qui</span> <span class='ocrx_word' id='word_1_287' title='bbox 500 2858 583 2880; x_wconf 82' lang='lat' dir='ltr'>mox</span> <span class='ocrx_word' id='word_1_288' title='bbox 600 2847 874 2893; x_wconf 82' lang='lat' dir='ltr'>pentheminzeri</span> <span class='ocrx_word' id='word_1_289' title='bbox 900 2862 966 2897; x_wconf 86' lang='lat' dir='ltr'>pro</span> <span class='ocrx_word' id='word_1_290' title='bbox 990 2857 1269 2898; x_wconf 78' lang='lat' dir='ltr'>pentametrum.</span> <span class='ocrx_word' id='word_1_291' title='bbox 1416 2856 1433 2872; x_wconf 90' lang='lat' dir='ltr'>v</span> <span class='ocrx_word' id='word_1_292' title='bbox 1452 2852 1593 2897; x_wconf 77' lang='lat' dir='ltr'>regibus</span> 
     </span>
     <span class='ocr_line' id='line_1_38' title="bbox 135 2897 1156 2946; baseline 0.008 -13"><span class='ocrx_word' id='word_1_293' title='bbox 135 2899 230 2934; x_wconf 81' lang='lat' dir='ltr'>Ven.</span> <span class='ocrx_word' id='word_1_294' title='bbox 343 2905 370 2924; x_wconf 84' lang='lat' dir='ltr'>W</span> <span class='ocrx_word' id='word_1_295' title='bbox 390 2897 496 2945; x_wconf 87' lang='lat' dir='ltr'>illud]</span> <span class='ocrx_word' id='word_1_296' title='bbox 522 2899 612 2934; x_wconf 80' lang='lat' dir='ltr'>illud</span> <span class='ocrx_word' id='word_1_297' title='bbox 630 2911 740 2946; x_wconf 82' lang='lat' dir='ltr'>supra</span> <span class='ocrx_word' id='word_1_298' title='bbox 761 2901 855 2937; x_wconf 76' lang='grc' dir='ltr'>Α.Β.</span> <span class='ocrx_word' id='word_1_299' title='bbox 879 2907 930 2937; x_wconf 85' lang='lat' dir='ltr'>est</span> <span class='ocrx_word' id='word_1_300' title='bbox 949 2904 1040 2939; x_wconf 79' lang='lat' dir='ltr'>iilud</span> <span class='ocrx_word' id='word_1_301' title='bbox 1060 2906 1156 2941; x_wconf 87' lang='lat' dir='ltr'>Ven.</span> 
     </span>
    </p>
   </div>
   <div class='ocr_carea' id='block_1_11' title="bbox 1616 1578 1651 1600">
    <p class='ocr_par' dir='ltr' id='par_1_15' title="bbox 1616 1578 1651 1600">
     <span class='ocr_line' id='line_1_39' title="bbox 1616 1578 1651 1600; baseline -0.029 0"><span class='ocrx_word' id='word_1_302' title='bbox 1616 1578 1651 1600; x_wconf 87' lang='lat'>12</span> 
     </span>
    </p>
   </div>
  </div>
 </body>
</html>
