1962 3355
129 192 236 223 CAP.
259 189 303 224 2.
561 177 645 223 De
667 176 850 224 Metris
879 176 1157 223 oratorum.
1490 183 1578 221 401

129 304 157 324 “
183 298 330 350 Quasi
369 315 477 345 vero
513 297 815 344 wTrallianus
851 296 993 343 fuerit
1038 295 1406 350 Demosthenes,
1449 295 1583 356 cujus

129 380 157 398 ‘⁶
183 391 278 419 non
309 383 406 420 tam
443 374 681 420 vibrarent
720 373 921 419 fulmina
964 373 1057 430 illa,
1094 372 1182 418 nisi
1227 372 1435 418 numeris
1475 388 1586 416 con-

130 456 158 474 “
185 458 307 496 torta
330 450 602 497 ferrentur.”

128 591 310 632 XVersus
332 592 477 632 Rufini
498 592 573 632 viri
593 591 801 632 clarissimi
821 591 873 631 de
894 591 1074 631 numeris
1094 599 1134 631 et
1159 589 1336 645 pedibus
1357 597 1582 629 oratorum:
1604 597 1646 629 39

184 678 253 700 ²0³¹
275 675 466 714 Creticus
486 681 560 715 aut
580 675 784 730 spondeus
805 676 884 715 erit
904 683 1101 730 ypoeanve
1120 687 1356 728 supremus.

242 746 258 768 '2
278 741 483 795 Dccctgylus
503 747 624 797 atque
644 742 848 781 trochaeus
868 742 997 790 adest,
1021 742 1084 780 vel
1102 755 1249 781 cursor
1268 741 1444 789 iambus,

241 812 258 835 ⁵3
275 808 480 848 Partibus
500 809 545 848 in
566 810 724 848 cunctis
745 810 815 864 qui
830 810 1009 864 ponitur
1028 814 1124 848 cmte
1141 822 1395 863 supremum.

242 879 258 901 ⁴
283 875 610 930 Temporibusve
625 890 753 930 pares
773 876 845 915 hos
865 890 1001 916 omnes
1023 876 1192 915 reddere
1209 880 1400 930 possunt,

242 948 257 969 ⁵
275 943 446 983 Solvere
465 958 535 983 seu
559 944 709 998 longas
732 944 853 983 malis
874 949 921 983 ut
940 944 1099 998 syllaba
1120 949 1286 982 crescat.

245 1012 262 1035 6
278 1009 514 1050 Rhetoricis
534 1011 648 1050 Asisc
660 1011 824 1065 placuit
844 1011 1005 1065 bisfine
1026 1010 1238 1050 trocleam.

244 1081 258 1107 ⁷
277 1077 501 1132 Principia
525 1083 587 1117 Zet
607 1078 801 1126 medium,
825 1083 863 1117 et
862 1079 999 1131 finem
1022 1078 1095 1117 tibi
1112 1077 1321 1117 (loclcmz‘zts
1341 1082 1478 1116 ornat.

194 1161 391 1207 aCicero
427 1161 484 1206 de
518 1161 694 1217 incisis,
726 1170 772 1206 ct
811 1161 1052 1216 membris,
1089 1169 1135 1205 et
1169 1160 1227 1206 de
1261 1159 1460 1206 circuitu
1494 1160 1650 1207 sicz40

130 1244 158 1262 “
189 1237 233 1283 O
270 1237 343 1283 M.
371 1237 541 1283 Druse
568 1243 761 1298 patrem
798 1236 1001 1298 appello,
1037 1236 1136 1281 haec
1173 1235 1364 1297 quidem
1403 1235 1588 1281 duobus

130 1313 231 1358 “in
259 1313 331 1358 his
367 1311 568 1376 pedibus
603 1311 818 1357 incisim:
860 1311 1031 1357 deinde
1065 1311 1386 1368 membratim,
1421 1311 1494 1357 Τιι
1521 1313 1590 1358 di-

129 1396 157 1414 ‘⁴
184 1405 289 1435 cere
324 1388 510 1434 solebas
548 1405 736 1433 sacram
770 1404 869 1433 esse
898 1405 1047 1449 remp.
1082 1388 1184 1433 haec
1220 1387 1335 1432 item
1375 1388 1590 1433 membra

129 1471 157 1490 ‘⁴
183 1464 343 1510 ternis.
379 1464 492 1509 Post
512 1464 734 1517 ambitus,
755 1464 1023 1526 quicunque
1040 1462 1264 1509 violasset
1289 1463 1348 1508 ab
1372 1464 1589 1509 omnibus

129 1547 156 1566 ‘⁶
185 1557 284 1587 esse
308 1540 351 1586 ei
368 1557 539 1602 poenas
557 1538 849 1601 pervolutas,
875 1539 1140 1585 dichoreus.
1211 1539 1346 1584 Nihil
1374 1539 1502 1585 enim
1530 1539 1588 1585 ad

128 1622 155 1642 ‘⁴
182 1630 297 1671 rem,
314 1626 527 1661 extrema
554 1615 630 1660 illa
655 1615 796 1677 longa
822 1615 880 1660 sit
907 1633 963 1660 an
985 1614 1154 1660 brevis.
1204 1614 1408 1669 Deinde,
1431 1615 1590 1677 patris

130 1699 158 1718 ‘⁶
186 1684 364 1738 dictum
388 1693 579 1754 sapiens
598 1689 966 1754 temeritas-filii
985 1691 1318 1753 comprobavit.
1357 1691 1500 1737 bHoc
1519 1691 1589 1736 di-

131 1776 158 1795 “
185 1769 358 1814 choreo
382 1777 541 1814 tantus
567 1769 745 1814 clamor
774 1768 1014 1814 concionis
1051 1768 1283 1813 excitatus
1320 1777 1404 1824 est,
1428 1778 1482 1813 ut
1507 1768 1587 1813 ad-

131 1851 159 1870 “
186 1843 401 1889 mirabile
426 1852 562 1889 esset.
635 1844 825 1898 Quaem,
845 1850 986 1888 cnum
1015 1861 1073 1888 ne
1099 1843 1146 1888 id
1173 1861 1400 1888 numerus
1423 1844 1588 1889 effece-

131 1927 159 1945 “
184 1918 275 1965 rit?
312 1919 564 1964 verborum
593 1919 803 1964 ordinem
831 1918 923 1964 dim
935 1928 1078 1975 muta,
1104 1918 1176 1964 fae
1203 1919 1283 1973 sic,
1314 1921 1588 1982 comproba-

131 2002 158 2021 “
184 1996 253 2042 vit
267 1993 379 2057 filii
411 1995 688 2041 temeritas:
719 1995 823 2055 jam
855 1995 971 2040 niliil
1011 1996 1113 2048 crit,
1139 1994 1223 2040 etsi
1253 1996 1499 2042 temeritas
1527 2013 1586 2042 ex

130 2078 158 2096 “
185 2071 335 2116 tribus
379 2071 599 2117 brevibus
639 2080 685 2117 et
726 2071 867 2133 longa
905 2080 989 2127 est,
1026 2088 1167 2132 quem
1211 2071 1491 2117 Aristoteles
1535 2081 1587 2117 ut

130 2154 157 2172 ‘⁶
183 2147 422 2210 optimum
458 2148 666 2210 probat.''
734 2147 894 2193 eIdem
933 2147 1102 2193 Cicero
1137 2156 1301 2210 postea
1338 2147 1404 2194 sic
1442 2148 1583 2194 dicit:
1606 2170 1641 2198 41

129 2230 157 2249 “
183 2223 277 2269 Sed
303 2232 414 2269 sunt
434 2224 656 2270 clausulae
682 2223 856 2285 plures,
875 2241 979 2284 quae
1006 2241 1256 2269 numerose
1281 2232 1328 2269 et
1353 2223 1586 2284 fjucunde

129 2306 157 2325 “
183 2299 375 2345 cadunt.
446 2300 573 2345 Nam
602 2301 817 2357 creticus,
842 2300 924 2361 qui
950 2309 1021 2345 est
1046 2317 1104 2346 ex
1130 2300 1271 2362 longa
1296 2310 1342 2346 et
1375 2302 1504 2348 brevi
1538 2312 1586 2348 ct

129 2380 156 2398 “
182 2373 338 2436 longa,
362 2381 409 2419 et
433 2373 534 2435 ejus
558 2375 753 2437 aequalis
790 2384 972 2439 gpaean,
998 2376 1080 2438 qui
1111 2376 1263 2440 spatio
1288 2394 1373 2441 par
1404 2377 1585 2441 syllaba

181 2569 210 2588 W
227 2562 457 2611 Trallianus]
482 2565 661 2602 trohanus
683 2566 777 2603 Ven.
946 2574 966 2593 X
985 2568 1370 2604 Versus—oratorum
1393 2581 1467 2606 om.
1489 2570 1584 2606 Ven.

128 2622 171 2642 XX
197 2628 209 2650 1
235 2627 260 2661 4
281 2615 305 2651 6
330 2627 349 2650 2
373 2626 392 2663 5
419 2626 438 2662 7
462 2628 483 2663 3
505 2618 596 2653 ordo
615 2619 653 2654 in
676 2619 772 2657 Ven.
894 2627 914 2654 Y
934 2622 1054 2669 paean]
1078 2634 1184 2670 paeon
1206 2621 1300 2657 Ven.
1411 2630 1429 2649 Ζ
1449 2632 1488 2659 et
1507 2637 1585 2660 me-

129 2668 229 2704 dium
251 2676 289 2704 et
308 2668 439 2715 finem]
463 2677 500 2705 et
520 2669 631 2706 finem
651 2679 689 2707 et
709 2671 871 2708 medium
894 2673 989 2709 Ven.
1133 2680 1152 2700 a
1168 2674 1317 2720 Cicero]
1341 2675 1444 2711 Orat.
1465 2689 1496 2712 c.
1519 2677 1582 2723 63.

129 2721 370 2758 Cicero—sic
408 2734 483 2758 om.
514 2722 610 2758 Ven.
783 2723 804 2750 b
835 2725 906 2761 hoc
939 2725 1131 2773 dichoreo]
1168 2726 1228 2764 hic
1260 2726 1456 2764 dichoreus
1489 2730 1582 2764 Ven.

129 2781 146 2801 ⁰
167 2774 326 2820 numne]
353 2786 478 2810 nonne
498 2775 594 2811 Ven.
717 2774 737 2802 d
755 2777 933 2826 immuta]
960 2778 1074 2815 immo
1097 2780 1190 2816 Ven.
1321 2787 1336 2806 e
1358 2781 1584 2817 Idem—sed

130 2840 205 2863 om.
227 2827 324 2862 Ven.
345 2839 429 2862 cum
451 2826 596 2863 lacuna.
770 2827 979 2879 fjucunde]
997 2831 1164 2878 jocunde
1184 2834 1278 2869 Ven.
1303 2834 1478 2883 jucundae
1498 2834 1583 2870 Ald.

132 2886 153 2915 g
172 2879 296 2929 paean]
319 2892 425 2929 paeon
448 2879 542 2915 Ven.

817 2951 897 2987 3F
