1962 3355
120 174 255 201 PRAEF.

117 273 327 328 perissent.

715 162 785 201 De
803 163 960 202 metris.

1475 143 1570 203 '527

388 274 470 314 PEt
499 287 592 313 cum
623 271 932 328 prudentissimi
962 271 1118 326 quique
1152 271 1358 312 audientis
1392 271 1605 319 delecta-4

117 351 301 381 mentum
317 340 496 381 metricae
510 339 608 381 artis
620 355 706 380 esse
718 339 915 395 originem
931 347 1000 379 <lac
1012 338 1168 379 fontem
1185 339 1376 388 viderint,
1391 339 1569 379 raurium

116 406 371 448 voluntatem
401 407 454 448 ab
484 407 548 448 his
577 408 731 456 metris,
766 422 862 462 quae
894 406 973 462 ipsi
1003 406 1239 454 conderent,
1271 405 1570 446 Sdevellendam

116 489 199 514 non
229 475 520 522 existimarent,
550 490 727 530 quorum
759 474 888 529 tapud
914 489 1055 514 omnes
1082 474 1253 529 hujusce
1283 472 1382 513 artis
1411 472 1572 513 excellit

116 542 349 582 auctoritas.

412 542 454 583 Si
486 558 569 598 qua
605 552 742 583 autem
778 541 892 597 apud
927 546 1067 597 poetas
1101 540 1249 596 lyricos
1283 550 1357 581 aut
1396 539 1604 595 tragicos5

117 609 322 664 quispiam
344 610 554 665 repererit,
570 610 611 650 in
633 609 786 665 quibus
807 618 940 650 ucerta
954 608 1107 664 pedum
1123 607 1351 649 conlatione
1371 607 1573 663 neglecta,

118 675 203 716 sola
230 687 462 731 temporum
493 677 596 718 ratio
616 677 871 718 considerata
897 676 962 727 sit,
985 676 1227 724 meminerit,
1250 692 1311 727 ea,
1334 677 1438 717 sicut
1458 675 1572 732 apud

119 743 373 784 doctissimos
412 760 599 799 quosque
640 744 836 801 scriptum
882 744 1130 794 invenimus,
1170 759 1251 785 non
1290 753 1435 793 metra,
1475 743 1571 784 xsed

122 922 414 948 cmmccnvnn.
463 925 499 960 p.
532 923 595 958 40.
634 920 745 961 atque
780 904 817 947 in

123 963 366 1001 miscellaneis
386 964 524 1001 criticis
545 978 625 1014 cap.
650 975 683 1012 7.
729 978 818 1000 con-

117 1017 226 1065 jecit,
247 1017 522 1054 emendandum
544 1031 625 1055 esse
645 1018 822 1066 fecissent

122 1079 186 1107 aut
221 1073 450 1118 peperissent.
514 1071 619 1107 Tulit
658 1071 818 1107 fructum

122 1124 294 1169 εὐστοχίας
338 1123 388 1159 vir
434 1124 682 1168 doctissimus,
721 1124 820 1173 quod

120 1179 338 1225 peperissent
353 1176 544 1213 inventum
567 1185 623 1213 est
647 1176 684 1212 in
702 1190 821 1213 mem-

124 1230 247 1266 branis
266 1229 384 1266 Paris.
443 1230 598 1266 HEUS.

177 1290 197 1318 P
220 1284 270 1318 Et
290 1296 368 1318 cum
385 1284 671 1331 prudentissimi]
694 1284 765 1319 Pro
786 1288 819 1319 et

123 1336 323 1386 legendum
344 1335 490 1372 videtur
508 1341 549 1372 at
567 1337 641 1373 sive
660 1338 732 1372 sed.
756 1336 820 1371 In-

124 1397 271 1425 venerat
291 1389 447 1425 fortasse
472 1388 640 1425 librarius
666 1389 704 1425 in
724 1389 821 1425 anti-

124 1442 252 1491 quiore
280 1442 374 1478 libro
402 1447 466 1486 set,
488 1442 588 1491 quod
617 1443 728 1478 errori
758 1455 820 1478 oc-

124 1496 311 1532 casionem
350 1495 458 1531 facile
491 1496 657 1544 praebere
687 1496 821 1545 potuit.

125 1549 250 1588 Quum
280 1549 319 1584 in
350 1548 512 1598 Guelph.
542 1556 639 1585 esset
662 1550 824 1596 pruden-

127 1604 271 1645 tissime,
294 1602 438 1650 reposui
458 1603 738 1650 prudentissimi.
778 1603 822 1638 In

126 1667 164 1691 re
198 1663 272 1690 tam
305 1654 385 1698 levi,
418 1663 492 1691 tam
524 1655 729 1704 perspicua,
766 1656 822 1691 vix

127 1721 220 1756 opus
240 1716 296 1744 est
316 1707 463 1751 addere,
484 1709 537 1744 ita
556 1708 626 1758 legi
649 1708 684 1744 in
706 1708 821 1745 Paris.

130 1760 270 1796 codice.
302 1761 460 1797 HEUS.

183 1813 402 1861 ‘iacfontem
424 1815 596 1861 viderint]
621 1814 754 1850 Malim
771 1817 824 1850 vi-

128 1869 263 1902 derent.
296 1866 452 1904 HEUS.

182 1926 197 1944 1·
210 1921 352 1955 aurium
368 1921 605 1968 voluntatem]
631 1923 823 1957 Grunerus

128 1981 166 2008 et
188 1972 362 2008 Klotzius
385 1974 467 2009 VV.
491 1974 567 2009 CC.
601 1976 741 2009 aurium
763 1986 824 2010 vo-

129 2027 302 2073 luptatem
334 2026 611 2062 rescribendum
643 2040 722 2063 esse
763 2040 823 2063 ex-

129 2078 306 2114 istimant.
347 2079 492 2115 Eadem
514 2079 688 2129 suspicio,
710 2093 823 2128 quum

129 2131 289 2180 primum
322 2131 389 2168 ista
418 2132 594 2180 legerem,
617 2132 709 2169 mihi
732 2146 825 2182 quo-

128 2197 200 2233 que
221 2185 524 2222 subnascebatur.
585 2187 634 2222 Et
658 2186 827 2222 recorda-

129 2238 193 2274 bar
226 2238 420 2274 verborum
461 2238 650 2276 Ciceronis
689 2247 826 2276 orator.

128 2303 160 2327 c.
191 2291 250 2327 18.
311 2292 493 2328 Naturam
528 2294 651 2328 ducem
682 2294 730 2328 acl
760 2305 826 2328 au-

128 2345 221 2379 rium
250 2345 470 2391 voluptatem
498 2352 671 2393 sequatur
703 2348 826 2382 indus-

132 2398 216 2433 tria.
280 2398 414 2434 Postea
456 2398 574 2447 priore
612 2403 827 2450 conjectura

130 2450 334 2498 repudiata,
385 2452 552 2488 vocabuli
605 2454 826 2489 voluntatem

131 2501 251 2538 suavis
286 2515 366 2539 esse
397 2505 625 2552 metaphora,
656 2506 828 2542 Mallius-

132 2568 202 2604 que
224 2555 346 2591 dicere
367 2555 455 2592 mihi
477 2557 677 2601 videbatur,
700 2560 746 2595 ab
770 2560 827 2595 in-

132 2607 346 2644 ventoribus
379 2619 593 2652 metrorum,
625 2611 727 2660 quasi
761 2625 827 2647 no-

133 2674 257 2697 varum
289 2661 412 2710 legum
437 2662 704 2707 conditoribus,
727 2677 830 2700 aures

133 2714 323 2750 consultas
347 2727 440 2757 esse,
463 2715 600 2764 hasque
621 2729 697 2759 eos,
717 2717 829 2753 veluti

133 2768 339 2803 centuriam
378 2768 435 2803 vel
483 2768 635 2813 tribum,
674 2783 756 2818 quae
794 2769 830 2806 in

135 2820 203 2855 hac
235 2820 425 2868 rogatione
456 2821 608 2858 deberet
631 2834 710 2858 esse
739 2835 833 2872 prae-

136 2872 311 2922 rogativa‚
348 2874 531 2923 rogandas
566 2883 726 2923 putasse,
759 2878 832 2912 vel-

876 913 960 954 lent,
973 911 1157 958 juberent.
1187 911 1328 947 Eadem
1352 911 1468 960 figura
1487 922 1573 945 nos-

875 973 931 1001 ter
960 964 1085 1014 paullo
1114 972 1201 1000 ante
1230 963 1372 1000 dixerat
1399 976 1483 999 suas
1507 965 1574 1010 ipsi

876 1031 982 1054 aures
1027 1019 1267 1054 consulebant.
1323 1015 1471 1065 Alioqui
1512 1028 1574 1051 vo-

877 1073 998 1107 luntas
1017 1072 1132 1107 etiam
1161 1070 1296 1107 dicitur
1323 1068 1414 1116 ejus,
1435 1071 1497 1118 qui
1520 1069 1575 1105 fa-

876 1132 940 1160 vet
960 1123 1009 1160 rei
1029 1136 1143 1173 eaque
1160 1123 1383 1160 delectatur:
1415 1123 1575 1171 ideoque

877 1177 993 1226 ipsam
1032 1179 1230 1224 voluptatis
1262 1175 1573 1226 significationem

876 1230 1148 1280 complectitur.
1198 1230 1276 1265 Cic.
1299 1229 1445 1270 eodem,
1463 1241 1575 1277 quem

877 1282 962 1325 dixi,
994 1282 1086 1319 libro
1112 1295 1193 1332 cap.
1227 1282 1262 1318 8.
1321 1294 1439 1317 omnes
1469 1283 1574 1324 enim,

878 1338 939 1383 qui
982 1337 1130 1383 probari
1174 1337 1315 1378 volunt,
1354 1336 1577 1371 voluntatem

879 1401 1012 1431 eorum,
1035 1391 1095 1436 qui
1124 1391 1287 1430 audiunt,
1310 1390 1507 1429 intuentur,
1529 1389 1577 1423 ad

879 1455 1038 1489 eamque,
1061 1447 1095 1477 et
1115 1444 1163 1478 ad
1182 1454 1303 1477 eorum
1330 1442 1518 1477 arbitrium
1543 1446 1577 1476 et

878 1500 1003 1532 nutum
1028 1501 1118 1531 totos
1144 1508 1180 1531 se
1196 1496 1359 1543 fingunt,
1378 1499 1413 1530 et
1433 1495 1578 1530 adcom-

879 1551 1041 1586 modant.
1113 1549 1280 1598 Scriptor
1318 1548 1494 1596 antiquus
1531 1546 1578 1582 de

882 1601 1022 1644 metris,
1045 1600 1149 1649 cujus
1180 1601 1431 1651 fragmentum
1456 1601 1492 1636 in
1515 1600 1577 1636 de-

880 1655 1080 1705 scriptione
1108 1655 1247 1691 codicis
1276 1653 1382 1689 Mall.
1413 1653 1576 1702 Guelph.

879 1709 994 1744 dabo:
1028 1709 1231 1744 Metrorum
1251 1709 1412 1743 carmina
1429 1719 1496 1754 pro
1516 1719 1578 1741 vo-

880 1763 1021 1797 luntate
1040 1767 1074 1797 et
1087 1773 1158 1809 pro
1178 1760 1416 1796 delectatione
1435 1761 1579 1795 aurium

879 1816 1044 1850 instituta
1077 1819 1172 1855 sunt,
1204 1818 1244 1849 ut
1273 1814 1445 1860 quidquid
1475 1813 1580 1848 dulce

879 1873 1034 1909 sonaret,
1044 1868 1214 1903 mulceret
1226 1868 1389 1901 auditum
1398 1895 1406 1902 .
1424 1866 1578 1902 HEUS.

934 1922 1200 1956 Sdevellendam
1222 1932 1292 1954 non
1314 1920 1574 1967 existimarent]

882 1974 948 2010 Vel
971 1973 1094 2010 invitis
1113 1972 1217 2010 libris
1248 1974 1499 2008 existimarunt
1525 1971 1578 2008 le-

880 2027 1044 2077 gendum
1065 2039 1144 2063 esse
1164 2025 1333 2062 arbitror.
1368 2026 1524 2062 HEUS.

934 2080 1054 2128 tapud
1073 2092 1191 2116 omnes
1212 2080 1356 2125 hujusce
1368 2080 1474 2126 artis]
1493 2079 1582 2114 Post

884 2134 962 2169 haec
980 2135 1091 2170 verba
1111 2134 1224 2169 Paris.
1251 2131 1351 2168 addit
1378 2134 1555 2168 studiosos
1569 2148 1580 2167 .-

884 2186 920 2222 in
943 2200 1016 2235 quo
1037 2195 1162 2223 tamen
1183 2184 1400 2222 correctoris
1415 2185 1580 2222 fraudem

883 2239 1028 2276 odorari
1049 2239 1140 2276 mihi
1162 2239 1302 2283 videor,
1316 2237 1378 2287 qui
1400 2251 1476 2274 non
1498 2251 1581 2288 per—

883 2294 1053 2342 spiceret,
1075 2306 1187 2342 quam
1208 2292 1397 2342 eleganter
1420 2292 1581 2328 vocabu-

882 2346 955 2382 lam
979 2348 1069 2382 artis
1088 2346 1134 2382 ad
1162 2347 1360 2382 auctoritas
1390 2345 1580 2381 referatur.

926 2458 1054 2489 ucerta
1062 2455 1191 2500 pedum
1206 2453 1425 2500 conlatione]
1459 2451 1583 2501 Scrip-

884 2506 975 2543 sisse
1023 2506 1264 2543 Theodorum
1327 2506 1582 2548 conlocatione,

885 2559 1059 2609 praeclare
1101 2559 1247 2595 monuit
1292 2559 1585 2595 humanissimus

888 2612 1150 2650 Ruhnkenius.
1182 2613 1340 2649 HEUS.

939 2668 1028 2702 Xsed
1057 2667 1258 2714 rhythmos]
1301 2664 1390 2701 MS.
1421 2664 1584 2713 Guelph.

886 2719 1046 2762 rithmos,
1082 2718 1197 2755 Paris.
1236 2719 1436 2755 arithmos:
1475 2724 1586 2765 atque

885 2772 939 2807 ita
967 2772 1091 2821 paullo
1120 2780 1206 2822 post
1234 2771 1293 2807 hic
1320 2771 1504 2812 arithmos‚
1525 2768 1587 2805 ille

887 2826 1070 2868 rithmum,
1109 2838 1176 2873 pro
1214 2825 1434 2872 rhythmum,
1475 2821 1585 2858 dede-

891 2886 990 2914 runt.
1022 2879 1180 2914 HEUS.
