1962 3355
670 192 1027 234 PRAEFATIO.
1512 192 1582 233 xiii

229 352 267 389 in
287 352 385 389 thesi

227 409 318 453 παρὰ,
337 411 382 452 τῷ
403 407 570 453 ἰαμβίζειν

122 469 200 507 429
228 461 318 506 παρὰ
337 460 371 495 τὸ
390 458 470 495 'lema
490 461 546 495 καὶ
564 460 645 504 βοᾶν

228 523 377 560 passum

229 570 271 600 ut
292 577 346 614 pr.

228 774 454 811 Diomedem

227 827 376 877 gradale

229 880 406 916 dimicare

228 932 393 970 distento

230 986 355 1022 melon
376 986 475 1023 hunc

122 1049 200 1085 430
228 1044 344 1087 χορεῖον

229 1092 453 1140 ἐπιτρέχοντας
471 1092 577 1140 λέγειν

228 1147 318 1192 παρὰ
338 1146 374 1180 τὸ
394 1145 516 1193 τρέχειν

230 1210 357 1246 ocyor1

230 1249 460 1299 rythmulum

231 1301 427 1352 designant

229 1363 374 1404 quoties

231 1407 477 1444 similitudine
497 1421 536 1445 se
558 1408 778 1445 ventilantes

230 1461 388 1497 canthus

230 1513 414 1549 Rotulum

231 1567 353 1602 Graeei
374 1580 394 1602 a
416 1574 497 1603 rota
517 1566 660 1603 invitati

231 1632 273 1655 ac
293 1619 454 1656 reductis

124 1683 197 1719 431
231 1673 389 1708 πολιτικόν

232 1732 351 1761 tractu

231 1777 427 1814 faberrime

232 1831 278 1867 ab
298 1830 407 1867 Idaeis
428 1830 598 1880 Dactylis

233 1883 411 1933 clypeolis

235 1935 322 1972 illisi

233 1996 377 2026 vetusta
397 1988 613 2026 fabulositas

234 2042 330 2078 hanc
350 2041 463 2078 fuisse

233 2095 542 2132 Damnarneneus
570 2096 716 2132 Acmon
743 2095 827 2132 Cel-

288 2161 380 2184 mon

234 2200 326 2237 dicti
345 2202 408 2237 ἀπὸ
427 2205 489 2237 τῶν
509 2206 610 2250 Κορῶν

127 2265 204 2302 432
236 2253 298 2303 qui
318 2254 406 2303 κόραι

232 2306 348 2357 galeae

92 2383 98 2389 η
125 2371 199 2407 441
234 2373 309 2396 om.
331 2359 370 2396 in
390 2359 480 2396 edit.

127 2476 203 2512 443
236 2465 282 2502 de
300 2464 457 2501 Metabo

237 2517 402 2554 Sichaeus
422 2525 502 2554 erat
522 2516 727 2555 ditissimus

235 2571 394 2620 lucoque
414 2571 599 2607 sonabant

128 2741 208 2776 444
234 2728 520 2778 Euphorionem

234 2783 297 2818 ἀπὸ
317 2786 371 2818 τοῦ
391 2782 494 2823 ἐλέους

237 2842 357 2871 metro

239 2887 417 2923 Horatius
436 2887 498 2936 qui

1186 283 1271 319 MS.

883 350 939 399 (in
959 364 1053 388 corr.
1076 364 1148 387 rec.
1170 352 1238 397 m.)
1261 359 1299 388 et
1318 351 1416 388 thesi

880 417 969 453 para
988 412 1028 440 to
1048 403 1248 450 iamblgem

881 470 951 506 apo
975 465 1015 493 tu
1034 469 1107 493 elrn
1127 474 1182 493 και
1202 458 1286 493 Ban

881 522 1030 559 parsum

880 570 918 598 et
937 562 1142 612 promtiore

881 615 915 651 Ο
946 615 1090 652 iambos
1121 614 1583 670 exoligudiabasuproforo

936 668 1128 716 podiofrao
1172 668 1297 718 sigiate
1340 681 1430 704 nom
1487 669 1583 706 aravi

934 721 1037 757 tokm
1059 721 1255 758 eusthenes
1277 721 1357 758 idos
1377 734 1477 766 exncl

882 773 1065 810 diomedis

880 826 1015 876 gladali

883 879 1080 929 dimigrare

882 932 1120 982 distentoque

883 986 1020 1022 melum
1042 987 1138 1023 hanc

881 1039 1035 1075 chorion

880 1091 1214 1140 epitre÷ctlontas
1234 1092 1333 1143 legin

882 1153 1010 1193 parato
1031 1146 1174 1181 trechin

881 1209 997 1232 oeiori

883 1248 1066 1286 rithmulis

882 1301 1080 1352 designent

881 1364 1055 1403 quomens

883 1407 1148 1445 similitudines
1167 1409 1405 1447 evertilantes

883 1469 1014 1498 cantus

885 1514 1037 1551 rutilum

883 1567 1007 1616 grecia
1027 1575 1108 1604 rota
1127 1566 1295 1605 invietati

884 1628 922 1656 et
942 1620 1104 1657 reductis

884 1673 1064 1722 politicon

884 1734 987 1762 tactu

884 1778 1083 1816 falierrime

884 1831 1011 1869 habita
1030 1834 1082 1869 eis
1102 1832 1248 1870 dactilis

883 1884 1052 1934 clipeolis

885 1950 940 1973 usi

886 1997 926 2026 ut
947 1991 1139 2027 vetustatis
1159 1992 1377 2029 fabulositas

885 2043 954 2079 hec
974 2042 1088 2080 fuisse

885 2095 1205 2134 darniinameneus
1225 2099 1378 2135 astheus
1398 2097 1558 2148 pyrrichi

885 2201 986 2238 dicti.
1017 2210 1157 2251 apoton
1178 2203 1320 2239 choron

886 2267 957 2304 que
977 2267 1063 2291 core

885 2307 992 2357 galee

887 2369 1082 2409 poematos
1115 2361 1346 2399 characteres
1379 2370 1468 2399 sunt
1500 2376 1591 2412 qua-

940 2422 1036 2450 tuor.

887 2466 950 2502 ubi
970 2467 1017 2502 de
1036 2466 1196 2503 Camilla

888 2519 1032 2555 sicheus
1052 2528 1130 2556 erat
1151 2533 1333 2569 Dapemva

890 2571 1048 2621 lucoque
1068 2572 1243 2609 volabant

887 2625 983 2662 Cod.
1005 2637 1080 2661 oni„
1102 2625 1160 2662 tit.
1182 2626 1228 2662 de
1253 2626 1442 2663 Poematis
1463 2628 1590 2664 Gene-

940 2677 1041 2714 ribus

888 2729 1079 2766 euforiana

889 2795 959 2832 apo
980 2791 1020 2819 tu
1041 2783 1124 2819 eleu

890 2843 1039 2871 metron

889 2887 1039 2925 Oratius
1059 2901 1142 2925 curn
