1962 3355
322 217 415 263 236
832 216 991 262 Marii
1020 215 1261 261 Victorini
1576 226 1671 256 ΜΒ.
1699 226 1765 255 lv.

259 347 298 386 67
320 339 398 384 ubi
427 347 750 383 tetrametrum
777 337 964 399 epicum
993 337 1136 381 heroo
1161 333 1469 379 subnectitur.
1539 331 1679 386 Item,

460 414 510 459 T
503 431 527 459 e
550 414 698 459 maris
723 419 768 459 et
792 419 930 459 terrm
954 427 1243 473 numeroque
1268 408 1474 454 carentis
1498 423 1667 462 arenae,

322 489 492 534 herous
518 489 696 551 epodus
723 488 878 550 hujus,

451 563 724 610 Memorem
752 564 966 609 cohibent
990 561 1265 622 mArchyta.

319 639 445 684 Nam
486 639 743 684 tetrametri
769 638 907 701 epici,
932 637 1011 698 qui
1045 645 1092 681 et
1115 635 1409 681 Archilochii
1447 636 1504 680 ab
1529 634 1771 679 inventore

320 723 670 777 nuncupantur,
714 713 907 774 adjectis
949 712 1133 758 duobus
1179 711 1226 756 in
1268 712 1359 756 fine
1399 710 1599 773 pedibus
1636 718 1772 755 erunt

323 790 599 845 hexametri,
625 789 704 842 sic,

354 866 567 911 fllanera
591 865 784 927 ῃΗΠᾳιιίαἴ
804 865 921 909 mihi
943 864 1112 926 quidve
1137 862 1340 909 tabellas
1357 861 1548 925 perfida
1572 862 1773 908 ”mittes

260 954 300 985 68
322 941 376 986 In
404 940 588 996 eodem,
613 940 700 984 ode
726 948 868 984 ΟΧΙΙΙ.

387 1015 609 1062 Horrida
634 1021 888 1076 tempestas
914 1014 1076 1060 caelum
1102 1014 1355 1069 contraxit,
1382 1021 1426 1060 et
1452 1015 1623 1060 imbres

386 1108 402 1136 A
428 1091 631 1153 ⁷e‘vesque
656 1091 893 1136 deducunt
915 1090 1100 1146 Jocem,
1127 1107 1251 1136 mmc
1275 1107 1408 1136 mare
1432 1106 1558 1135 nunc
1581 1088 1734 1135 siluoe.

323 1167 511 1212 Horum
551 1175 806 1211 metrorum
846 1166 1053 1229 primum
1097 1166 1292 1212 heroum
1336 1176 1406 1211 est
1447 1165 1666 1228 simplex,
1708 1181 1778 1209 se-

322 1260 470 1304 quens
508 1241 807 1304 conpositum
841 1259 897 1286 cx
933 1241 1135 1287 dimetro
1172 1242 1376 1288 iambico
1412 1241 1699 1287 Pacatalecto
1730 1250 1777 1285 et

323 1317 689 1380 penthemimcri
734 1317 884 1380 epico,
923 1317 1049 1378 quod
1092 1317 1349 1380 ‘isuperiori
1395 1317 1548 1380 epodo
1595 1325 1778 1362 contra-

324 1394 443 1440 rium
473 1402 556 1447 est,
581 1393 660 1448 ita,

457 1469 680 1515 Scribere
704 1468 962 1514 versiculos
986 1484 1146 1514 amore
1164 1484 1444 1530 percussum
1465 1467 1626 1530 gravi.

264 1553 304 1593 69
326 1546 479 1597 Quem
503 1545 809 1606 consequenti
832 1545 1011 1590 ratione
1030 1554 1386 1607 przeposterum,
1405 1560 1546 1605 quam
1569 1542 1780 1606 superior

327 1622 540 1677 habetur,
568 1621 770 1677 induxit,
798 1620 878 1675 sic,

390 1695 635 1759 lVivesqzle
660 1696 898 1741 deducunt
921 1696 1106 1751 Jocem,
1132 1711 1258 1740 nunc
1280 1711 1415 1740 mare
1440 1711 1564 1739 nunc
1586 1693 1733 1739 silam.

324 1772 519 1818 Etenim
546 1771 719 1816 veritus
752 1789 811 1816 ne
842 1771 1042 1832 subjecti
1069 1770 1206 1833 epodi
1240 1770 1368 1832 prius
1394 1787 1583 1816 comma
1607 1786 1663 1814 ex
1702 1769 1784 1814 he·-

326 1865 407 1893 roo
437 1847 696 1893 subsistens
732 1846 937 1892 eundem
975 1847 1312 1892 enuntiationis
1349 1863 1514 1891 sonum
1554 1844 1784 1901 redderet,

329 1923 586 1968 iambicum
614 1922 868 1967 dimetrum
909 1923 1193 1986 anteposuit,
1218 1931 1334 1984 rquo
1361 1923 1534 1968 variata
1573 1920 1784 1966 modula-

271 2020 309 2051 70
329 2000 455 2045 tione
481 1998 655 2062 gratior
678 1997 961 2043 redderetur.
998 1999 1125 2044 Nam
1153 2009 1199 2044 et
1219 1999 1264 2044 in
1290 1999 1503 2044 trimetro
1529 1997 1783 2060 superiore,

328 2094 387 2121 ne
414 2076 483 2121 sui
512 2075 695 2137 generis
720 2091 908 2120 versum
935 2074 1257 2138 subjungeret,
1277 2075 1405 2121 heroi
1432 2091 1620 2120 comma
1645 2082 1787 2136 Sprae-

330 2151 474 2205 misit,
500 2151 578 2206 ita,

594 2224 819 2271 Scribere
838 2225 1108 2271 versiculos.

272 2323 306 2353 71
330 2303 388 2348 In
413 2301 596 2354 eodem,
621 2300 710 2345 ode
734 2304 861 2345 txvi.

463 2375 637 2422 Altera
644 2374 758 2438 jam
782 2376 958 2421 teritur
983 2375 1118 2421 bellis
1142 2375 1358 2422 civilibus
1381 2384 1500 2422 aetas
1516 2396 1530 2422 :

489 2451 601 2497 Suis
625 2457 670 2496 et
694 2451 797 2512 ipsa
823 2451 975 2497 Roma
998 2451 1178 2497 viribus
1203 2452 1314 2496 ruit.

332 2527 462 2573 Prior
488 2527 671 2582 herous,
697 2544 895 2588 sequens
917 2526 1126 2572 trimeter
1151 2527 1381 2572 iambicus
1402 2528 1684 2572 acataleetus
1703 2537 1787 2583 est,

332 2622 424 2666 qua
441 2602 740 2665 copulatione
761 2603 881 2647 inter
905 2620 953 2648 se
974 2612 1229 2648 metrorum
1255 2602 1483 2647 Horatius
1509 2603 1652 2647 semel
1675 2620 1786 2648 usus

1651 2766 1680 2792 lt

391 2814 414 2829 ¹¹³
437 2807 602 2854 Archita]
627 2818 752 2844 arcuta
770 2808 810 2843 P.
932 2816 994 2834 mm
1015 2808 1120 2856 quid]
1143 2821 1207 2843 cur
1229 2808 1267 2844 P.
1379 2816 1398 2834 n
1421 2808 1562 2856 mittes]
1590 2808 1724 2845 mentis
1748 2810 1786 2844 l’.

335 2868 353 2886 ⁰
373 2863 454 2909 xii]
480 2874 573 2896 X1111
596 2861 635 2897 P.
704 2868 723 2895 P
744 2860 961 2907 acatalecto]
980 2861 1160 2897 catalecto
1178 2862 1215 2896 P.
1291 2868 1311 2895 (1
1330 2861 1525 2911 superiori]
1548 2863 1735 2910 superiore
1749 2863 1787 2898 P.

334 2921 349 2939 ¹·
369 2914 460 2962 quo]
484 2926 555 2962 qua
574 2914 613 2949 P.
744 2919 757 2938 s
779 2913 972 2962 praemisit]
996 2913 1123 2961 §misit
1144 2915 1185 2950 P.
1315 2914 1328 2940 t
1349 2917 1440 2963 XVI]
1463 2917 1558 2953 xffix
1580 2916 1620 2950 P.
