1962 3355
318 223 411 261 180
822 216 979 263 Marii
1006 217 1238 264 Victorini
1566 231 1662 262 Lm.
1683 230 1761 260 111.

314 336 436 382 Item

441 373 454 394 β
511 401 763 449 Praeterea
788 403 879 450 duo
903 421 989 450 nec
1012 410 1117 450 tuta
1141 403 1259 449 mihi
1279 401 1407 449 valle
1428 401 1622 463 reperti.

278 498 298 525 4
316 487 449 534 Huic
473 488 653 534 osimile
679 491 1030 553 anapaesticum‚

517 562 795 628 Cziicwzqice
820 565 980 611 libebit
1004 572 1057 611 ut
1080 566 1208 611 istos.

318 639 457 691 Quod
484 639 518 684 si
545 640 818 702 conjungas,
843 641 972 697 facit,

516 716 647 761 pVos
670 734 695 762 ο
724 715 938 778 Calliope
961 733 1067 762 mea
1091 717 1209 762 tibia
1235 716 1390 762 dicere
1411 732 1589 761 versus.

318 791 440 837 Inde
475 791 686 853 intellegi
724 791 860 837 datur
894 810 949 838 ex
986 791 1257 853 hujusmodi
1293 791 1540 854 anapaestis
1575 807 1764 836 carmen

318 867 461 912 ‘iillud
510 867 766 923 Faliscum,
813 868 937 930 quod
978 876 1163 914 constat
1201 884 1258 913 ex
1302 867 1511 930 spondeo
1557 866 1765 912 *duobus

318 943 564 1005 anapaestis
590 952 635 988 et
661 943 855 1005 syllaba,
880 961 978 989 esse
1003 943 1340 1006 compositum,

515 1027 529 1046 ⁵
545 1018 680 1064 Unde
704 1019 829 1065 unde
854 1019 1044 1066 colonus
1066 1020 1179 1066 ane

514 1092 794 1158 Aflumine
815 1096 944 1141 venit
973 1095 1162 1142 Oronti.

282 1179 299 1210 5
320 1169 485 1216 ultima
526 1169 798 1216 catalectica
846 1172 1162 1234 superfluente
1203 1171 1398 1234 syllaba.
1483 1170 1770 1232 tSuggeren-

318 1246 433 1292 dum
458 1255 616 1291 tamen
645 1246 905 1292 necessario
933 1264 1048 1300 reor,
1074 1265 1133 1292 ne
1158 1246 1276 1292 forte
1301 1246 1425 1309 apud
1452 1246 1656 1308 aliquem
1683 1244 1770 1290 mi-

319 1339 422 1367 rum
445 1332 526 1368 aut
550 1339 725 1367 novum
753 1321 826 1378 sit,
846 1322 882 1368 si
910 1323 1114 1368 mixtum
1138 1322 1385 1386 anapaestis
1411 1321 1673 1385 spondeum
1700 1320 1771 1365 in-

318 1398 510 1452 venerit,
535 1415 643 1443 nam
671 1415 778 1443 cum
812 1407 859 1443 et
890 1409 1154 1462 anapaestus
1179 1408 1226 1444 et
1251 1399 1467 1461 dactylus
1501 1409 1556 1442 ve
1587 1396 1771 1442 duabus

321 1473 515 1537 spondei
553 1473 706 1535 longis
739 1491 865 1519 nunc
901 1474 1051 1536 prima
1076 1492 1203 1520 nunc
1231 1473 1437 1520 secunda
1461 1473 1621 1518 divisis
1657 1471 1769 1518 editi

320 1567 421 1595 esse
446 1560 714 1605 noscantur,
739 1560 1080 1612 consequenter
1104 1569 1157 1597 ac
1183 1551 1351 1596 merito
1373 1559 1425 1596 ut
1453 1566 1620 1613 parens
1657 1549 1772 1594 utri-

320 1643 469 1687 usque
495 1626 619 1688 apud
645 1626 840 1671 alterum
869 1644 1032 1672 eorum
1054 1627 1381 1673 auctoritatem
1409 1625 1667 1672 maximam
1690 1626 1774 1671 ob-

320 1702 505 1757 tinebit,
520 1711 566 1748 et
589 1702 664 1747 ubi
684 1720 794 1748 usus
811 1703 1071 1764 Wexegerit‚
1088 1703 1208 1748 inter
1223 1711 1488 1766 anapaestos
1506 1702 1662 1747 locum
1683 1701 1771 1747 sibi

283 1791 302 1823 6
321 1778 606 1841 '‘usurpabit.
644 1778 816 1839 Neque
843 1779 932 1824 hoc
959 1780 1144 1825 silentio
1164 1779 1452 1833 tradiderim,
1476 1781 1607 1824 yesse
1626 1777 1769 1823 etiam

320 1854 511 1899 alteram
551 1853 839 1900 Faliscorum
877 1855 1141 1901 carminum
1180 1855 1385 1918 speciem
1427 1856 1490 1901 ita
1526 1854 1775 1915 digestam,

320 1939 371 1975 ut
396 1948 420 1975 e
444 1930 593 1976 tribus
618 1930 817 1992 dactylis
847 1940 892 1976 et
918 1932 1079 1977 iambo
1104 1932 1272 1977 ultimo
1297 1931 1509 1977 ordinata
1535 1931 1774 1984 subsistat,

318 2007 464 2061 velut,

517 2081 711 2145 Per-gat
735 2083 888 2129 amica
918 2083 1082 2130 Venus
1103 2084 1236 2130 modo
1244 2083 1389 2147 jocis.

287 2168 302 2198 7
322 2156 545 2202 Dimetro
569 2167 725 2203 autem
755 2160 1041 2220 anapaestico
1061 2161 1335 2206 catalectico
1357 2159 1452 2204 sive
1472 2159 1615 2204 heroo
1634 2166 1778 2221 Zpen-

321 2232 590 2277 tliemimeri
641 2233 675 2278 si
714 2234 927 2296 plialaecii
964 2235 1115 2288 colon,
1152 2235 1198 2280 id
1240 2244 1310 2281 est
1350 2244 1532 2297 partem
1567 2251 1592 2278 e
1624 2233 1775 2279 tribus

376 2386 394 2405 o
413 2378 551 2426 simile]
574 2379 733 2415 similem
756 2381 796 2415 P.
948 2388 968 2415 P
987 2382 1066 2417 Vos
1087 2382 1127 2428 o]
1150 2395 1171 2418 ο
1192 2394 1265 2417 om.
1287 2383 1326 2417 P.
1487 2388 1507 2416 q
1526 2381 1613 2418 illud
1632 2381 1775 2417 Phalis-

322 2433 425 2479 cuni]
449 2432 553 2468 illum
575 2431 759 2468 Faliscum
783 2433 823 2468 P.
945 2440 960 2458 Γ
980 2434 1140 2483 duobus]
1165 2435 1306 2470 duabus
1326 2435 1366 2470 P.
1491 2441 1505 2460 s
1527 2435 1633 2470 undae
1654 2434 1772 2481 unde]

323 2485 421 2521 unde
441 2486 480 2520 P.
641 2485 655 2510 ἵ
672 2485 969 2535 Suggerendum]
994 2495 1214 2536 suggerente
1236 2488 1275 2523 P.
1435 2494 1454 2512 V
1474 2500 1494 2523 e
1515 2487 1674 2535 duabus]
1699 2495 1736 2523 et
1755 2500 1776 2523 e

322 2538 464 2574 duabus
486 2538 524 2572 P.
661 2545 690 2562 w
708 2537 884 2588 exegerit]
906 2538 1059 2588 exigerit
1079 2541 1119 2576 P.
1248 2547 1267 2565 Χ
1288 2539 1497 2589 usurpabit]
1521 2539 1712 2589 usurpavit
1733 2541 1775 2577 P.

322 2598 342 2625 5
361 2591 493 2637 etiam]
519 2594 561 2627 ee
582 2589 693 2626 etiam
716 2591 758 2627 P.
882 2598 899 2615 z
920 2592 1224 2640 penthemimeris
1244 2593 1274 2628 si
1294 2592 1479 2642 phalaecii]
1503 2592 1776 2642 penthemime-

324 2643 372 2679 ris
391 2642 587 2692 aphaletici
607 2643 649 2679 P.

379 2772 414 2807 4.
443 2761 544 2796 Unde
572 2763 683 2809 unde]
713 2763 807 2797 unde
832 2763 936 2797 unda>
966 2762 1023 2798 ed.
1081 2764 1234 2800 “lectio
1286 2764 1322 2800 in
1371 2765 1597 2801 Terentiano
1648 2764 1778 2801 codice

324 2814 486 2863 Tubing.
515 2815 618 2849 undae
643 2816 736 2849 uncle
766 2814 924 2850 correxit
947 2817 1020 2851 Ca·
1080 2821 1104 2835 “
1126 2817 1237 2866 paulo
1257 2817 1469 2854 diversior.’'
1513 2816 1601 2854 Vid.
1623 2818 1776 2854 Santen.

325 2867 512 2908 merarius,
563 2868 703 2917 recepit.
750 2867 1020 2904 CommelinuS.
1078 2870 1123 2905 ad
1144 2871 1298 2907 Terent.
1317 2871 1441 2907 Maur.
1463 2884 1495 2907 V.
1523 2870 1634 2906 1821.

324 2920 444 2955 Notat
482 2920 725 2962 Camerarius,
766 2921 924 2968 “Atque
967 2929 1020 2956 est
