1962 3355
142 178 247 216 CAP.
265 182 408 214 11-1v.
447 166 531 214 De
553 164 1319 228 Poetica—Rhythmo——Metro‚
1498 171 1592 210 423

571 287 689 334 CAP.
712 287 778 333 II.
821 286 903 333 DE
928 286 1163 332 ΡΟΕΤΙΟΑ.

230 376 420 423 Poetica
467 383 539 421 est
584 375 708 421 fictae
754 390 932 420 veraeve
995 372 1272 419 narrationis
1319 372 1596 435 congruenti

141 453 372 515 rhythmo
408 461 491 498 Pac
526 451 646 516 pede
686 450 949 515 composita
992 449 1186 495 metrica
1225 456 1504 506 qstruetura,
1540 447 1598 494 ad

144 530 397 576 utilitatem
424 529 813 592 voluptatemque
838 525 1212 574 accommodata.
1283 525 1497 571 ‘quistat
1520 543 1600 571 au-

142 617 239 652 tem
291 605 476 669 poetice
522 624 547 652 a
595 613 816 669 poemate
851 612 897 650 et
938 602 1085 667 poesi,
1122 601 1250 665 quod
1293 603 1481 648 Poetice
1527 619 1598 647 ars

143 682 245 746 ipsa
272 682 575 745 intellegitur,
602 682 776 728 Poema
802 689 958 727 autem
995 697 1100 743 pars
1133 679 1301 744 operis,
1328 688 1381 726 ut
1403 680 1602 742 Tragoe-

142 757 234 812 dia,
260 758 418 803 Poesis
453 766 729 804 rcontextus
765 765 813 803 et
847 774 1017 821 corpus
1054 755 1197 802 totius
1237 756 1393 820 operis
1431 756 1600 814 effecti,

144 842 196 880 ut
222 835 348 891 Ilias,
374 834 604 899 Odyssea,
627 834 810 881 AEneis.

542 977 663 1023 CAP.
690 977 784 1023 III.
821 977 904 1023 DE
931 976 1212 1023 RHYTHMO.

212 1064 492 1128 Rhythmus
517 1073 587 1111 est
622 1048 805 1128 pedum*
839 1072 1206 1128 temporumque
1234 1063 1460 1125 junctura
1489 1081 1597 1110 cum

143 1141 360 1188 Slenitate
397 1141 517 1187 tsine
556 1141 714 1187 modo.
783 1140 880 1187 Alii
918 1141 1011 1186 sic:
1053 1140 1310 1203 rhythmus
1348 1151 1418 1186 est
1442 1158 1601 1186 versus

144 1217 303 1281 imago
341 1218 597 1275 modulata,
623 1235 808 1263 servans
842 1234 1097 1263 numerum
1133 1216 1439 1279 syllabarum,
1477 1217 1603 1281 posi·

142 1294 319 1339 tionem
348 1312 471 1358 saepe
497 1294 910 1356 sublationemque
936 1293 1226 1339 vcontinens.

586 1434 704 1483 CAP.
724 1436 810 1482 IV.
848 1434 930 1482 DE
957 1434 1165 1481 METRo.

209 1522 424 1569 Metrum
468 1531 578 1570 West
619 1523 796 1587 pedum
837 1524 1080 1587 junctura,
1118 1541 1320 1570 numero
1368 1523 1604 1587 modoque

144 1600 292 1646 finita.
362 1601 451 1647 Vel
490 1601 584 1647 sic:
630 1601 844 1647 Metrum
882 1610 954 1648 est
992 1601 1279 1665 compositio
1312 1600 1507 1664 pedum,
1533 1619 1604 1647 or-

144 1677 252 1723 dine
293 1686 469 1723 statuto
506 1678 775 1736 decurrens,
812 1678 1041 1725 Xmodum
1090 1677 1338 1742 positionis
1372 1678 1604 1724 (sublatio-

147 1754 312 1816 nisque
350 1772 647 1801 conservans.
716 1756 931 1803 yClarius
969 1756 1061 1802 sic:
1112 1756 1326 1802 Metrum
1369 1765 1439 1802 est
1475 1756 1601 1818 quod

146 1830 283 1875 certis
304 1830 478 1893 pedum
501 1832 844 1894 quantitatibus
871 1833 1276 1894 qualitatibusque
1295 1840 1346 1878 Za
1364 1832 1603 1896 rhythmis

146 1906 511 1953 discriminatur.
563 1907 725 1954 Distat
761 1909 886 1954 enim
928 1918 1131 1955 metrum
1159 1927 1183 1954 a
1210 1909 1456 1973 rhythmo,
1476 1908 1629 1971 quod.

148 1992 352 2029 metrum
379 1994 505 2030 certa
540 1985 766 2047 qualitate
802 2003 856 2032 ac
895 2003 1093 2032 numero
1130 1985 1416 2048 syllabarum
1456 1992 1604 2031 atem-

148 2078 412 2123 porumque
464 2062 641 2119 finitur,
694 2062 926 2125 certisque
982 2062 1182 2126 pedibus
1248 2060 1496 2108 bconsistit
1551 2080 1604 2107 ac

146 2137 408 2192 clauditur3
469 2138 749 2202 Rhythmus
793 2149 951 2186 autem
1001 2148 1270 2203 temporum
1314 2138 1599 2201 syllabarum

199 2348 219 2375 P
243 2341 295 2377 vel
318 2341 426 2390 pede]
450 2355 493 2377 ac
507 2343 599 2390 pede
620 2343 756 2379 ΑΒΕ.
1016 2350 1036 2378 q
1056 2344 1259 2391 structura]
1284 2349 1335 2379 est
1354 2349 1537 2380 structura
1558 2345 1603 2380 Β.

147 2401 188 2428 qq
212 2395 337 2431 Distat
355 2402 480 2431 autem
503 2395 650 2444 poetice
671 2409 691 2432 a
711 2401 886 2446 poemate
906 2404 942 2433 et
963 2397 1082 2446 poesi,
1098 2410 1142 2434 eo
1158 2397 1258 2446 quod
1281 2398 1425 2446 poetice
1447 2411 1504 2434 ars
1524 2399 1604 2447 ipsa

146 2447 384 2497 intelligitur]
413 2449 541 2484 Distat
565 2455 686 2485 autem
708 2453 858 2498 poetica?
882 2456 1029 2498 pomate
1058 2456 1093 2487 et
1119 2453 1218 2498 poesi
1248 2453 1343 2499 quod
1365 2453 1515 2499 poeticae
1544 2465 1604 2487 ars

149 2502 224 2548 ipsa
245 2513 303 2536 ars
322 2503 543 2548 intellegitur
562 2504 606 2539 A.
637 2504 767 2539 Distat
788 2510 909 2540 autem
932 2507 1075 2552 poetica
1106 2518 1166 2540 ars
1193 2507 1268 2552 ipsa
1299 2506 1524 2552 intellegitur
1555 2506 1601 2542 Β.

145 2555 242 2601 poesi
262 2556 639 2602 quod—intelligatur
659 2558 701 2592 C.
894 2566 909 2586 ¹·
929 2559 1144 2606 contextus]
1166 2560 1324 2595 intextas
1345 2559 1438 2595 A.C.
1460 2564 1603 2594 contex-

150 2609 195 2642 tis
214 2608 259 2643 B.
389 2614 403 2633 s
425 2607 594 2656 lenitate]
621 2610 765 2647 levitate
785 2611 880 2648 A.B.
902 2612 999 2649 Ven.
1137 2612 1151 2638 t
1171 2612 1251 2648 sine
1273 2612 1398 2649 modo.
1457 2611 1529 2648 Alii
1549 2612 1602 2648 sic

148 2661 342 2710 rhythmus
362 2661 434 2708 est]
458 2662 487 2696 si
506 2664 609 2697 modo
629 2664 680 2698 ali
698 2665 748 2698 sic
767 2664 883 2700 ritihus
903 2671 954 2701 est
974 2666 1017 2702 A.
1038 2667 1110 2701 sive
1131 2679 1175 2701 m.
1197 2666 1296 2702 Ven.
1439 2672 1459 2691 v
1478 2663 1600 2701 couti-

149 2715 259 2761 nens]
283 2719 470 2750 contenens
489 2715 532 2750 A.
556 2720 803 2763 contempnens
824 2717 868 2753 B.
1033 2725 1062 2744 W
1083 2719 1237 2767 pedum]
1262 2724 1315 2754 est
1331 2720 1463 2767 pedum
1484 2723 1535 2753 est
1555 2718 1599 2753 B.

149 2774 168 2793 Χ
190 2767 322 2804 modos
343 2767 566 2817 positiones]
587 2770 730 2804 modum
745 2771 933 2816 positionis
948 2772 1038 2807 A.B.
1079 2771 1176 2808 Dedi
1200 2785 1284 2808 mox
1303 2772 1514 2808 sufflationis
1534 2783 1601 2819 pro

148 2822 365 2856 sublationes
384 2833 469 2857 cum
492 2820 673 2857 Santenio
689 2821 735 2857 ad
749 2823 899 2859 Terent.
917 2824 1039 2860 Maur.
1062 2838 1096 2874 p.
1113 2837 1174 2873 50.
1312 2833 1330 2860 y
1350 2823 1501 2869 clarius]
1525 2824 1600 2858 cla-

149 2887 210 2909 rus
230 2875 325 2911 A.B.
463 2881 480 2900 Ζ
501 2887 521 2910 a
542 2874 742 2924 rhythmis]
766 2876 919 2912 rithmus
938 2878 1033 2913 A.B.
1055 2879 1194 2914 rithmis
1215 2880 1256 2913 C.
1388 2884 1406 2903 a
1425 2889 1496 2925 que
1516 2876 1600 2912 fini-

151 2928 227 2974 tur]
251 2928 447 2976 quaefinila
470 2928 513 2963 B.
624 2925 644 2953 b
665 2927 860 2975 consistet]
884 2932 1052 2966 consistat
1072 2931 1115 2968 B.
