1962 3355
397 196 422 231 2
903 187 1063 234 Marii
1091 187 1334 234 Victorini
1683 199 1779 229 LIB.
1805 199 1837 229 1.

357 319 377 350 6
393 308 572 368 γητικῆυ,
588 315 727 370 atque
745 310 954 370 ὁριστικήν.
985 309 1103 361 Quae
1124 316 1193 353 est
1211 306 1442 367 ὶέξηγητική
1457 308 1478 352 Ρ
1505 305 1623 357 Quae
1641 312 1837 351 enarrat.

397 384 515 435 Quae
551 385 764 445 ὁριστικήῖ)
803 385 922 436 Quae
954 382 1156 429 jdefinit.
1208 383 1276 429 Ut
1310 381 1507 427 Varroni
1545 382 1713 444 placet,
1736 381 1840 427 Ars

391 460 839 522 grunznzaticu,quce
855 477 882 505 a
902 460 1030 505 nobis
1050 459 1329 504 litteratura
1347 458 1536 514 dicitur,
1552 458 1751 504 scientia
1771 463 1841 502 est

398 552 570 590 eorum,
594 553 694 597 quse
718 553 745 581 a
766 536 932 596 poetis,
957 535 1210 591 historicis,
1235 534 1594 596 oratoribusque
1615 534 1842 579 dicu-ntur

361 628 376 660 7
398 627 454 656 eu*
471 617 616 672 parte
634 610 824 673 majore.
861 610 977 671 Ejus
997 611 1234 673 praecipua
1253 609 1405 655 officia
1425 619 1535 655 sunt
1553 617 1769 671 quatuor,
1790 618 1841 654 ut

398 686 482 750 ipsi
519 686 687 749 placet,
719 688 934 743 scribere,
959 687 1126 749 legere,
1158 685 1462 748 lintellegere,
1486 685 1699 748 probare.
1771 684 1842 730 Ut

397 762 605 807 Aristoni
632 763 800 822 placet,
832 763 1158 809 Grammatice
1183 767 1253 807 est
1273 761 1474 807 scientia
1491 767 1659 823 poetas
1683 767 1729 806 et
1750 760 1843 806 his-

398 837 570 883 toricos
595 837 887 900 intellegere,
904 836 1125 900 sormam
1155 837 1399 899 praecipue
1421 836 1642 900 loquendi
1669 836 1734 882 ud
1765 853 1844 882 ra-

398 913 569 958 tI'onem
605 919 650 958 et
687 913 1067 958 consuetudinem
1103 913 1329 976 dirigens.
1400 911 1640 977 Definitio
1676 919 1758 969 est,
1792 921 1845 958 ut

399 986 460 1032 ait
486 987 666 1041 Cicero,
693 1006 793 1051 qucc
818 989 936 1051 quid
962 989 1039 1044 sit,
1065 989 1121 1035 de
1143 1005 1235 1051 quo
1260 989 1443 1052 agitur,
1468 989 1673 1035 ostendit
1703 1005 1844 1051 quam

399 1063 681 1109 brevissime.

837 1166 970 1216 CAP.
1003 1166 1078 1216 Il.
1144 1166 1229 1216 De
1264 1165 1404 1216 Voce.

464 1259 572 1303 Vox
605 1267 676 1304 est
713 1276 788 1304 aer
830 1259 948 1305 ictus
987 1259 1149 1305 auditu
1191 1258 1493 1323 percipibiliS‚
1529 1268 1758 1320 quantum
1796 1258 1844 1302 in

400 1334 503 1397 ipso
550 1343 632 1380 est.
703 1334 855 1380 Gl'aeci
894 1335 1124 1396 qualiter?
1183 1336 1255 1397 ἀὴρ
1302 1335 1617 1394 ΠΙπεε’,·τλ·ι]’γ,ι,«.εἰιος
1658 1331 1847 1389 αἰσθητὸς

364 1427 379 1448 2
399 1411 498 1474 ἀκοῇ
523 1410 607 1456 ὅσον
632 1410 697 1467 ἐφ’
722 1412 844 1474 ἑαυτῷ
869 1411 989 1456 ἔστιν.
1046 1410 1189 1457 VOClS
1219 1411 1382 1456 formae
1419 1419 1529 1456 sunt
1559 1409 1692 1462 duae3
1730 1409 1848 1454 arli-

402 1484 576 1543 cuhzta,
601 1495 647 1531 et
672 1503 751 1532 con
782 1485 879 1532 usa.
939 1486 1219 1533 Articuluta
1243 1496 1327 1543 est,
1352 1504 1457 1549 quae
1492 1485 1649 1532 audita
1674 1485 1848 1531 intelli-

402 1561 528 1624 gitur
550 1571 595 1607 et
621 1562 852 1617 scribitur,
877 1571 922 1607 θῖ
948 1562 1050 1608 ideo
1076 1581 1101 1608 a
1126 1562 1359 1625 plerisque
1384 1561 1657 1624 explanata,
1683 1579 1708 1606 a
1733 1579 1849 1606 non-

362 1637 540 1682 3nullis
577 1637 894 1701 intelligibilis
928 1638 1112 1684 dicitur.
1182 1639 1323 1684 Hanc
1349 1638 1501 1684 Graeei
1541 1637 1651 1700 quid
1690 1637 1849 1700 appel-

402 1712 531 1758 lant?
569 1713 736 1776 ’ἔναρθρον
770 1716 909 1772 φωνήν.
980 1715 1140 1776 Hujus
1171 1725 1328 1760 autem
1368 1715 1544 1778 species
1568 1723 1685 1776 quot
1709 1714 1848 1759 sunt?

401 1788 541 1834 Duae.
601 1790 750 1841 Quae?
799 1790 924 1835 Nam
965 1801 1044 1836 aut
1084 1792 1267 1837 musica
1314 1800 1398 1844 est,
1435 1809 1539 1852 quae
1575 1791 1702 1836 tibiis
1745 1790 1847 1836 nvel

400 1865 514 1910 tuba
538 1865 760 1921 redditur,
787 1875 866 1911 aut
890 1866 1102 1928 quolibet
1124 1884 1327 1927 organo;
1367 1876 1446 1912 aut
1466 1868 1738 1923 communis,
1757 1884 1851 1929 qua

364 1942 667 2004 4pr0miseue
702 1959 867 1988 omnes
911 1952 1120 1988 utuntur.
1179 1940 1394 2007 Confusa
1428 1952 1588 1988 autem
1626 1952 1710 2000 est,
1745 1960 1849 2005 quae

403 2017 518 2062 nihil
541 2017 662 2062 aliud
685 2035 829 2078 quarn
849 2018 1141 2081 osimplicem
1165 2018 1290 2064 vocis
1311 2036 1477 2065 sonum
1500 2019 1690 2076 emittit,
1712 2028 1763 2066 ut
1780 2029 1850 2065 est

404 2092 510 2153 equi
549 2092 775 2149 hinnitus,
800 2094 964 2156 anguis
1001 2094 1180 2151 sibilus,
1215 2096 1421 2158 plausus,
1451 2095 1633 2152 stridor,
1656 2104 1704 2141 et
1738 2104 1852 2142 Pee-

368 2184 383 2213 5
404 2178 502 2214 tera
528 2168 598 2213 his
625 2168 807 2214 similia.
876 2169 972 2214 Alii
997 2188 1118 2227 eam,
1144 2188 1249 2232 quae
1275 2171 1447 2218 dicitur
1474 2172 1523 2217 in
1555 2189 1642 2218 usu
1672 2173 1855 2218 articu-

407 2244 541 2299 laris,
571 2243 828 2290 litteralem
853 2244 1088 2302 dixerunt,
1114 2256 1164 2293 ut
1196 2247 1403 2305 nomina,
1432 2249 1588 2305 verba,
1618 2247 1851 2305 adverbia,

368 2327 453 2365 6et
477 2330 650 2365 ceteras
688 2328 868 2383 ‘lpartes
904 2321 1138 2368 orationis.
1210 2324 1368 2370 Omne
1404 2332 1560 2370 autem
1591 2324 1852 2387 explanati-

458 2442 468 2469 Ῐ
485 2442 866 2491 ἐξηγητικὴ-ἑριστικῆ]
891 2443 1289 2493 ἐξηγητικῆν-ἑριστικῆν
1304 2448 1344 2483 Ρ.
1419 2446 1430 2482 j
1454 2448 1598 2494 definit]
1618 2446 1792 2483 definitur
1808 2448 1850 2484 P.

405 2495 416 2522 1
446 2496 667 2546 intelligere]
699 2497 913 2547 intellegere
944 2499 984 2534 P.
1016 2506 1053 2534 et
1087 2498 1137 2534 sic:
1165 2513 1274 2535 mox:
1308 2501 1372 2536 sed
1398 2513 1479 2548 cap.
1513 2513 1590 2549 seq.
1621 2499 1850 2550 intelligitur.

406 2557 437 2575 m
457 2550 671 2595 πεπληγμένος
689 2551 783 2596 ἀκοῇ]
802 2558 1019 2596 πεπληγμευος
1037 2554 1188 2594 αισθητος
1205 2569 1291 2588 amm
1313 2554 1352 2589 Ρ.
1436 2561 1454 2579 1¹
1478 2553 1528 2589 vel
1553 2554 1657 2600 tuba]
1682 2554 1788 2588 ttuba
1811 2554 1850 2588 Ρ.

407 2609 425 2628 o
447 2602 672 2650 simplicem]
698 2602 851 2651 simplex
872 2604 911 2639 P.
995 2611 1014 2637 P
1033 2605 1181 2652 caetera]
1204 2614 1326 2642 cetera
1347 2607 1388 2643 P.
1410 2614 1447 2642 et
1466 2608 1517 2642 sic
1537 2605 1634 2643 alibi.
1732 2613 1751 2640 q
1771 2619 1851 2642 ora-

407 2655 519 2691 tionis
538 2656 678 2703 partes]
701 2664 821 2704 partes
842 2655 1017 2692 orationis
1037 2658 1076 2692 P.

463 2753 486 2787 6
511 2751 736 2798 litteratura]
776 2754 948 2787 litterario
980 2753 1098 2790 Isido-
1157 2754 1239 2803 Ego
1260 2755 1383 2792 addidi
1403 2768 1521 2791 eorum
1551 2768 1634 2791 cum
1666 2754 1851 2804 Scaligero

409 2818 468 2841 rus
489 2804 594 2853 Orig.
616 2805 644 2839 I.
667 2817 702 2851 3.
724 2818 767 2840 ex
789 2805 965 2841 Varrone.
1159 2807 1262 2857 Frag.
1284 2809 1389 2844 Varr.
1412 2822 1446 2857 p.
1468 2821 1523 2856 ¹9.
1546 2808 1602 2844 ed.
1621 2807 1740 2843 Dnrd.

462 2858 1039 2904 ib.scientiaest]intelligemlivel
1055 2860 1102 2896 si·
1214 2873 1232 2907 7
1255 2860 1406 2908 Cicero]
1431 2862 1536 2898 Orat.
1557 2875 1588 2898 c.
1612 2873 1673 2908 33.

410 2911 496 2947 mile
515 2910 602 2960 qnid
621 2911 736 2947 deest.
756 2911 1099 2949 TERHAERIUS.
