1962 3355
345 227 432 276 198
852 216 1014 264 Adariz'
1041 217 1280 264 Victorini
1600 231 1698 262 Lm.
1723 232 1791 263 ιν.

471 338 636 402 [lydia
662 339 736 385 dic
752 355 926 400 precor
952 338 1084 393 milli,
1102 338 1309 400 perdere
1333 354 1417 383 cur
1439 336 1664 383 sodalem.

339 414 465 461 Item
505 432 563 461 ex
596 415 873 461 choriambo
911 423 958 461 et
989 414 1181 478 dipodia
1216 412 1420 459 iambica
1458 421 1506 458 et
1537 413 1790 470 trochaica,

339 490 511 537 ultimo
537 491 878 555 amphimacro,
903 499 969 546 ut,

472 565 634 630 Lydia
659 567 733 612 dic
750 583 926 628 precor
951 566 1113 622 libens,
1137 565 1263 611 unde
1287 565 1410 611 dona
1432 581 1531 627 quce
1550 565 1697 628 geriS.

283 648 322 679 26
342 641 466 687 Item
498 660 557 688 ex
593 643 870 689 choriambo
906 651 953 687 et
984 642 1083 687 basi
1121 639 1339 694 iambica,
1365 639 1543 686 ultimis
1575 639 1791 686 trochaeis

341 717 507 773 tribus,

472 791 634 854 Lydia
660 792 734 837 die
750 810 922 854 precor
946 793 1064 839 mihi
1089 810 1174 839 cur
1199 799 1358 839 tacere
1381 793 1515 840 nolis.

341 868 463 914 Item
501 884 559 913 ex
595 867 918 915 choriambico
947 869 1150 915 dimetro
1185 869 1458 927 acatalecto,
1482 878 1529 915 et
1552 868 1792 915 trochaico

340 943 573 989 Xdimetro
599 943 888 999 catalectico,
916 945 997 1001 sic,

473 1019 634 1083 Lydia
660 1020 734 1066 dic
758 1021 876 1083 quid
896 1022 1082 1077 retices,
1108 1038 1195 1067 cur
1218 1022 1379 1068 venire
1395 1038 1647 1085 per-neges,

283 1117 321 1147 27
343 1098 465 1144 Item
494 1114 551 1142 ex
577 1097 815 1160 Glyconio
840 1107 885 1144 et
911 1097 1117 1143 iambico
1142 1097 1346 1143 dimetro
1371 1098 1661 1152 catalectico,

478 1173 638 1220 Canta
663 1172 1090 1238 fconticuitjeros,
1115 1180 1161 1220 et
1186 1174 1352 1236 impios
1372 1175 1620 1238 gigantas.

342 1251 464 1297 Item
503 1267 561 1295 ex
595 1250 893 1296 Pherecratio
935 1259 981 1296 et
1016 1250 1221 1296 iambico
1257 1250 1460 1297 dimetro
1491 1251 1793 1298 zcatalectico

342 1328 423 1381 sic,
456 1343 512 1371 ex
554 1325 625 1371 his
662 1326 949 1372 Callimachi
992 1326 1278 1372 brevissimis
1318 1326 1519 1373 duobus
1580 1327 1704 1374 Item
1735 1344 1794 1373 ex

343 1401 580 1465 Glyconio
604 1410 652 1447 et
676 1401 975 1448 Pherecratio
991 1402 1189 1463 junctis,
1214 1420 1238 1448 c
1265 1403 1369 1464 quis
1391 1403 1613 1468 Priapeus
1631 1420 1793 1450 versus

342 1479 411 1534 fit,
437 1478 517 1534 sic,

408 1554 599 1600 IVereuS
623 1560 675 1600 ut
700 1561 889 1600 caneret
913 1553 1050 1618 asera
1071 1562 1216 1618 grato
1243 1555 1443 1618 Pyrrha
1467 1556 1554 1601 sub
1580 1562 1731 1602 antro.

286 1653 324 1683 28
344 1632 466 1677 Item
492 1649 624 1677 verso
647 1648 808 1677 eorum
835 1631 1013 1686 ordine,
1040 1631 1205 1677 similis
1231 1631 1456 1695 superiori
1482 1648 1640 1678 versus
1667 1650 1796 1678 crea-

343 1709 485 1762 bitur,
510 1717 578 1763 ut,

408 1783 698 1849 Ibamsorte
714 1801 805 1847 per
828 1801 1001 1847 agrum
1026 1784 1197 1830 montis
1220 1783 1450 1831 silvicomi
1472 1801 1650 1831 nemus.

343 1861 465 1907 Item
492 1861 617 1923 quod
645 1870 868 1923 utrosque
894 1860 1155 1923 Glyconios
1182 1860 1340 1917 habet,
1366 1870 1432 1915 ut,

410 1935 700 2002 Ibamforte
717 1954 810 1999 per
834 1937 1041 1983 ardmmz
1066 1938 1237 1983 montis
1260 1937 1490 1984 silcicomi
1513 1954 1689 1984 nemus.

287 2035 326 2068 29
346 2013 468 2059 Item
498 2013 625 2075 quod
654 2022 878 2076 utrosque
905 2013 1243 2068 Pherecratios,
1270 2013 1351 2069 sic,

478 2090 729 2151 Rumpunt
753 2090 955 2135 carbasa
977 2091 1121 2146 venti,
1126 2088 1269 2154 fiant
1294 2089 1389 2136 liba
1414 2089 1617 2152 Priapo.

345 2165 467 2211 Item
495 2182 553 2210 ex
578 2165 763 2210 duobus
789 2166 1006 2227 trochaeis
1032 2175 1079 2212 et
1103 2166 1289 2212 duobus
1315 2166 1501 2222 iambis,
1525 2176 1593 2224 ut,

479 2241 661 2286 Sancta
687 2241 794 2286 diva
815 2258 994 2302 parens
1017 2242 1168 2288 Sami.

345 2317 470 2363 Item
496 2334 553 2362 ex
581 2316 786 2361 molosso
811 2326 858 2362 et
882 2317 1057 2374 iambo,
1082 2317 1163 2379 qui
1201 2317 1564 2364 molossiambus
1594 2318 1794 2365 dicitur:

347 2402 414 2450 ut,

479 2457 728 2504 Effarcenti
746 2458 909 2521 gradu
934 2458 1211 2505 bneetebant
1235 2459 1415 2505 choros.

287 2567 328 2597 30
347 2545 470 2591 Item
495 2562 554 2590 ex
580 2545 958 2607 penthemimere
982 2554 1029 2591 et
1053 2546 1247 2609 syzygia
1280 2546 1483 2592 iambica
1517 2564 1626 2593 cun]
1659 2547 1797 2593 semi-

403 2712 421 2731 Χ
441 2703 618 2751 dimetro]
641 2703 800 2741 dimetro
821 2705 1035 2742 catalectico
1055 2706 1094 2741 P.
1205 2713 1225 2741 Y
1244 2705 1678 2758 concinuit—gigantes]
1707 2721 1797 2744 con-

346 2756 680 2807 ticuit—gigantas
700 2758 739 2793 P.
904 2765 922 2784 Ζ
943 2757 1175 2805 catalectico]
1198 2759 1422 2797 catalecticis
1442 2761 1482 2797 P.
1662 2768 1681 2788 θ’
1700 2760 1792 2809 fera]

347 2810 443 2847 feros
464 2810 504 2846 P.
617 2809 638 2838 b
658 2810 874 2858 nectebant]
898 2812 1150 2848 nectenebant
1170 2812 1214 2848 P.

404 2940 465 2977 27.
488 2928 651 2976 duobus]
676 2928 752 2965 Hic
773 2928 941 2978 quaedam
966 2928 1185 2967 Callimachi
1204 2930 1377 2967 videntur
1397 2931 1536 2968 deesse.
1567 2932 1740 2969 COMM.
