1962 3355
339 235 430 273 234
847 227 1005 274 Marii
1033 227 1276 274 Victorini
1599 240 1697 271 ΜΒ.
1715 240 1783 271 tv.

336 364 486 408 quens
527 356 685 393 autem
729 347 982 404 tdiiambo,
1022 349 1190 394 ultimo
1232 346 1458 398 bacchi03
1496 346 1578 407 qui
1619 346 1787 409 recipit

338 431 383 467 et
419 423 611 468 alteram
655 422 963 469 divisionem:
1002 441 1114 469 nam
1157 439 1263 468 mea
1302 420 1488 467 renidet
1523 421 1677 483 portio
1716 429 1787 466 est

338 499 500 554 iambi,
533 499 849 562 superfluente
886 499 1126 561 semipede
1151 498 1242 553 det,
1267 514 1375 559 quae
1411 495 1556 542 efficit
1587 496 1787 559 penthe-

338 576 566 621 mimeren
600 586 774 631 tomen,
803 575 976 620 dehinc
1006 584 1097 619 tres
1136 572 1326 618 trochaei
1354 588 1541 617 versum
1577 575 1786 635 comple-

337 652 470 707 bunt,
493 653 572 705 ita,
598 652 645 696 in
670 651 801 696 domo
827 650 1044 695 lacunar.

275 732 314 771 58
401 727 546 772 Libro
569 728 720 781 tertio,
748 735 897 772 metra
920 725 1079 770 omnia
1104 725 1199 770 fere
1228 731 1308 768 aut
1332 722 1538 780 Alcaica‚
1564 733 1644 769 aut
1669 724 1785 787 Sap-

334 802 489 864 phica,
530 812 612 847 aut
643 801 970 865 Asclepiadem,
1008 810 1086 845 aut
1122 808 1245 845 certe
1284 816 1337 844 ea
1373 808 1482 844 sunt
1517 798 1575 844 de
1611 800 1784 860 quibus

334 895 472 940 supra
508 877 828 931 disseruimus,
856 887 1025 939 praeter
1056 876 1102 921 id
1139 875 1265 937 quod
1302 875 1348 920 in
1382 874 1662 921 duodecima
1696 875 1784 921 ode

335 953 615 1007 invenimus,
640 953 763 1014 quod
791 963 862 998 est
894 962 913 980 Π
931 952 1137 997 ionicum
1164 950 1239 996 ἀπὸ
1265 951 1494 1007 ἐλάσσονος,
1520 961 1586 1004 ut,

466 1028 769 1074 slh'serarum
795 1034 863 1073 est
887 1044 1035 1090 neque
1060 1027 1212 1073 amori
1236 1027 1354 1073 dare
1379 1026 1555 1072 ludum.

272 1123 311 1154 59
333 1104 419 1150 Per
442 1114 595 1150 totum
623 1114 779 1150 autem
820 1121 950 1149 asma
984 1103 1230 1166 diligentia
1266 1103 1450 1166 poetica
1486 1103 1532 1148 id
1565 1104 1776 1149 observa-

331 1190 435 1226 tum
476 1189 560 1234 est,
600 1189 650 1225 ut
686 1197 844 1225 versus
884 1179 1000 1225 duas
1043 1181 1218 1242 primas
1257 1180 1458 1242 syllabas
1500 1181 1677 1234 breves,
1715 1197 1784 1225 se-

330 1265 528 1318 quentes
548 1264 703 1301 autem
734 1255 904 1300 habeat
921 1255 1098 1317 longas,
1122 1256 1282 1301 wsicut
1307 1264 1353 1300 et
1379 1273 1459 1318 pes
1486 1256 1667 1301 ionicus
1693 1255 1782 1301 mi-

269 1349 311 1380 60
331 1348 416 1377 nor
440 1331 730 1394 compositus
757 1331 953 1376 videtur.
990 1331 1247 1394 Digestum
1272 1340 1462 1377 Xautem
1490 1341 1559 1377 est
1584 1349 1641 1377 ex
1667 1331 1782 1377 duo-

330 1408 416 1453 bus
436 1407 659 1452 trimetris
678 1407 941 1467 conjunctis
966 1424 1061 1452 uno
1086 1417 1359 1453 tetrametro
1383 1407 1425 1452 ei
1452 1407 1678 1469 subjectO,
1701 1408 1781 1463 sic,

395 1482 460 1528 M
465 1484 699 1528 iser-arum
726 1490 795 1528 est
819 1499 966 1545 neque
989 1483 1142 1528 amori
1167 1483 1281 1528 clare
1306 1482 1468 1528 ladam

394 1559 563 1621 lVeque
588 1559 715 1604 dalei
747 1559 876 1605 mala
899 1559 1005 1605 vino
1032 1558 1207 1614 lavere,
1233 1566 1319 1604 aut
1344 1574 1422 1604 ex-

460 1635 671 1681 animari
694 1641 955 1680 metuentes
972 1641 1162 1696 patruoe
1188 1635 1384 1680 verbera
1411 1634 1600 1697 linguoe.

267 1723 301 1754 61
328 1711 440 1758 Hoc
472 1729 659 1774 quoque
694 1719 883 1757 Ymetro
919 1710 1146 1756 Horatius
1178 1711 1321 1756 semel
1358 1728 1469 1757 usus
1503 1711 1778 1774 repperitur.

327 1787 432 1833 Lib.
454 1803 534 1833 1111
561 1788 649 1833 ode
675 1803 747 1832 vn
776 1788 878 1832 talis
904 1797 989 1843 est,

416 1862 682 1928 Djffitgere
707 1864 834 1909 niz-es
859 1863 1059 1908 redeunt
1066 1862 1179 1925 jam
1201 1863 1431 1926 gramina
1457 1863 1646 1925 campis.

329 1939 448 1986 Haec
474 1942 560 1985 ode
587 1940 759 2003 scripta
783 1948 853 1985 est
879 1938 934 1984 ad
959 1939 1183 1995 Ζὸικωλίαν,
1208 1947 1281 1984 aet
1307 1949 1376 1985 est
1400 1939 1607 2002 primum
1638 1938 1778 2002 bepos

327 2015 521 2061 heroum
565 2016 910 2071 hexametrum,
946 2015 1207 2061 secundum
1250 2024 1407 2061 autem
1450 2015 1624 2079 epodos
1666 2032 1780 2078 pen-

325 2090 646 2148 themimeres,
672 2092 717 2137 id
747 2102 817 2137 est
842 2091 1199 2136 hemistichium
1228 2090 1527 2154 pentametri,
1552 2091 1631 2147 ita,

589 2167 948 2229 Arborz'busque
972 2184 1122 2212 comce.

327 2241 419 2288 Sed
457 2251 510 2288 ut
543 2242 655 2288 huic
693 2243 979 2306 Cprolatione
1016 2260 1099 2305 par
1123 2242 1196 2298 sit,
1222 2242 1452 2288 sumenda
1476 2242 1575 2303 ejus
1612 2250 1778 2305 penta-

327 2317 462 2363 metri
489 2335 593 2380 pars
620 2319 720 2375 erit,
745 2319 825 2380 qui
851 2318 968 2363 duos
992 2318 1170 2380 primos
1207 2318 1350 2380 pedes
1389 2317 1600 2379 dactylos
1634 2317 1778 2363 habe-

325 2393 407 2439 bit.
457 2393 602 2439 Aliud
635 2394 681 2439 in
702 2403 869 2456 quarto
894 2393 974 2438 lib.
1001 2410 1177 2439 novum
1201 2401 1406 2438 metrum
1435 2409 1530 2437 non
1551 2392 1774 2437 invenies.

263 2482 303 2514 62
392 2469 500 2515 Lib.
525 2485 573 2526 V,
600 2470 680 2532 qui
706 2469 892 2533 epodon
919 2469 1202 2525 inscribitur,
1227 2468 1315 2514 ode
1340 2469 1492 2531 prima
1517 2477 1603 2524 est,

558 2546 655 2591 Ibis
680 2545 918 2591 Liburnis
944 2545 1070 2590 inter
1094 2544 1195 2591 alta
1220 2545 1413 2591 navium
1430 2565 1444 2591 .-

324 2610 547 2666 secunda,

377 2772 391 2798 t
409 2771 589 2820 diiambo]
615 2772 813 2809 diiambico
836 2773 881 2810 P.
966 2780 987 2798 u
1006 2771 1188 2820 ionicum]
1213 2773 1336 2809 ionico
1357 2773 1398 2810 P.
1473 2780 1501 2799 W
1522 2773 1590 2821 sic]
1617 2773 1713 2810 sieut
1734 2774 1774 2809 P.

323 2832 343 2851 X
362 2827 504 2873 autem]
530 2835 653 2862 auten]
675 2835 731 2862 est
750 2827 790 2863 P.
912 2833 932 2861 y
953 2827 1090 2873 metro]
1118 2834 1234 2862 metra
1254 2827 1295 2862 P.
1420 2833 1437 2852 Ζ
1458 2827 1626 2873 δικωλίαν]
1648 2827 1774 2873 diaco-

322 2878 395 2914 lian
418 2879 459 2915 P.
568 2887 586 2906 a
606 2888 643 2916 et
662 2881 735 2926 est]
761 2888 858 2916 etem
882 2880 919 2915 P.
1030 2877 1050 2905 b
1071 2880 1178 2928 epos]
1203 2880 1344 2928 epodos
1366 2881 1406 2916 P.
1513 2887 1528 2906 c
1550 2879 1770 2929 prolatione]

321 2931 492 2968 orationo
516 2933 553 2968 P.
