1962 3355
89 205 195 235 CAP.
221 199 264 236 4.
574 190 658 235 De
686 189 1062 253 Ortkographv'a.
1512 202 1541 247 9

89 326 329 373 cognosco.
394 309 501 356 Nec
548 311 701 356 solum
751 309 928 355 litteras
971 309 1244 365 eximimuS,
1283 310 1363 355 sed
1404 327 1579 356 vocess

88 402 276 447 quoque
311 385 435 448 ipsas
475 394 847 437 commutamus,
879 394 932 430 ut
964 403 1075 431 cum
1110 384 1294 431 dicatur
1328 402 1462 431 nemo
1497 395 1543 431 et

87 460 265 517 nullus,
290 478 348 507 ex
374 461 546 523 quibus
579 462 706 526 prior
730 479 822 507 vox
849 461 906 506 ad
938 461 1155 507 homines
1181 462 1304 507 solos
1340 462 1546 524 pertinet

87 554 235 594 nemo,
258 554 458 599 quorum
496 537 783 599 zgenitivum
813 555 972 582 casum
1012 537 1146 582 aliter
1170 554 1312 598 quam
1351 555 1436 583 nos
1470 555 1546 582 ve-

88 621 208 658 teres
263 612 559 659 extulerunt:
618 613 797 659 nemi-ni
843 614 969 658 enim
1030 622 1076 658 et
1127 613 1254 659 nulli
1310 613 1546 660 dixerunt.

88 688 230 742 Item,
258 689 381 735 bonoe
410 688 608 753 {fragis
632 707 838 752 quoque,
865 707 947 734 nos
986 689 1108 735 home.
1125 687 1299 752 frugi,
1331 690 1545 750 quamvis
1565 707 1584 737 9

89 765 276 811 nullum
314 783 486 811 nomen
526 767 763 829 singulare
792 765 1020 810 Latinum
1059 781 1141 826 per
1177 765 1339 810 omnia
1375 783 1547 827 genera

89 859 407 903 numerosque
439 859 603 887 omnes
640 850 686 886 et
720 859 804 904 per
839 859 973 887 casus
1006 842 1024 886 i
1061 841 1216 887 littera
1254 842 1547 896 terminetur,

89 926 273 963 tantum
301 917 473 962 omissa
497 926 630 980 parte
655 917 754 979 ejus
780 918 932 964 solum
949 915 1110 981 frugi
1141 917 1403 963 scribimus.
1454 917 1546 963 Sed

93 1010 179 1038 nos
215 1010 342 1038 nunc
377 1003 423 1038 et
458 993 728 1049 adventum,
765 1003 810 1039 et
847 994 988 1056 apud,
1022 1010 1106 1056 per
1136 993 1169 1038 d
1198 993 1371 1054 potiuS,
1402 1010 1543 1054 quam

93 1085 177 1131 per
200 1067 250 1113 bt
279 1068 552 1124 scribamuS,
577 1075 819 1115 atvewtum
845 1079 892 1115 et
917 1076 1034 1131 apat
1052 1088 1067 1115 .·
1106 1078 1151 1114 et
1177 1068 1395 1131 linguam
1424 1085 1508 1130 per
1533 1067 1551 1113 l

92 1144 266 1207 potius,
302 1161 444 1205 quam
476 1161 559 1207 per
591 1145 653 1191 d:
699 1146 976 1206 praesidium
1010 1163 1093 1208 per
1128 1145 1162 1190 d
1195 1145 1367 1207 potius,
1403 1162 1544 1206 quam

93 1237 178 1283 per
202 1219 233 1266 l.
283 1220 535 1266 Hactenus
559 1230 716 1266 autem
744 1230 791 1266 et
815 1221 964 1276 hodie,
990 1238 1083 1265 non
1113 1230 1163 1265 ut
1188 1220 1388 1281 antiqui,
1411 1220 1547 1266 clzac-
1571 1238 1609 1259 10

95 1302 302 1349 cetereuS,
334 1294 594 1342 dlzoccedie.
652 1296 718 1342 Et
752 1296 896 1342 eillac
930 1296 1105 1360 potius,
1143 1313 1286 1358 quam
1321 1294 1420 1341 illo.
1483 1295 1547 1341 Et

91 1388 177 1434 pro
213 1371 424 1428 lavabro,
464 1372 622 1436 potius
662 1371 908 1419 flabrum.-
950 1372 1108 1427 simul,
1155 1390 1249 1418 non
1290 1370 1465 1417 semel:
1503 1381 1550 1417 et

89 1446 391 1504 Alcmenam,
410 1465 552 1510 quam
578 1448 896 1494 Alcumenam
914 1468 929 1494 .-
956 1448 1275 1505 Alcmeonem‚
1293 1464 1435 1510 quam
1459 1446 1551 1494 Al-

91 1540 389 1569 cumeonem:
450 1524 747 1570 Tecmessam
794 1525 965 1587 potius,
1004 1542 1148 1587 quam
1198 1524 1474 1588 interposita
1518 1541 1550 1568 u

99 1601 442 1647 Tecumessam.
515 1603 582 1648 Et
621 1601 701 1648 ubi
743 1601 944 1647 duarum
994 1600 1357 1646 consonantium
1406 1616 1549 1646 sonus
1573 1618 1606 1639 11

89 1678 323 1741 percutiet
357 1695 506 1733 aureS,
546 1687 595 1723 ut
630 1678 677 1723 in
714 1677 944 1731 sabbatis,
977 1676 1144 1732 saccis,
1169 1674 1326 1740 effert,
1357 1674 1551 1740 ‘fftgit‚

70 1752 238 1817 fallit,
269 1753 451 1817 gallus,
475 1753 648 1810 vallus,
676 1752 945 1806 macellum,
978 1751 1155 1809 mallus,
1185 1751 1406 1813 palliam,
1432 1750 1553 1797 Pal-

92 1829 178 1887 las,
213 1847 296 1893 per
327 1829 422 1875 duo
456 1829 487 1885 l,
525 1829 648 1875 sicut
678 1847 760 1892 per
790 1829 884 1875 duo
917 1846 963 1882 n,
1000 1845 1191 1884 annum,
1226 1827 1481 1883 scemam,
1506 1836 1552 1873 et

91 1906 277 1952 similia.
328 1906 407 1952 Sic
439 1915 485 1951 et
514 1923 597 1968 per
627 1905 722 1951 duo
752 1923 803 1967 p,
836 1910 1140 1966 apparatam,
1175 1901 1194 1930 ¹¹
1207 1902 1432 1965 lappam:
1470 1919 1553 1965 per
1575 1918 1608 1939 ¹2

91 1981 186 2028 duo
210 1999 252 2038 r,
276 1981 584 2037 Arruntium,
615 1981 846 2035 Van-ram,
874 1980 1043 2034 currit,
1049 1978 1268 2043 ferrum.
1320 1981 1442 2025 Item
1471 1995 1554 2040 per

91 2056 187 2103 duo
210 2075 248 2113 S,
281 2057 541 2112 assiduum,
572 2056 807 2111 Cassium,
824 2053 1052 2119 fessum:
1091 2065 1137 2100 et
1165 2073 1248 2118 per
1283 2054 1377 2100 duo
1404 2061 1437 2110 t,
1462 2054 1552 2099 At-

93 2133 204 2190 tius,
235 2133 448 2190 Vattius,
473 2142 518 2178 et
547 2132 731 2178 similia.
802 2131 930 2177 Nam
967 2141 1020 2177 ut
1044 2131 1172 2177 color
1195 2131 1443 2177 oculorum
1473 2130 1552 2191 ju·
1575 2153 1609 2182 13

92 2208 232 2263 dicio,
268 2226 406 2272 sapor
435 2208 595 2272 palati,
628 2207 744 2254 odor
779 2207 962 2254 narium
998 2207 1273 2263 dinoscitur,
1311 2207 1374 2253 ita
1411 2224 1553 2252 sonus

94 2284 276 2331 aurium
317 2283 508 2330 arbitrio
545 2284 785 2345 subjectus
818 2293 901 2330 est.
972 2284 1220 2330 Clarorum
1247 2292 1406 2329 autem
1433 2282 1555 2328 viro-

93 2377 216 2417 rum,
256 2378 374 2423 quos
413 2377 553 2424 supra
594 2361 851 2417 nominavi,
893 2360 1286 2406 consuetudinem
1329 2360 1377 2405 in
1425 2358 1555 2404 libris

93 2437 328 2500 repperire
352 2454 604 2500 possumus
624 2455 802 2484 eorum.
842 2437 1101 2483 Sacratam
1119 2435 1261 2481 debet
1286 2434 1441 2488 scribi,
1461 2451 1554 2480 non
1578 2458 1613 2485 14

92 2520 363 2560 secratum:
401 2521 647 2561 sacratum
673 2523 830 2560 autem
869 2513 916 2558 in
943 2508 1287 2575 compositione
1311 2526 1556 2557 consecra-

95 2596 195 2637 tum
227 2590 357 2648 facit,
399 2608 482 2654 per
513 2608 536 2636 s
567 2600 613 2637 et
643 2608 682 2648 e,
713 2608 806 2636 non
844 2606 927 2653 per
959 2605 983 2634 s
1015 2597 1062 2633 et
1087 2605 1130 2633 a.
1201 2587 1281 2634 Sic
1315 2596 1363 2633 et
1395 2593 1554 2633 castus

150 2706 168 2725 Ζ
187 2699 411 2749 genitivum]
437 2699 647 2750 genetivum
671 2700 713 2736 P.
841 2706 859 2726 a
879 2696 1009 2749 frugis]
1036 2699 1158 2749 fruges
1179 2699 1219 2734 P.
1346 2695 1365 2723 b
1387 2695 1554 2733 tscriba-

97 2764 193 2796 mus,
214 2760 405 2789 atventum
427 2760 465 2790 et
483 2754 589 2802 aput]
613 2766 631 2788 r
650 2752 854 2789 scribamus
875 2761 1064 2789 arventurn
1086 2759 1122 2788 et
1143 2764 1235 2800 apur
1255 2751 1294 2787 Ρ.
1397 2748 1400 2751 ’
1435 2757 1451 2775 ⁰
1471 2750 1554 2784 hac-

96 2806 267 2852 cetenus]
291 2806 511 2842 hacettenus
531 2806 575 2843 P.
741 2803 760 2831 d
789 2805 985 2855 hoccedie]
1010 2803 1183 2842 hocetdie
1207 2804 1244 2840 P.
1410 2809 1426 2828 e
1446 2801 1551 2847 illuc]

97 2856 135 2893 ill
157 2858 195 2894 P.
351 2856 366 2884 f
384 2858 545 2906 labrum]
571 2860 694 2908 potius
716 2858 857 2895 labrum
879 2859 920 2894 P.
1078 2865 1098 2892 g
1119 2857 1308 2905 Cynnam]
1333 2854 1494 2890 Cinnam
1512 2854 1551 2888 P.

97 2908 118 2935 h
136 2910 313 2959 Jappam]
338 2910 485 2960 lappam
506 2912 547 2947 P.

808 2990 834 3017 C
