1962 3355
332 196 393 243 92
842 186 1002 234 Marii
1030 187 1268 235 Victorini
1604 199 1701 229 Lm.
1728 198 1782 228 11.

719 563 962 614 LIBER
1001 562 1413 614 SECUNDUS.

868 734 1255 760 4-—

442 863 575 914 CAP.
608 862 651 913 Ι.
717 863 802 912 De
829 860 1164 930 3Ρνοΐοΐῃρὶις
1190 862 1456 931 speciebus
1484 879 1681 913 novem.

341 965 609 1040 CREDO
636 1010 718 1038 nos
748 992 924 1049 omnia,
949 1009 1054 1054 quae
1088 992 1146 1038 ad
1182 993 1543 1039 instructionem
1583 992 1793 1038 metricae

338 1066 616 1130 disciplinae,
642 1069 769 1114 velut
793 1069 1009 1131 quaedam
1039 1068 1202 1130 primae
1228 1069 1566 1115 binstitutionis
1600 1069 1795 1115 incuna-

339 1144 465 1197 bula,
513 1146 803 1191 cnecessario
851 1145 937 1198 his,
979 1144 1150 1206 quibus
1189 1145 1385 1206 hujusce
1422 1145 1530 1192 artis
1578 1146 1794 1207 voluptas

340 1237 393 1264 ac
430 1219 640 1266 studium
669 1231 754 1276 est,
796 1220 1060 1267 intimanda
1091 1231 1215 1277 sunt,
1251 1220 1475 1267 dadfatim
1509 1230 1795 1285 persecutos.

304 1313 320 1334 2
341 1295 483 1341 Unde
520 1314 647 1342 nunc
681 1297 737 1342 ad
777 1314 945 1342 novem
980 1306 1251 1360 prototypa,
1287 1296 1332 1342 id
1363 1306 1448 1352 est,
1481 1295 1795 1360 primiformia

339 1372 555 1418 omnium
599 1383 857 1419 metrorum
910 1391 1097 1435 genera,
1143 1391 1168 1419 e
1210 1391 1410 1435 quorum
1454 1373 1584 1419 fonte
1629 1381 1797 1434 eatque

340 1448 521 1511 origine
554 1449 760 1495 derivata
797 1449 1176 1495 finnumerabilis
1213 1459 1469 1496 metrorum
1506 1449 1696 1513 profluit
1721 1466 1798 1494 co-

340 1523 433 1587 pia,
459 1525 668 1587 gstylum
706 1526 850 1572 nostri
888 1526 1041 1589 operis
1078 1535 1368 1583 convertam,
1394 1526 1452 1572 de
1477 1543 1680 1588 quorum
1706 1525 1799 1589 dis:

341 1600 515 1663 ciplina
541 1610 587 1646 et
608 1601 869 1664 praeceptiS‚
893 1611 940 1647 et
965 1603 1143 1648 ratione
1179 1602 1327 1659 omni,
1350 1619 1442 1663 qua
1467 1603 1589 1648 inter
1613 1619 1661 1647 se
1686 1618 1800 1647 con-

343 1685 517 1737 gruunt
543 1676 638 1721 sive
662 1676 961 1733 dissentiunt,
981 1686 1138 1724 textus
1165 1677 1305 1738 hujus
1325 1677 1518 1724 secundi
1543 1676 1800 1724 voluminis

306 1768 324 1797 3
346 1752 530 1814 singula
555 1770 755 1816 quaeque
780 1771 988 1799 reserans
1013 1754 1286 1817 explicabit.
1326 1752 1687 1817 Auspicandum
1714 1752 1801 1815 igi-

344 1838 419 1873 tur
444 1829 502 1873 ab
527 1846 582 1874 eo
610 1829 746 1874 nobis
771 1829 892 1892 pede
915 1830 1216 1894 potissimum
1245 1830 1435 1886 credidi,
1459 1829 1570 1892 hqui
1601 1830 1799 1876 heroum

346 1914 550 1951 metrum
583 1904 865 1969 iprincipem
894 1907 1110 1953 omnium
1142 1906 1390 1952 continens
1414 1906 1557 1952 etiam
1594 1904 1801 1951 nominis

348 1980 417 2025 sui
462 1982 779 2044 appellatione
822 1982 1050 2046 signavit:
1099 1981 1335 2044 siquidem
1390 1981 1603 2028 nonnulli
1651 1980 1802 2027 ambi-

348 2066 476 2118 gant,
494 2074 518 2102 a
537 2075 631 2119 quo
648 2076 672 2103 e
688 2058 872 2105 duobus
898 2067 1158 2104 metrorum
1180 2058 1394 2104 ordinem
1422 2058 1699 2104 inchoantes
1724 2073 1804 2102 ex-

309 2152 329 2180 4
348 2130 531 2176 ordinm
561 2133 763 2195 capiant.
804 2134 933 2180 Nam
960 2134 1042 2196 qui
1076 2133 1164 2179 kab
1190 2135 1350 2179 iambo
1374 2133 1561 2179 initium
1592 2133 1804 2187 trahunt,

347 2224 402 2251 eo
428 2207 582 2252 studio
609 2208 654 2253 id
682 2209 779 2254 fieri
804 2210 984 2265 volunt,
1009 2209 1137 2271 quod
1174 2209 1298 2254 idem
1333 2227 1358 2254 a
1392 2209 1535 2263 brevi,
1558 2226 1583 2254 a
1608 2225 1703 2270 quo
1729 2208 1804 2253 his

347 2283 478 2344 origo
504 2292 587 2340 est,
613 2283 843 2348 incipiens
880 2294 1110 2347 tempore,
1136 2293 1183 2330 et
1214 2285 1356 2347 longo
1386 2283 1620 2340 desinens,
1655 2283 1804 2329 lvelut

348 2376 373 2404 a
401 2358 569 2405 minori
608 2360 664 2406 ad
696 2360 846 2422 majus
872 2378 1084 2423 egressus
1109 2379 1191 2424 per
1215 2369 1482 2423 temporum
1511 2360 1806 2405 incrementa

348 2445 616 2498 consurgat.
686 2437 993 2498 Pyrrhichius
1029 2437 1157 2482 enim
1192 2436 1374 2481 nullum
1416 2453 1473 2481 ex
1509 2453 1556 2481 se
1599 2445 1804 2481 metrum

404 2540 423 2559 a
452 2533 683 2583 Prototypis]
716 2534 918 2584 Prototipis
938 2536 977 2571 P.
1143 2533 1162 2560 b
1193 2534 1454 2582 institutionis]
1490 2534 1746 2571 instructionis
1766 2535 1807 2571 P.

350 2593 366 2612 ⁰
389 2599 469 2635 quae
491 2587 713 2634 necessaria]
739 2587 945 2624 necessario
964 2589 1006 2625 P.
1118 2586 1137 2613 d
1157 2587 1314 2636 affatim]
1341 2588 1493 2624 adfatim
1515 2589 1554 2623 P.
1678 2594 1694 2613 e
1716 2598 1806 2623 et—

350 2639 531 2687 derivata]
556 2639 873 2688 atque—dirivata
893 2642 932 2676 P.
1096 2640 1111 2667 f
1128 2640 1423 2688 innumerabilis]
1449 2639 1740 2676 innumerabiles
1762 2640 1806 2676 P.

351 2702 372 2730 g
392 2693 546 2743 stylum]
571 2693 695 2728 stilum
719 2695 758 2729 P.
869 2692 889 2719 h
910 2693 991 2743 qui]
1016 2693 1113 2743 quod
1134 2695 1177 2730 P.
1299 2692 1308 2719 i
1331 2693 1552 2743 principem]
1578 2692 1744 2742 principe
1765 2694 1807 2730 P.

350 2745 371 2773 k
393 2747 429 2794 a]
454 2747 500 2781 ab
521 2747 559 2781 P.
670 2745 680 2771 1
702 2746 830 2794 veluti]
854 2746 953 2783 velut
974 2748 1011 2782 P.

406 2858 441 2893 3.
463 2844 689 2893 principem]
710 2845 924 2891 principium
947 2842 1006 2879 hic
1027 2850 1064 2879 et
1086 2855 1174 2878 mox
1202 2842 1401 2893 legendum
1424 2840 1590 2892 praecipit
1610 2839 1809 2877 Santenius

352 2897 396 2934 ad
417 2898 502 2934 Ter.
523 2897 646 2933 Maur.
665 2910 699 2946 p.
721 2908 807 2944 137.
