1962 3355
363 208 452 246 152
852 199 1012 246 Marii
1039 199 1275 247 Victorini
1608 215 1703 246 Lm.
1730 214 1809 247 111.

358 321 501 379 Item,

497 395 642 443 Cordi
666 395 837 443 laurea
858 397 1120 460 virginitas
1143 397 1260 442 mihi
1283 395 1548 457 cum-foret.

322 480 339 512 5
358 471 467 518 Nisi
500 472 536 518 si
567 472 866 519 catalecticus
892 489 1051 518 versus
1077 472 1333 528 emerserit,
1359 471 1538 517 scilicet
1561 469 1642 516 dut
1665 469 1808 534 disyl-

358 547 467 594 labo
501 547 672 594 ultimo
707 565 848 611 quam
883 547 1073 609 dactylo
1110 548 1403 594 terminetur.
1474 545 1586 592 Hoc
1620 563 1809 608 quoque

358 633 613 688 cognatum
634 624 824 670 AEolico
847 624 1002 686 generi
1037 632 1239 669 metrum
1269 640 1368 668 esse
1399 622 1446 667 in
1477 621 1674 667 dubium
1714 639 1808 668 non

360 701 504 757 venit,
529 699 655 762 quod
692 699 846 762 primo
872 699 1080 762 spondeo
1105 707 1151 744 et
1183 697 1381 760 dactylis
1406 705 1629 759 quattuor
1660 697 1811 743 subsi-

360 775 456 833 stit,
481 775 568 821 nisi
594 774 719 836 quod
746 774 859 820 huic
884 773 1122 820 interdum
1149 773 1344 819 ultimus
1371 773 1570 819 creticus
1595 783 1680 831 est,
1703 782 1772 831 ut,

490 850 662 897 eAurce
682 851 754 896 vis
776 851 904 897 venit
927 850 1134 912 Alpibus
1159 850 1294 895 aeria
1319 850 1440 895 nive.

359 926 450 972 Cui
477 926 532 972 ad
559 926 856 989 implendum
884 926 1216 972 hexametrum
1245 925 1479 989 spondeus
1503 924 1647 972 funus
1667 925 1812 972 deest.

320 1018 340 1049 6
359 1002 491 1049 Huic
515 1020 702 1065 quoque
734 1003 769 1048 si
803 1012 1015 1049 octavam
1044 1002 1274 1066 syllabam
1311 1019 1336 1046 a
1366 1001 1626 1065 primordio
1656 1019 1815 1047 versus

359 1078 554 1133 auferas,
578 1080 661 1124 fiet
685 1079 867 1142 elegion
903 1079 1057 1141 gquod
1095 1080 1364 1140 ὃιεστιγμένον
1388 1078 1572 1141 elegion
1611 1079 1818 1141 appella-

357 1162 448 1209 tur,
474 1155 604 1217 quasi
631 1156 770 1202 unius
795 1155 1042 1217 interjectu
1070 1156 1262 1219 syllabae
1286 1154 1580 1210 distinctum,
1607 1164 1674 1209 ut,

489 1230 641 1276 Alma
659 1248 841 1293 parens
860 1232 1087 1295 genetrix
1113 1232 1271 1278 divam
1294 1230 1472 1278 hdecus
1504 1232 1702 1278 Oceano.

323 1318 338 1351 7
360 1306 450 1352 Cui
477 1307 513 1352 si
540 1307 770 1369 syllabam
801 1308 1007 1369 adjiciaS‚
1031 1308 1115 1354 fiet
1139 1309 1325 1364 herous,
1349 1309 1429 1365 ita,
1453 1317 1521 1366 ut,

491 1383 638 1429 Alma
656 1402 838 1446 parens
859 1385 1086 1449 genetrix
1110 1385 1268 1431 divum
1293 1385 1432 1431 decas
1461 1384 1650 1430 Oceano
1677 1384 1773 1431 luat.

359 1458 408 1505 Si
446 1468 602 1505 autem
641 1459 879 1507 ioctavam
919 1482 944 1508 a
979 1461 1236 1507 medietate
1272 1461 1468 1516 auferas,
1493 1461 1582 1507 erit
1610 1462 1809 1525 elegion,

356 1543 424 1590 ut,

488 1611 641 1658 Alma
659 1630 840 1675 pavens
859 1616 1100 1678 genetrioe,
1125 1621 1178 1661 tu
1203 1615 1342 1662 decus
1372 1615 1577 1662 Oceano.

319 1699 338 1729 8
355 1687 577 1734 Traditur
601 1688 741 1734 etiam
769 1690 945 1751 elegius
970 1690 1047 1737 ket
1076 1709 1246 1737 scazon
1272 1692 1392 1748 talis,
1418 1701 1471 1738 ut
1494 1692 1702 1755 primum
1729 1708 1809 1736 co-

355 1763 471 1820 lum,
496 1763 543 1809 id
568 1773 638 1810 est
660 1766 1078 1828 penthemimeres,
1102 1767 1337 1830 integrum
1370 1768 1565 1813 habeat:
1601 1766 1808 1812 secundo

354 1857 464 1885 vcro
488 1848 651 1886 contra
676 1842 830 1905 legem
869 1861 1002 1889 suam
1035 1861 1129 1890 non
1157 1861 1249 1890 una
1286 1843 1365 1890 sed
1396 1843 1579 1890 duabus
1616 1843 1808 1907 syllabis

354 1915 654 1974 terminante,
678 1926 745 1974 ut,

726 1993 778 2040 ¹*il
798 1994 914 2040 mihi
934 1995 1186 2052 rescribas,

355 2067 562 2131 primum
590 2070 754 2116 colon:
793 2071 1070 2126 secundum,

618 2144 868 2194 ¹Attamen
895 2148 996 2210 ipse
1017 2149 1137 2195 veni.

357 2238 543 2278 scazon,

686 2298 916 2346 Attamen
939 2307 995 2347 ut
1018 2302 1276 2348 mveniatis.

359 2372 563 2418 Affectat
588 2373 712 2419 enim
740 2376 1000 2423 secundum
1029 2379 1086 2424 ab
1113 2378 1283 2424 ultimo
1307 2379 1429 2442 pede
1449 2380 1710 2427 troehaeum
1738 2383 1809 2428 in-

358 2447 542 2495 ducere.

360 2619 367 2626 .
413 2565 431 2593 d
463 2569 520 2615 ut]
545 2576 582 2604 et
602 2576 642 2604 ut
669 2569 710 2605 Ρ.
857 2579 872 2597 e
902 2573 1068 2622 auraevis]
1102 2575 1294 2625 adplenius
1324 2576 1364 2612 Ρ.
1513 2576 1528 2604 f
1559 2592 1652 2616 unus
1683 2582 1806 2628 deest]

358 2620 452 2656 1dest
472 2621 513 2680 P.
650 2629 671 2656 g
689 2624 787 2679 quod
808 2627 1042 2674 διεστιγμένω]
1065 2628 1126 2676 qui
1148 2629 1343 2680 diestigme
1364 2642 1437 2665 non
1459 2633 1499 2668 P.
1635 2632 1657 2659 ¹²
1674 2635 1804 2682 decus]

359 2681 525 2723 genetrix
545 2673 583 2709 P.
720 2682 730 2700 1
751 2680 941 2725 octavum]
965 2691 1132 2717 octavam
1154 2683 1193 2718 P.
1335 2681 1356 2708 k
1376 2685 1530 2731 scazon]
1553 2693 1590 2721 et
1608 2698 1742 2723 scazon
1765 2689 1806 2725 P.

359 2727 367 2747 ¹
384 2727 580 2773 Attamen]
597 2726 753 2769 Attinet‚
769 2731 870 2766 etsie
891 2744 973 2767 mox
996 2733 1035 2768 P.
1056 2735 1167 2777 Tum,
1183 2737 1264 2785 ipsa
1280 2738 1318 2774 P.
1391 2746 1421 2765 m
1438 2739 1609 2787 veniatis]
1628 2742 1750 2777 venias
1767 2742 1806 2777 P.

411 2851 450 2885 4.
471 2841 569 2898 cordi
586 2841 728 2899 laurea]
751 2843 809 2877 Ex
828 2843 1054 2882 Terentiano
1111 2850 1343 2897 translatum,
1364 2857 1463 2891 cordi
1468 2856 1590 2904 florea
1611 2858 1702 2903 virg.
1721 2856 1805 2892 CA-

359 2892 600 2941 Sapphmum,
623 2901 664 2930 ut
686 2893 830 2931 videtur
857 2896 902 2932 de
922 2898 1053 2935 Graeco
1109 2900 1237 2940 MER.
