1962 3355
129 225 234 256 CAP.
258 219 300 256 1.
328 209 411 255 De
435 207 654 255 connexis
676 207 801 252 inter
823 221 874 252 se
897 211 1041 268 atque
1063 205 1337 252 inconnexis
1361 205 1447 266 850.
1484 213 1576 252 213

216 330 489 377 ¹Tremulos
512 328 638 392 quod
660 344 759 373 esse
789 326 951 374 Gallis
975 327 1157 373 habiles
1171 332 1352 389 putant
1375 325 1548 372 modos.

217 408 412 453 mSonat
437 407 521 452 hoc
542 404 740 451 subinde
765 410 933 450 cantus
961 402 1236 466 Cybeleium
1258 419 1438 458 nemus,

217 484 498 546 IVomenque
530 479 817 528 Galliambis
842 485 1168 526 nmemorcn‘m·
1192 479 1300 525 hinc
1325 479 1503 524 datum.

132 559 323 622 Recipit
358 559 465 605 obic
501 575 659 604 versus
699 557 787 602 sub
823 555 911 601 alia
949 555 1249 618 percussione
1292 561 1582 617 anapaestum
1603 562 1645 603 96

132 648 213 682 aut
237 635 499 698 spondeum
528 634 573 679 in
607 634 760 697 prima
785 632 908 688 sede,
934 631 1106 677 debinc
1139 631 1256 676 duos
1293 630 1491 685 iambos,
1516 629 1586 673 in-

131 711 318 758 terdum
357 720 404 756 et
445 710 734 772 tribrachyn.
804 708 932 754 Nam
976 707 1223 770 superfluit
1263 716 1360 752 tam
1409 705 1457 750 in
1496 704 1588 749 hoc

132 805 274 849 quam
303 787 349 833 in
377 786 590 849 sequenti
616 785 720 831 colo
745 801 1107 846 nonnumquam
1135 781 1391 845 semipede,
1416 780 1493 826 Pid
1520 788 1590 825 est

133 882 226 910 una
263 864 459 926 syllaba,
497 861 622 924 quod
663 861 796 907 colon
841 870 930 907 ‘lex
978 860 1223 924 pariambo
1265 867 1312 904 et
1352 857 1453 903 basi
1494 865 1590 902 tro-

133 939 299 986 chaica
324 947 405 984 aut
428 938 668 1000 tribrachy
694 937 943 983 constabit.

201 1016 426 1079 Superest
456 1014 834 1076 hendecasyllabi
871 1025 999 1058 tome
1036 1011 1305 1066 novissima,
1341 1017 1471 1071 rquae
1504 1007 1591 1053 erit
1609 1029 1649 1060 97

136 1091 352 1155 septima.
411 1091 611 1137 Constat
638 1100 793 1136 autem
822 1107 879 1134 ex
903 1089 1240 1151 Hipponacteo
1259 1086 1474 1132 trimetro
1494 1102 1593 1129 sca-

137 1176 292 1224 zonte,
317 1184 457 1229 quem
493 1165 755 1212 claudicare
788 1182 927 1227 supra
963 1163 1276 1217 ostendimus,
1306 1170 1360 1207 ut
1389 1169 1436 1207 et
1465 1161 1591 1223 Sipso

136 1261 270 1289 versu
295 1242 622 1297 declarabitur,
648 1250 909 1302 tamquam,

273 1317 481 1364 Carmen
507 1326 678 1363 SSnemo
684 1315 824 1381 facit
848 1332 948 1362 meo
976 1314 1168 1360 Sabino.

137 1395 258 1440 tHic
283 1394 329 1440 in
358 1394 689 1439 hexametrum
716 1402 936 1449 vertetur,
963 1391 1044 1447 sic,

274 1469 479 1516 Carmen
504 1466 782 1533 nemofcccit
808 1468 938 1514 claro
963 1466 1090 1530 quod
1104 1483 1201 1528 par
1220 1466 1284 1511 sit
1309 1465 1534 1511 Homero.

139 1547 363 1610 Superest
386 1545 606 1592 claudum
646 1544 761 1591 illud
784 1562 883 1590 meo
909 1544 1100 1599 Sabino,
1126 1542 1200 1588 cui
1238 1542 1273 1587 si
1312 1542 1486 1605 primas
1524 1541 1592 1586 sui
1615 1559 1655 1599 98

139 1623 322 1686 generis
358 1631 511 1686 partes
549 1621 755 1683 adjicias,
790 1620 876 1666 erit
912 1637 1069 1666 versus
1109 1618 1341 1664 iambicus
1378 1626 1598 1664 tetrame-

138 1707 237 1745 trus
263 1716 449 1753 scazon,
474 1699 596 1754 talis,

274 1774 513 1821 Phaselus
538 1774 621 1820 ille
645 1791 781 1838 quem
806 1773 1085 1837 videsfacit
1110 1788 1210 1818 meo
1237 1771 1429 1817 Sabino.

140 1851 269 1897 Nam
288 1852 346 1897 ab
363 1852 458 1896 ima
474 1860 604 1913 parte
624 1851 880 1896 imminuta
898 1849 1077 1911 syllaba
1094 1847 1288 1893 claudus
1305 1847 1495 1893 effectus
1513 1855 1597 1892 est.

207 1927 409 1973 Accedit
446 1926 517 1972 his
549 1935 713 1972 octava
750 1925 946 1988 specieS,
968 1942 1109 1987 quam
1148 1923 1324 1969 idcirco
1349 1922 1599 1987 superiori·
1617 1942 1658 1974 99

143 2006 232 2050 bus
260 2020 330 2050 vn
357 2013 481 2049 vnon
509 2002 859 2064 conjunximUS,
875 2001 984 2064 quia
1005 2018 1062 2047 ex
1090 2001 1233 2046 heroo
1253 2008 1438 2045 tantum
1464 2016 1599 2044 versu

145 2080 395 2126 informata
419 2079 694 2134 dinoscitur,
719 2095 773 2123 eo
799 2077 1049 2123 dumtaxat
1074 2076 1119 2121 in
1141 2094 1235 2138 quo
1260 2075 1440 2139 primus
1461 2092 1600 2138 spon-

144 2158 276 2213 deus,
302 2174 502 2218 sequens
541 2154 600 2200 sit
632 2155 862 2217 dactyluS,
887 2153 1094 2216 demptis
1120 2171 1145 2198 e
1170 2152 1328 2198 medio
1353 2151 1502 2197 tribus
1528 2155 1600 2197 vel

145 2241 369 2295 quattuor
402 2230 610 2294 syllabis,
640 2229 1009 2276 wrecedentibus
1042 2247 1150 2275 vero
1176 2229 1222 2275 in
1249 2229 1419 2274 ultima
1442 2245 1600 2273 versus

145 2319 276 2374 parte
300 2308 483 2355 duobus
508 2306 724 2370 pedibus,
748 2306 937 2370 dactylo
963 2316 1011 2352 et
1036 2305 1246 2369 spondeo
1273 2323 1353 2351 seu
1378 2304 1600 2358 trochan,

146 2388 383 2449 integrum
412 2402 600 2431 sensum
630 2384 996 2447 complentibus,
1024 2383 1102 2440 ita,

345 2466 417 2513 At
440 2466 611 2529 regina
631 2465 778 2529 gravi
801 2465 968 2511 saucia
994 2481 1127 2519 cura,

203 2565 213 2592 l
231 2565 446 2613 Tremulos]
471 2565 650 2601 Tremulo
669 2566 709 2601 P.
793 2572 824 2591 m
842 2566 976 2612 Sonat]
998 2566 1143 2600 Sonant
1163 2565 1201 2600 P.
1313 2571 1332 2589 n
1354 2564 1598 2609 memoratur]

150 2618 414 2656 memorabitur
434 2620 474 2655 P.
586 2625 603 2644 o
625 2617 702 2666 hic]
727 2618 813 2654 hinc
834 2619 872 2654 P.
985 2625 1004 2652 P
1026 2617 1060 2655 id
1082 2619 1156 2665 est]
1182 2622 1201 2654 e
1222 2617 1261 2652 P.
1356 2624 1375 2651 q
1395 2617 1476 2664 aut]
1500 2629 1542 2652 ex
1564 2617 1603 2652 P.

149 2679 188 2709 ut
207 2673 262 2708 ed.
283 2671 446 2722 Tubiug.
468 2677 531 2707 aut
552 2684 644 2708 corr.
667 2673 912 2708 Camerarius.
1042 2678 1056 2696 1·
1076 2672 1174 2719 quae]
1201 2675 1220 2707 e
1241 2668 1266 2720 ἶ]
1284 2671 1324 2706 P.
1465 2676 1478 2695 s
1499 2669 1599 2718 ipso]

148 2726 228 2776 ipso
248 2738 351 2762 versu
372 2726 411 2762 P.
539 2724 553 2750 t
576 2725 650 2760 Hic
670 2724 727 2773 in]
753 2725 789 2760 in
813 2738 887 2761 om.
910 2725 948 2759 P.
1078 2731 1097 2749 V
1116 2723 1395 2773 conjunximus]
1419 2736 1492 2758 uon
1514 2735 1605 2758 con-

143 2778 335 2829 junximus
358 2779 397 2813 P.
508 2784 536 2802 W
557 2777 833 2825 recedentibus]
859 2776 1108 2814 recidentibus
1129 2778 1170 2813 P.

204 2873 267 2908 95.
301 2860 418 2896 Sonat
446 2859 533 2905 δια]
569 2858 672 2905 Lege
699 2870 740 2894 ex
773 2860 848 2895 Te·
960 2864 1602 2907 97.SSnemopronorwnreponen-

151 2915 331 2953 rentiam,
362 2912 478 2947 Sonat
508 2911 573 2946 hoc
600 2912 747 2947 subinde
780 2925 849 2948 me·
908 2912 995 2948 dum
1032 2912 1159 2947 docuit
1198 2909 1396 2946 Santenius
1434 2908 1479 2943 ad
1517 2908 1602 2943 Ter.

154 2973 209 3002 tro
229 2968 294 3003 ἃς.
326 2964 500 3001 COMM.
908 2965 1075 3013 Maunp.
1092 2964 1179 3011 381.
1197 2964 1295 2999 Tum
1308 2961 1416 3011 vulgo
1427 2973 1601 2997 omanem
