1962 3355
1476 184 1561 227 539

111 202 210 229 CAP.
233 201 292 228 1v.
603 188 672 228 De
692 192 823 228 metro
843 187 1063 240 dactylico.

104 301 200 341 Hoc
228 310 405 341 metrum
436 314 460 339 a
491 299 700 354 superiore
732 315 780 339 eo
811 299 948 346 distat,
982 297 1094 352 quod
1125 297 1165 336 in
1196 295 1267 336 illo
1296 305 1356 337 est
1386 295 1560 336 facultas
1579 292 1599 324 6

101 367 281 423 primum
317 378 356 408 et
388 366 613 407 secundum
647 366 791 421 pedem
824 366 1035 421 dactylum
1068 364 1152 403 sive
1183 362 1404 417 spondium
1436 362 1559 402 collo-

100 434 236 483 candi,
258 434 299 474 in
323 434 587 490 Asclepiadio
615 444 755 474 autem
785 443 898 474 certa
925 431 993 473 lex
1023 440 1082 472 est
1114 430 1217 478 haec,
1241 438 1287 470 ut
1319 428 1453 484 primo
1475 429 1563 470 loco

101 502 314 557 spondius,
336 501 516 542 secundo
545 501 748 557 dactylus,
770 500 921 541 deinde
950 499 1190 548 catalecton,
1215 497 1324 553 ipost
1352 497 1439 538 duo
1468 497 1563 538 dac-

101 569 176 625 tyli
203 569 482 611 conlocentur„
544 570 734 610 Metrum
760 567 1010 624 dactylicum
1034 567 1245 608 AEolicum
1267 566 1411 621 recipit
1436 565 1563 622 pedes
1583 575 1601 608 7

101 637 201 678 hos:
235 637 456 692 spondium
488 637 571 678 sive
601 636 800 687 iambum,
824 636 907 676 sive
938 635 1180 682 trochaeum,
1203 633 1292 675 loco
1322 633 1471 690 primo,
1494 633 1563 674 de-

102 705 197 745 inde
232 705 337 745 duos
371 704 571 761 dactyIOS,
606 715 699 760 post
733 703 954 760 spondium
990 703 1074 743 sive
1110 702 1350 743 trochaeum.
1417 701 1563 758 Hujus

101 772 337 829 exemplum
355 789 363 813 :

542 831 677 877 Ampla
696 830 847 865 condere
865 831 993 865 maenia
1013 831 1126 877 coepz't.

104 901 293 940 Metrum
324 897 572 954 dactylicum
596 895 877 937 kPhalaeeium
909 896 1297 953 hendecasyllabum
1326 905 1486 937 constat
1510 911 1560 937 ex
1579 902 1599 932 8

101 967 291 1023 spondio,
313 975 353 1007 et
374 965 553 1020 dactylo,
573 974 614 1005 et
635 965 768 1005 tnbus
788 964 991 1006 trochaeis,
1052 966 1197 1021 Hujus
1222 965 1482 1020 exemplum:

533 1036 688 1082 cmlgens
707 1035 841 1070 (lanitiis
861 1040 895 1070 el
915 1047 976 1070 ore
996 1036 1128 1071 clarus.

103 1107 291 1147 Men-um
332 1103 581 1160 dactylicum
619 1101 837 1143 Alcaicum
878 1101 1270 1158 hendecasyllabum
1311 1110 1471 1142 constat
1511 1116 1561 1142 ex
1581 1114 1601 1144 9

100 1172 238 1214 iambo
258 1183 298 1214 et
320 1172 512 1220 Bacchio,
536 1181 576 1212 et
596 1171 760 1212 duobus
782 1169 971 1226 dactylis.
1033 1171 1178 1226 Hujus
1199 1169 1458 1225 exemplum:

485 1238 621 1282 le'des‚
644 1244 684 1275 ut
704 1240 783 1274 alta
801 1243 870 1274 stet
889 1240 968 1274 nive
988 1240 1173 1274 candidus.

103 1307 307 1349 Horatius
322 1317 459 1348 tamen
477 1307 611 1364 primo
631 1306 721 1348 loco
741 1306 861 1347 etiam
886 1306 1142 1361 mspondium
1165 1307 1409 1362 praeposuit,
1434 1317 1480 1347 ut
1502 1314 1563 1347 est.
1584 1319 1623 1340 10

101 1374 204 1415 illud
227 1374 437 1431 ejusdem:

504 1451 524 1470 n
536 1446 603 1481 Odi
616 1444 815 1493 profanum
835 1444 965 1490 vulgus
984 1448 1019 1479 et
1038 1456 1154 1479 arceo.

103 1513 291 1554 Metrum
327 1512 577 1569 dactylicum
615 1511 867 1568 Sapphicum
900 1511 1290 1567 hendecasyllabum
1322 1520 1481 1552 constat
1511 1526 1561 1552 ex
1584 1527 1619 1550 ιι

101 1663 282 1715 gantioris
303 1663 445 1700 cultore
465 1664 588 1713 digna.
647 1664 708 1700 De
737 1664 804 1701 hac
914 1664 931 1687 k
956 1664 1178 1700 Plzaloecz'um
1207 1663 1560 1710 hendecasyllabum]

103 1716 375 1767 significatione
426 1717 593 1753 vocabuli
651 1720 805 1753 musicus

105 1770 270 1820 pluribus
300 1769 448 1806 disse-rit
477 1778 628 1819 patruus
658 1770 703 1806 ad
734 1772 802 1806 Ju-

103 1823 191 1861 liaui
224 1825 389 1859 Caesares
418 1837 454 1873 p.
481 1835 540 1871 70.
570 1836 650 1871 seq.
681 1824 804 1860 Possis

103 1879 217 1914 etiam
263 1877 490 1913 vocabulum
541 1877 684 1912 Musica
739 1890 804 1913 vo-

103 1930 211 1968 candi
232 1943 317 1966 casu
339 1929 505 1980 accipere
532 1938 569 1966 et
598 1929 804 1976 intelligere

102 1983 248 2034 poesin,
270 1984 435 2020 Musam.
489 1983 599 2019 Tunc
618 1983 804 2020 sententia

103 2037 237 2074 similis
258 2036 329 2074 erit
352 2036 404 2073 illi
426 2038 580 2076 Ludere,
605 2038 725 2078 Musa,
739 2036 803 2083 ju-

102 2097 177 2134 vat,
198 2092 298 2139 quod
319 2099 376 2126 est
400 2090 498 2139 apud
529 2095 677 2140 poetam
710 2090 803 2138 pris-

102 2157 189 2181 cum
208 2145 246 2180 in
267 2144 474 2193 Antholog.
497 2145 627 2180 Burin.
645 2143 707 2180 lib.
731 2144 803 2181 ΙΙΙ.

103 2197 219 2247 epigr.
241 2210 328 2245 192.
369 2197 528 2233 HEUS.

156 2249 167 2277 i
191 2257 275 2298 post
295 2253 366 2287 duo
393 2252 529 2298 dactyli
556 2250 801 2297 conlocentur]

103 2305 207 2341 Inter
227 2317 349 2341 versus
376 2304 436 2340 hic
462 2302 646 2350 adjecerat
672 2303 805 2354 aliquis

102 2357 141 2394 in
172 2357 258 2394 MS.
297 2358 414 2394 Paris.
449 2359 486 2393 in
521 2370 589 2405 quo
618 2362 701 2405 post
736 2362 806 2393 tres

103 2423 224 2447 versus
251 2412 340 2446 solet
367 2412 459 2447 senis
485 2410 576 2461 [leg.
596 2412 717 2459 semis]
745 2411 805 2446 lze-

103 2465 232 2507 roicus,
253 2466 291 2499 id
310 2469 361 2499 est
379 2465 554 2511 spondeus
575 2470 608 2500 et
629 2466 699 2500 duo
719 2466 804 2499 (Iac-

105 2519 171 2565 tylz'
188 2519 287 2564 poni.
344 2516 524 2566 Respexit
543 2525 672 2554 auctor
698 2517 806 2567 hujus

103 2570 338 2620 glossematis
351 2569 397 2605 ad
410 2569 717 2617 conjunctionem
738 2584 802 2621 ge-

105 2623 202 2660 neris
249 2621 482 2672 Asclepiadei
530 2632 569 2660 et
616 2623 802 2673 Glyconii,

103 2690 186 2726 quae
209 2676 347 2726 placuit
367 2675 531 2712 Horatio
550 2676 614 2713 lib.
636 2677 665 2712 Ι.
686 2677 746 2713 od.
769 2678 804 2713 6.

109 2740 170 2778 15.
206 2741 266 2776 24·
300 2741 364 2777 33.
395 2736 433 2765 et
469 2729 570 2766 alibi.
628 2729 703 2766 Sed
732 2731 803 2766 hoc

104 2783 335 2820 connubium
383 2791 587 2818 metrorum
646 2782 802 2818 istorum

105 2836 186 2886 lege
216 2849 291 2872 non
320 2836 374 2872 ita
402 2844 480 2872 arta
511 2834 730 2886 constringi,
761 2848 803 2871 ex

105 2889 186 2939 ipso
217 2888 379 2926 Horatio
412 2897 573 2932 constat,
608 2889 670 2938 qui
705 2887 804 2924 ordi-

107 2956 192 2980 nem
210 2942 314 2979 illum
331 2954 429 2991 saepe
446 2943 625 2992 migravit.
649 2942 802 2979 HEUS.

861 1717 1023 1767 Guelph.
1047 1716 1256 1764 faleucz'um
1278 1716 1419 1764 sudem
1449 1718 1563 1764 sylla-

861 1771 987 1806 barum
1001 1786 1013 1806 :
1031 1769 1146 1806 Paris.
1169 1770 1562 1818 hendecasyllabarum.

862 1824 1014 1860 HEUS.

914 1875 926 1903 l
951 1878 1066 1919 Vides,
1088 1881 1126 1912 ut
1147 1877 1226 1912 alta
1245 1882 1314 1912 stet
1333 1877 1414 1912 nive
1438 1877 1562 1912 candi·

860 1932 959 1978 dus]
995 1930 1102 1979 Apud
1126 1929 1326 1966 Horatium
1365 1929 1428 1965 lib.
1449 1930 1478 1966 I.
1500 1929 1561 1966 od.

860 1997 896 2032 9.
930 1983 1037 2019 hodie
1067 1982 1200 2032 legitur
1229 1984 1433 2026 candidum,
1462 1982 1562 2031 quod

860 2037 1039 2073 Prisciani
1061 2036 1328 2085 Consentiique
1364 2035 1560 2073 auctorita-

859 2091 959 2126 tibus
989 2089 1076 2126 satis
1107 2089 1330 2126 defenditur.
1389 2089 1475 2125 Nec
1505 2098 1561 2126 ta-

862 2157 947 2180 men
978 2143 1254 2192 aspernandum
1286 2151 1342 2179 est
1373 2144 1560 2184 candidus,

861 2210 973 2246 quam
1002 2195 1220 2246 scripturam
1252 2204 1325 2232 tres
1346 2195 1470 2232 Mallii
1499 2208 1561 2232 co-

860 2250 959 2287 dices
980 2257 1144 2286 mentur,
1179 2251 1223 2286 In
1246 2251 1317 2286 hoc
1332 2262 1418 2285 vero
1437 2248 1560 2286 Flacci

862 2317 962 2340 versu
985 2304 1102 2340 codex
1127 2303 1226 2352 prior
1246 2301 1476 2345 Parisiensis‚
1498 2301 1560 2351 qui

859 2358 1025 2405 ἀκέφαλος
1063 2365 1132 2400 est,
1170 2358 1267 2392 inter
1305 2364 1419 2392 testes
1457 2369 1561 2392 meos

860 2409 1008 2460 prodire
1028 2409 1170 2459 incipit.
1203 2410 1359 2446 HEUS.

916 2471 947 2490 m
975 2465 1164 2511 spondium
1189 2463 1401 2511 praeposuit]
1446 2461 1560 2499 Paris.

862 2517 962 2568 prior
997 2525 1035 2553 et
1074 2516 1131 2553 hic
1169 2525 1208 2554 et
1245 2516 1282 2552 in
1316 2517 1561 2564 sequentibus

858 2572 1051 2618 spondeum
1073 2570 1213 2607 scribit.
1257 2571 1346 2607 Non
1369 2578 1439 2614 est,
1461 2570 1559 2619 quod

861 2624 1099 2674 repudiemus
1129 2624 1355 2673 reliquorum
1387 2623 1558 2660 codicum

861 2677 1181 2727 orthographiam,
1221 2690 1332 2725 quam
1382 2676 1420 2712 in
1463 2677 1558 2713 Bac-

859 2731 970 2772 chius,
1010 2731 1163 2778 hippius,
1202 2732 1358 2773 Darius,
1396 2730 1560 2765 Nicome-

858 2785 933 2827 dia,
956 2784 1227 2831 Philadelphia,
1251 2781 1452 2830 multisque
1479 2781 1558 2818 aliis

860 2836 1022 2873 ferimus.
1055 2837 1209 2873 HEUS.

914 2897 933 2916 ¹1
957 2891 1026 2925 Odi
1041 2889 1239 2937 profanum
1259 2889 1403 2935 vulgus]
1432 2888 1557 2925 Hora-

860 2942 934 2979 tius
953 2942 1018 2979 lib.
1042 2944 1114 2979 III.
1136 2943 1197 2979 od.
1221 2955 1252 2978 1.
1283 2941 1438 2978 HEUS.

778 3012 891 3044 322
