1962 3355
362 207 422 244 54
872 196 1031 243 Marii
1060 196 1297 242 Victorini
1655 213 1751 242 Lm.
1778 213 1810 243 1.

321 317 606 365 6Secundus
643 325 799 362 autem
842 317 1121 379 Rhythmus
1164 317 1209 362 in
1259 317 1418 363 iambo
1458 317 1590 380 dupli
1634 317 1812 363 ratione

360 393 586 447 substitit,
633 410 725 454 qua
773 392 1010 438 trochaica
1055 402 1102 438 et
1147 402 1344 454 utraque
1395 392 1548 438 ionica
1596 410 1813 438 monosc-

360 486 476 514 mos.
532 468 688 514 Unius
714 467 840 512 enim
867 468 1092 530 temporis
1129 468 1258 514 Arsis
1292 467 1346 513 ad
1384 467 1599 513 disemon
1634 468 1813 513 Thesin

323 553 671 607 7comparatur.
740 543 932 589 Etenim
972 544 1156 588 iambus
1190 561 1215 588 a
1251 543 1379 588 brevi
1417 543 1597 605 syllaba
1633 543 1812 605 incipit,

358 637 465 683 quae
506 629 576 666 est
613 619 753 665 unius
793 618 1037 681 temporiS,
1076 628 1123 664 et
1166 620 1210 664 in
1249 619 1438 681 longam
1483 618 1669 672 desinit,
1709 636 1812 679 quae

358 704 430 741 est
492 703 760 757 temporum
821 693 1024 739 Yduum:
1093 694 1326 739 trochaeus
1387 702 1546 739 autem
1610 702 1810 739 Zcontra.

357 770 540 817 Eadem
589 778 636 814 et
676 769 723 814 in
771 768 934 813 ionicis
986 769 1144 814 metris
1191 769 1323 832 dupli
1371 768 1549 814 ratione
1590 777 1810 814 versatur.

319 846 483 893 8Nam
522 845 703 890 ionicus
728 844 804 890 ἀπὸ
832 843 1004 904 μείζονος
1038 845 1207 908 incipit
1238 863 1263 890 a
1298 844 1480 890 duabus
1515 844 1667 907 longis
1693 853 1738 890 et
1763 845 1812 890 in

357 920 472 966 duas
497 919 668 965 desinit
694 920 872 974 breves,
908 919 1091 964 ionicus
1122 928 1281 965 autem
1308 918 1383 964 ἀπὸ
1408 918 1622 970 ἐλασσόνος
1653 937 1678 964 a
1711 920 1813 965 bre-

320 1017 339 1048 9
357 996 492 1042 vibus
519 995 748 1058 incipiens
774 995 820 1039 in
848 995 1010 1056 longas
1036 993 1220 1039 desinit.
1273 993 1380 1039 Erit
1404 993 1562 1054 itaque
1582 994 1701 1039 inter
1725 995 1810 1040 hos

357 1071 562 1117 disemos
602 1070 656 1116 ad
692 1079 976 1116 tetrasemon
1012 1069 1143 1115 Arsis
1181 1069 1237 1115 ad
1274 1069 1468 1125 Thesin,
1510 1070 1620 1131 quia
1667 1087 1809 1116 unam

358 1157 540 1211 partem
568 1147 613 1192 in
641 1147 905 1192 sublatione
934 1146 1089 1202 babet,
1113 1144 1227 1191 duas
1254 1145 1299 1190 in
1327 1145 1575 1208 positione,
1595 1163 1674 1191 seu
1701 1163 1812 1192 con-

304 1250 341 1270 10
358 1233 442 1269 tra.
492 1223 621 1286 Ergo
652 1222 856 1268 iambica
881 1231 928 1268 et
952 1221 1190 1267 trochaica
1217 1231 1381 1278 metra,
1407 1239 1512 1283 quae
1548 1221 1593 1266 in
1632 1221 1810 1284 duplici

358 1299 537 1345 ratione
573 1308 682 1343 sunt
711 1298 879 1360 posita,
904 1297 1028 1343 facta
1061 1297 1393 1359 conjugatione
1432 1297 1597 1342 binum
1633 1297 1806 1359 pedum

302 1403 336 1423 ιι
359 1376 414 1422 ad
442 1377 593 1438 legem
616 1374 863 1437 quadrupli
886 1374 1191 1420 vocabuntur.
1229 1373 1416 1419 Tertius
1437 1382 1593 1419 autem
1617 1373 1811 1435 Rhyth-

360 1468 480 1506 mus,
505 1450 584 1512 qui
612 1450 848 1513 paeonicus
873 1467 898 1495 a
924 1449 1124 1494 BIusicis
1146 1449 1334 1504 dicitur,
1360 1449 1586 1495 hemiolia
1611 1449 1810 1494 asubsti-

303 1526 430 1583 12tit,
455 1543 559 1587 quae
595 1534 665 1571 est
701 1525 901 1587 sescupli
941 1525 1071 1570 ratio.
1127 1524 1455 1570 bHemiolium
1481 1524 1605 1569 enim
1645 1524 1809 1569 dicunt

358 1618 628 1656 numerum,
654 1601 732 1662 qui
763 1599 1041 1645 tantundem
1071 1599 1242 1645 habeat
1268 1609 1498 1661 quantum
1526 1600 1642 1645 alius
1667 1610 1714 1645 et
1738 1600 1808 1645 di-

358 1676 558 1723 midium
582 1677 801 1739 amplius,
821 1685 874 1721 ut
895 1675 929 1721 si
948 1693 1192 1738 compares
1211 1684 1303 1721 tres
1321 1685 1367 1721 et
1386 1675 1506 1721 duo:
1533 1693 1640 1721 nam
1660 1678 1706 1721 in
1729 1676 1810 1721 tri-

359 1754 445 1799 bus
471 1762 518 1798 et
543 1752 637 1798 duo
663 1761 709 1798 et
733 1769 893 1797 eorum
922 1750 1172 1797 dimidium
1201 1752 1482 1808 continetur,
1508 1751 1661 1813 cquod
1698 1768 1806 1796 cum

357 1829 528 1885 evenit,
552 1829 768 1874 trisemos
794 1828 923 1873 Arsis
957 1826 1013 1872 ad
1041 1826 1254 1872 disemon
1279 1828 1457 1873 Thesin
1496 1826 1737 1889 accipitur,
1763 1825 1809 1871 id

357 1914 442 1957 est,
478 1913 570 1950 tres
606 1912 761 1966 partes
799 1903 846 1948 in
886 1902 1149 1948 sublatione
1182 1901 1407 1959 dliabens,
1444 1901 1558 1947 duas
1602 1902 1646 1946 in
1688 1901 1812 1963 posi-

356 1979 498 2036 tione,
535 1997 615 2025 seu
652 1988 840 2025 contra:
878 1995 1020 2041 quam
1056 1977 1284 2023 rationem
1320 1979 1529 2023 maxime
1566 1977 1812 2023 incurrunt

358 2055 583 2116 epaeonici
611 2072 768 2100 versus
800 2064 846 2100 et
882 2053 1101 2106 fbacchii,
1126 2053 1192 2098 ita
1216 2052 1351 2098 nobis
1383 2061 1532 2098 metra
1556 2051 1811 2114 gradienti-

301 2150 338 2179 13
359 2129 461 2184 bus,
487 2138 538 2174 ut
562 2129 832 2191 gpaeonicus
859 2137 1065 2173 servetur
1091 2127 1386 2189 Rhythmus.
1435 2126 1558 2173 hHae
1585 2137 1694 2172 sunt
1718 2137 1810 2172 tres

358 2203 650 2266 partitiones,
673 2221 776 2265 quae
803 2203 1073 2249 continuam
1103 2201 1367 2264 ῑρυθμοπωΐαν
1397 2201 1590 2247 faciunt.
1629 2201 1811 2247 Aristo-

356 2295 504 2324 xenus
542 2288 696 2324 autem
736 2279 800 2324 ait
835 2295 929 2323 non
968 2278 1098 2323 omni
1138 2277 1279 2323 modo
1312 2278 1431 2322 inter
1463 2295 1510 2322 se
1547 2279 1811 2340 composita

357 2364 572 2417 tempora
598 2353 904 2415 Rhytlimum
941 2352 1104 2398 facere.
1158 2352 1288 2397 Nam
1322 2351 1501 2397 kcoitus
1537 2362 1809 2415 temporum

357 2428 626 2474 communis
646 2437 715 2473 est
741 2427 995 2490 Rhythmo
1027 2437 1074 2474 et
1104 2427 1441 2489 ¹Arhythmiae.
1477 2428 1618 2474 Unde
1644 2429 1677 2473 si
1701 2438 1809 2491 apte

357 2512 621 2565 congruant
657 2503 821 2566 spatia,
858 2503 1164 2565 Rhythmum
1206 2503 1412 2548 faciunt:
1450 2502 1485 2548 si
1528 2512 1704 2560 contra,
1745 2504 1809 2549 A-

410 2631 429 2657 Y
448 2623 624 2669 duorum]
650 2622 762 2658 duum
785 2623 827 2658 P.
914 2629 932 2647 Ζ
952 2623 1098 2668 contra]
1123 2621 1182 2669 qui
1205 2622 1244 2656 P.
1334 2627 1352 2646 a
1372 2620 1556 2667 subsistit]
1579 2622 1746 2657 substitit
1766 2623 1807 2659 P.

356 2673 376 2701 b
401 2675 650 2721 Hemiolium]
676 2673 907 2710 Hemiolium
928 2674 1026 2710 enim
1050 2675 1090 2709 P.
1202 2681 1219 2700 θ
1239 2673 1358 2722 quod]
1379 2673 1440 2722 qui
1461 2675 1501 2708 P.
1611 2672 1630 2699 d
1650 2675 1806 2721 habeut]

356 2729 496 2764 habens
516 2728 558 2764 P.
716 2735 733 2754 θ
754 2726 938 2773 Poeonici]
964 2726 1122 2762 Paeonici
1147 2726 1185 2761 P.
1348 2724 1362 2751 f
1379 2725 1526 2771 Baebii]
1553 2726 1742 2762 Baracchii
1766 2728 1807 2763 P.

357 2787 378 2815 g
398 2779 609 2826 Paeonicus]
636 2779 833 2815 Poeonicus
855 2780 893 2814 P.
1018 2777 1037 2803 h
1060 2779 1148 2826 Hae]
1173 2778 1264 2813 Haec
1286 2779 1327 2814 P.
1440 2776 1449 2802 i
1468 2779 1682 2825 ρυθμοποιΐαν]
1706 2780 1809 2827 ryth-

358 2832 558 2881 mopoeiam
579 2833 620 2868 P.
708 2830 729 2858 k
749 2831 888 2878 coitus]
912 2840 1041 2867 coetus
1061 2831 1101 2867 P.
1195 2829 1206 2856 l
1226 2830 1463 2879 Arrythmiae]
1486 2831 1688 2879 Arytlnniae
1709 2832 1750 2867 P.
1771 2839 1809 2868 et

357 2898 455 2922 mox.
