1962 3355
84 191 191 224 CAP.
217 190 263 236 9.
488 179 572 225 De
594 177 703 224 rell.
729 176 931 223 Horatii
954 177 1136 223 metris.
1443 184 1540 232 329

85 299 263 356 breves,
288 300 332 346 id
359 308 430 346 est
454 298 762 363 semipedem,
786 299 1022 362 reliquum
1047 298 1135 344 erit
1170 315 1253 361 par
1277 296 1388 342 huic
1413 296 1541 341 clau-

84 375 213 421 sulae.
284 377 362 423 Sic
387 386 545 423 autem
570 375 764 432 divides,

255 452 400 508 Neque
419 453 563 493 nubila
590 451 595 504 Ι
621 451 743 491 wNec
764 457 918 492 veteres
938 451 1164 506 agitantur
1183 450 1293 489 orni.
1353 446 1356 449 ⁴

83 541 167 587 par
191 534 260 571 est
287 525 413 582 huic,

311 603 514 642 Flumina
533 602 791 642 constiterint
810 607 941 641 acuto.

85 673 194 718 Hoc
226 690 415 736 quoque
451 674 671 720 carminis
707 690 854 737 genus
890 674 949 719 ab
975 672 1137 719 Alcaeo
1171 671 1345 736 lyricus
1384 680 1543 717 noster

85 749 281 812 accepit.

153 825 388 877 Quartum
427 835 662 873 xmetrum
688 835 758 872 est
789 825 979 872 Horatii
1011 824 1068 871 de
1099 842 1195 887 quo
1231 823 1349 870 nihil
1388 823 1543 869 adhuc

85 900 321 948 diximus:

382 978 521 1033 Lydia
542 978 607 1018 dic
620 992 702 1033 per
722 992 860 1019 omnes

263 1047 325 1086 Te
346 1047 441 1087 deos
464 1062 534 1087 oro
555 1048 754 1103 Sybarim
778 1062 854 1087 cm·
866 1061 1075 1103 properas
1095 1045 1284 1085 amamlo.

86 1129 228 1183 Quod
252 1138 490 1176 Xmetrum
511 1140 558 1176 et
583 1131 682 1193 ipse
703 1129 933 1175 Horatius
961 1127 1221 1191 ignorando
1247 1127 1385 1189 quale
1410 1136 1546 1183 esset,

86 1207 316 1252 laboriosa
360 1207 684 1252 observatione
732 1207 876 1251 semel
922 1206 1118 1251 omnino
1156 1205 1308 1250 facere
1350 1213 1545 1250 conatus

85 1290 169 1337 est,
194 1290 240 1327 et
267 1281 312 1327 in
339 1299 395 1327 eo
420 1290 578 1328 tamen
606 1299 774 1345 parum
801 1282 1022 1328 decenter
1046 1281 1229 1326 erravit.
1279 1279 1406 1325 Nam
1436 1279 1547 1324 fecit

84 1357 201 1404 illud
238 1358 464 1421 asperius,
491 1377 585 1405 uno
610 1358 867 1405 immutato
899 1357 1033 1422 pede.
1103 1355 1271 1409 zQUOd
1309 1356 1345 1401 si
1384 1356 1547 1401 scisset
1591 1375 1605 1382 -

85 1435 462 1482 choriambicum
484 1453 584 1482 esse
609 1445 655 1482 et
680 1437 854 1482 habere
879 1436 1114 1482 clausulas
1140 1443 1306 1490 certas,
1341 1451 1434 1479 non
1470 1434 1548 1479 ain

85 1511 213 1557 illam
250 1512 481 1558 salebram
519 1511 777 1558 incidisset.
849 1513 980 1558 Nam
1018 1511 1226 1575 primum
1267 1527 1456 1556 comma
1488 1527 1547 1555 ex

86 1587 364 1634 choriambo
389 1597 435 1635 et
462 1588 762 1634 antibacchio
788 1588 1110 1652 compositum
1136 1597 1220 1643 est,

313 1665 455 1720 Lydia
476 1665 542 1705 dic
555 1679 637 1721 per
656 1679 806 1705 omnes.

88 1736 359 1784 Secundum
391 1739 567 1794 colum,
592 1738 720 1801 quod
750 1748 821 1784 est
857 1738 1058 1801 longius,
1084 1747 1175 1784 tres
1213 1738 1358 1784 habet
1393 1736 1549 1783 chori-

88 1813 253 1858 ambos
279 1823 326 1859 et
350 1831 497 1860 unum
530 1814 904 1869 antibacchium,
930 1815 1111 1860 scilicet
1136 1813 1358 1860 clausulae
1384 1812 1546 1874 gratia,

88 1888 215 1951 quod
239 1897 475 1935 Xmetrum
502 1890 693 1936 Alcaeus
731 1890 796 1936 sic
825 1891 1072 1948 ordinavit,
1098 1891 1244 1936 homo
1269 1890 1314 1935 in
1355 1889 1547 1935 musicis

88 1965 555 2022 bexercitatissimus,
596 1975 643 2012 at
685 1966 915 2012 Horatius
956 1967 1164 2030 primum
1215 1966 1546 2012 choriambum

88 2040 395 2088 durissimum
433 2042 560 2099 fecit,
595 2060 679 2106 pro
717 2043 876 2088 iambo
911 2043 1173 2106 spondeum
1216 2041 1547 2098 cinfareiend0,

90 2117 171 2175 sic,

315 2192 434 2234 dHoc
454 2193 547 2234 deos
567 2209 639 2235 oro
659 2195 875 2250 Sybarim.

87 2284 199 2313 nam
225 2267 260 2313 si
288 2276 476 2314 secutus
502 2278 624 2314 esset
648 2269 880 2326 Alcaeum,
907 2270 973 2316 sic
997 2269 1274 2326 ordinasset,

316 2344 412 2383 Hoc
432 2344 508 2384 dea
531 2358 636 2385 vere.

89 2415 232 2461 Error
250 2424 408 2462 tamen
438 2417 562 2463 illius
590 2417 734 2464 habet
752 2420 1124 2476 excusationem,
1141 2418 1268 2481 quod
1295 2419 1339 2464 in
1368 2436 1422 2465 ea
1446 2436 1549 2482 per-

90 2492 367 2538 severaverit
404 2492 525 2556 lege,
562 2512 705 2557 quam
751 2495 850 2559 ipse
886 2496 974 2541 sibi
1013 2496 1173 2557 aliquo
1211 2512 1321 2541 casu
1361 2494 1547 2548 fecerat,

89 2585 239 2629 usque
263 2569 318 2614 ad
346 2570 563 2616 ultimam
589 2581 771 2635 partem
800 2590 893 2618 non
921 2571 1165 2618 mutando.

144 2746 173 2763 w
194 2740 285 2786 Nec]
308 2740 432 2786 Neque
452 2741 497 2776 V.
607 2748 627 2767 X
649 2743 819 2789 metrum]
845 2749 982 2779 metron
1005 2742 1048 2777 V.
1144 2749 1162 2768 Ζ
1183 2741 1547 2789 quod—choriambi-

92 2793 189 2839 cum]
215 2794 601 2840 quo—choriambicon
623 2794 667 2829 V.
780 2802 799 2821 a
818 2797 854 2831 in
874 2797 994 2842 illam]
1019 2797 1053 2831 in
1075 2808 1148 2831 om.
1171 2796 1218 2830 V.
1335 2794 1350 2815 ¹³
1371 2795 1545 2830 eremita-

93 2847 262 2893 tissimus]
287 2848 562 2882 excitatissimus
581 2847 626 2882 V.
737 2854 754 2873 0
774 2849 1012 2896 infarcienslo]
1038 2849 1255 2896 inficlciemlo
1274 2849 1321 2883 V.
1432 2844 1451 2871 d
1478 2847 1542 2892 Te]

94 2899 174 2934 Hoc
193 2900 239 2934 V.

755 2977 848 3009 UU

1568 831 1604 862 16
