1962 3355
354 503 698 550 PRISCIANI
741 500 1190 550 GRAMMATICI
1239 499 1334 544 DE
1384 497 1643 543 METRIS
1691 496 1801 542 TE-

466 600 706 646 RENTII
743 595 1222 649 ALIORUMQUE
1257 594 1701 642 COMICORUM.

888 760 1258 787 -ᾷ-φ-ῳ-

353 859 538 934 CUM
580 902 673 930 non
713 885 863 931 solum
901 883 1169 938 Terentius,
1205 883 1285 929 sed
1324 883 1463 929 etiam
1508 883 1716 938 Plautus,
1757 892 1803 929 et

349 961 549 1016 Ennius,
575 962 859 1024 Acciusque,
884 970 930 1007 et
962 960 1157 1007 Naevius
1195 969 1333 1023 atque
1359 959 1605 1016 Pacuvius,
1630 959 1804 1022 Turpi-

351 1038 549 1100 liusque,
602 1047 648 1083 et
695 1056 862 1084 omnes
909 1047 1005 1084 tam
1066 1036 1307 1100 tragoediae
1357 1053 1498 1099 quam
1556 1035 1803 1082 comoediae

351 1114 517 1159 veteris
543 1114 728 1161 Latinae
765 1115 1028 1179 scriptores,
1055 1113 1222 1159 eodem
1259 1113 1397 1158 metri
1435 1112 1577 1159 modo
1613 1111 1802 1158 iambici

351 1191 443 1236 sint
482 1191 568 1245 usi,
611 1200 663 1236 ut
706 1191 926 1237 omnibus
969 1190 1014 1236 in
1062 1189 1174 1235 locis
1216 1189 1529 1235 indifferenter
1575 1197 1804 1252 ponerent

350 1267 560 1329 quinque
585 1267 742 1329 pedes,
767 1267 812 1312 id
839 1276 909 1313 est
936 1267 1167 1322 iambum,
1185 1266 1257 1311 vel
1285 1265 1577 1329 tribrachyn,
1596 1266 1667 1311 vel
1696 1283 1805 1311 ana-

351 1354 569 1407 paestum,
611 1344 681 1388 vel
729 1343 988 1406 dactylum,
1028 1343 1099 1388 vel
1142 1342 1423 1406 spondeum,
1464 1344 1640 1405 absque
1676 1351 1804 1405 post-

350 1437 480 1465 remo
518 1419 636 1474 loco,
665 1419 709 1464 in
737 1437 831 1481 quo
857 1420 929 1465 vel
956 1419 1186 1475 iambum,
1212 1419 1284 1464 vel
1322 1419 1650 1482 pyrrhichium
1676 1426 1804 1463 aom-

351 1495 545 1542 nimodo
564 1496 774 1559 posuisse
796 1495 1126 1549 inveniuntur;
1155 1495 1298 1540 miror
1316 1495 1543 1558 quosdam
1564 1495 1637 1541 vel
1663 1496 1804 1541 abne-

351 1590 458 1635 gare
495 1590 595 1617 esse
631 1573 676 1618 in
718 1572 928 1618 Terentii
970 1571 1219 1617 comoediis
1262 1581 1423 1627 metra,
1461 1572 1532 1617 vel
1575 1589 1627 1617 ea
1668 1570 1802 1633 quasi

353 1666 520 1694 arcana
561 1648 796 1710 quaedam,
835 1657 882 1693 et
928 1648 986 1694 ab
1028 1647 1249 1692 omnibus
1291 1647 1440 1693 doctis
1483 1656 1677 1702 semota,
1714 1647 1799 1693 sibi

352 1724 460 1770 solis
490 1742 590 1769 esse
625 1724 814 1787 cognita
847 1725 1137 1770 confirmare.
1208 1724 1425 1776 Quorum
1461 1732 1514 1769 ut
1548 1724 1620 1768 vel
1654 1724 1806 1786 impe-

352 1800 469 1846 ritiae
514 1800 584 1845 vel
629 1799 904 1862 arrogantiae
955 1798 1122 1844 vitium
1167 1798 1462 1861 effugiamus,
1500 1797 1703 1843 breviter
1748 1797 1805 1843 de

353 1875 730 1939 supradictorum
767 1874 927 1920 metris
964 1884 1209 1920 auctorum
1236 1891 1557 1937 exponamu83
1595 1873 1807 1919 testimo-

353 1953 441 1998 niis
501 1952 642 1998 etiam
700 1952 1003 1998 metricorum
1066 1968 1335 2012 usuumque
1387 1950 1805 2014 approbationibus

354 2038 555 2074 utentes.

421 2105 676 2151 Sciendum
714 2105 869 2167 igitur,
894 2104 1017 2167 quod
1054 2103 1243 2150 iambici
1270 2120 1427 2148 versus
1453 2103 1524 2148 vel
1562 2119 1807 2148 monome-

355 2182 412 2226 tri
455 2190 579 2236 sunt,
615 2199 673 2227 ex
711 2181 895 2226 duobus
933 2180 1132 2244 pedibus
1175 2179 1469 2242 simplicibus
1510 2178 1804 2239 conjunctis:

356 2257 427 2302 vel
467 2256 671 2313 dimetri,
707 2274 763 2301 ex
802 2267 1049 2318 quattuor:
1102 2256 1172 2301 vel
1216 2254 1431 2309 trimetri,
1473 2271 1531 2299 ex
1573 2270 1680 2298 sex:
1733 2253 1803 2297 vel

355 2332 631 2389 tetrametri,
673 2349 729 2377 ex
776 2342 912 2378 octo:
965 2349 1073 2377 nam
1118 2329 1398 2393 pentametri
1446 2338 1492 2374 et
1543 2328 1804 2374 hexametri

356 2408 590 2454 rarissime
627 2408 942 2453 inveniuntur.
1012 2407 1141 2469 Ergo
1178 2406 1400 2452 trimetris
1439 2414 1486 2450 et
1522 2405 1803 2450 tetrametris

357 2484 649 2546 frequentius
678 2494 874 2529 utuntur
899 2483 1084 2538 comici,
1110 2481 1209 2528 aliis
1235 2499 1342 2526 vero
1368 2498 1484 2537 raro,
1505 2490 1551 2526 et
1576 2480 1621 2525 in
1650 2480 1806 2526 medio

356 2561 592 2624 dispersis,
619 2560 1024 2623 pronunciationis
1057 2558 1341 2622 rhythmicae
1374 2575 1513 2603 causa
1543 2567 1590 2602 et
1612 2557 1806 2603 distinc-

357 2638 510 2684 tionis.
594 2637 709 2682 Ideo
749 2646 906 2682 autem
943 2636 1202 2699 spondeum
1241 2636 1313 2681 vel
1350 2634 1591 2697 dactylum
1629 2634 1706 2680 bin
1736 2652 1806 2681 se-

357 2714 512 2761 cundo
559 2713 630 2758 vel
678 2722 844 2775 quarto
892 2713 994 2758 loco
1042 2721 1313 2776 posuerunt,
1355 2711 1482 2773 quod
1528 2711 1805 2757 invenerunt

357 2791 500 2837 etiam
544 2788 669 2853 apud
709 2789 900 2835 Graecos
943 2790 1148 2836 comicos
1191 2788 1548 2844 vetustissimos,
1590 2787 1804 2849 quamvis

422 2926 440 2944 a
460 2918 631 2964 omnino]
654 2916 870 2953 omnimodo
891 2917 941 2952 D.
1213 2915 1232 2942 b
1255 2917 1290 2952 in
1313 2916 1475 2953 secundo
1495 2915 1553 2952 vel
1574 2929 1647 2951 om.
1669 2916 1713 2951 D.
