1962 3355
140 189 246 221 CAP.
265 184 310 222 3.
366 175 449 220 De
471 191 656 221 summa
680 174 869 219 numeri
893 191 994 236 quse
1019 180 1279 220 metrorum
1306 173 1391 235 85⁶.
1510 185 1596 223 143

138 295 183 342 id
204 304 288 350 est,
305 295 556 359 dactylico,
575 294 873 359 anapaestico,
889 294 1227 351 choriambico,
1245 294 1599 360 kantispastieo,

137 382 183 419 et
208 373 374 419 ionicis
400 373 602 429 duobus,
627 374 743 419 fient
778 371 943 417 harum
982 371 1356 433 permixtionum
1385 372 1599 419 differen-

136 449 213 495 tiae
240 461 363 496 octo.
420 450 522 496 Pari
550 450 731 498 ratione
756 449 791 494 si
820 448 879 494 sit
905 446 1200 493 trochaicum
1227 447 1394 493 ceteris
1420 448 1597 505 metris,
1617 468 1634 489 2

135 535 189 571 ut
225 543 365 589 supra
398 526 456 573 de
486 527 691 573 iambico
722 524 946 582 diximus,
983 523 1308 587 conjugatum,
1344 525 1460 571 fient
1494 525 1597 573 aliae

136 601 416 649 differentiae
441 611 565 660 octo,
591 620 644 649 ac
679 601 904 664 deinceps
941 600 977 646 si
1014 618 1096 664 per
1121 600 1282 646 omnia
1307 600 1483 664 pedum
1518 620 1598 666 ge·-

136 695 245 724 nera
272 678 489 725 similiter
513 680 596 725 fiat
628 679 716 725 ista
741 676 1089 741 conjugationis
1127 677 1477 741 multiplicatio,
1501 696 1596 725 non

134 754 279 800 dubie
304 755 483 802 clarum
512 756 599 801 erit
623 755 744 801 effici
769 754 1054 800 differentias
1081 770 1230 800 LX1111
1258 754 1305 800 in
1333 754 1465 800 omni
1488 764 1596 801 octo

137 841 393 877 metrorum
437 832 768 896 principalium
813 848 1017 887 summa,
1055 830 1189 892 cujus
1236 831 1300 877 rei
1344 831 1596 878 edocendae

136 907 284 970 gratia
309 908 452 954 etiarn
481 908 696 971 quaedam
737 908 807 955 sui
844 907 1028 972 generis
1061 909 1281 972 exempla
1313 926 1595 973 proponam.

135 983 262 1030 Nam
292 984 326 1030 si
354 1002 410 1030 ex
436 985 622 1031 duobus
650 985 881 1041 iambicis,
911 984 1038 1047 ¹quae
1062 990 1328 1049 πενθημιμερῆ
1350 994 1595 1044 vocantur,
1613 1001 1632 1031 3

135 1078 294 1107 versus
321 1079 441 1107 unus
466 1062 710 1119 formetur,
739 1063 821 1108 fiet
845 1061 1140 1125 Sapphicum
1166 1062 1458 1125 hujusmodi,

268 1137 412 1183 Meat
429 1156 520 1200 per
544 1156 702 1201 (equor
728 1139 865 1184 Ionia
883 1138 1060 1200 proles:

135 1213 257 1258 Item
298 1214 333 1259 si
371 1231 429 1259 ex
465 1213 652 1260 duobus
688 1214 904 1259 iambicis
940 1214 1155 1260 dimetris
1193 1215 1476 1262 catalecticis
1512 1216 1594 1262 fiat

135 1290 404 1353 permixtio,
441 1291 495 1336 fit
533 1299 738 1336 metrum
778 1289 904 1353 quod
944 1290 1285 1337 AEschrionion
1321 1290 1509 1349 dicitur,
1541 1301 1595 1338 ut

133 1375 220 1424 est,

267 1444 448 1490 Amore
472 1460 545 1489 me
568 1443 756 1507 subegit
781 1450 827 1489 et
852 1442 1192 1507 igneofarore.

134 1519 364 1566 Similiter
387 1520 482 1566 duo
502 1519 738 1584 dactylica
763 1520 798 1566 si
827 1519 1090 1584 conjungas
1114 1524 1399 1584 πενθημιμερῆ,
1424 1522 1478 1568 fit
1502 1522 1595 1569 ele·
1612 1539 1631 1566 4

132 1595 262 1659 gium
290 1596 398 1653 tale,

268 1671 455 1719 Lactea
478 1674 756 1737 sanguineis
781 1673 887 1720 lilia
911 1673 1053 1720 mista
1077 1673 1216 1720 rosis.

131 1748 219 1794 Vel
257 1749 291 1794 si
334 1749 614 1813 anapaestica
650 1751 902 1812 ἑφθημιμερῆ
936 1750 1232 1813 copulentur,
1268 1751 1349 1796 fiet
1385 1759 1590 1798 metrum

132 1825 257 1886 quod
283 1825 537 1889 παροιμιακὸν
562 1826 840 1890 appellatur,
864 1826 1026 1883 veluti,

200 1902 298 1947 Sed
319 1903 527 1965 Iafflsgia
550 1903 674 1949 vada
699 1901 850 1948 Ponti
871 1902 986 1948 victi
1005 1919 1156 1964 prope
1180 1902 1339 1949 litoris
1363 1910 1511 1950 actas.

133 1978 255 2023 Item
295 1996 353 2024 ex
389 1979 575 2024 duobus
612 1979 849 2034 trochaeis,
883 1986 1028 2041 mquae
1065 1981 1316 2042 ἑφθημιμερῆ
1348 1998 1592 2044 nuncupa-

135 2073 253 2112 mus,
278 2058 330 2101 fit
355 2065 560 2101 metrum
589 2055 888 2118 Euripidion,
913 2055 1040 2118 quod
1067 2066 1137 2102 est
1159 2057 1268 2112 tale,

197 2131 379 2178 Plzcebe
404 2133 671 2178 carminum
689 2138 873 2193 potem,
899 2150 1003 2179 cum
1028 2150 1190 2179 sorore
1211 2133 1280 2179 Sis
1285 2131 1485 2197 favens.

196 2208 289 2254 Sed
315 2220 360 2254 et
382 2209 532 2255 multa
559 2208 647 2254 alia
673 2226 755 2272 per
780 2208 965 2272 singula
992 2219 1250 2256 metrorum
1272 2227 1458 2274 genera,
1482 2227 1590 2272 quae
1609 2225 1627 2259 5

129 2286 346 2349 persequi
385 2286 496 2332 satis
535 2285 775 2349 prolixum
825 2294 993 2343 flesset,
1036 2288 1123 2333 sub
1163 2286 1439 2348 hujusmodi
1481 2305 1594 2333 con-

131 2363 333 2408 nexione
393 2362 666 2408 miscentur.
736 2361 914 2408 Verum
978 2363 1078 2409 haec
1137 2363 1407 2425 conjuncta,
1458 2374 1593 2426 ⁰quae

131 2440 300 2485 Graece
357 2441 626 2501 ἀσυνάρτητα,
675 2457 769 2485 non
824 2440 1092 2502 composita,
1147 2441 1470 2497 nominantur,
1528 2440 1593 2486 ita

130 2517 338 2579 perfecta
372 2526 497 2570 sunt,
530 2525 579 2562 ut
604 2516 742 2562 facile
768 2517 827 2562 sit
858 2534 1247 2579 unamquamque
1280 2525 1461 2580 partem
1500 2516 1590 2563 coli

130 2593 524 2639 determinatione
560 2592 768 2656 adsequi,
797 2594 932 2655 cujus
972 2595 1031 2642 sit
1062 2604 1142 2641 aut
1179 2595 1473 2658 proceritatis
1511 2604 1592 2640 aut

131 2670 329 2731 generis.
391 2669 480 2715 Illa
506 2678 662 2715 auten]
691 2688 796 2732 quae
822 2671 979 2716 Graeci
1007 2673 1289 2733 συγκεχυμένα
1314 2682 1360 2718 et
1383 2671 1592 2732 ἅπεμφαῖ-
1609 2684 1629 2716 6

132 2767 252 2800 νοντα,
289 2763 392 2808 quae
435 2764 518 2791 nos
563 2745 759 2810 corficsct
797 2755 843 2793 et
882 2745 1196 2812 inmcmffesta
1232 2748 1451 2802 dicimus,
1494 2765 1589 2792 non

184 2860 204 2887 k
225 2862 451 2910 antispasto]
476 2861 719 2912 antispastieo
741 2863 778 2898 P.
882 2863 891 2890 l
913 2865 1011 2914 quae]
1037 2864 1099 2913 qui
1120 2866 1159 2901 P.
1259 2872 1288 2890 m
1310 2864 1408 2911 quae]
1431 2862 1528 2911 quod
1549 2862 1589 2899 P.

132 2922 150 2939 ¹¹
172 2916 287 2961 esset]
310 2918 370 2951 Εὲῐ
390 2915 430 2951 P.
544 2922 561 2941 0
581 2918 812 2963 ἀσυιιάρτητα]
840 2930 920 2965 quae
940 2931 1058 2968 graece
1079 2933 1291 2965 ασιψαρτητα
1311 2917 1349 2952 Ρ.
