<?xml version="1.0" encoding="UTF-8"?>
<!DOCTYPE html PUBLIC "-//W3C//DTD XHTML 1.0 Transitional//EN"
    "http://www.w3.org/TR/xhtml1/DTD/xhtml1-transitional.dtd">
<html xmlns="http://www.w3.org/1999/xhtml" xml:lang="en" lang="en">
 <head>
  <title>
</title>
<meta http-equiv="Content-Type" content="text/html;charset=utf-8" />
  <meta name='ocr-system' content='tesseract 3.04.00' />
  <meta name='ocr-capabilities' content='ocr_page ocr_carea ocr_par ocr_line ocrx_word'/>
</head>
<body>
  <div class='ocr_page' id='page_1' title='image "./scriptoreslatini00gaisuoft_0456.png"; bbox 0 0 1962 3355; ppageno 0'>
   <div class='ocr_carea' id='block_1_1' title="bbox 313 793 350 823">
    <p class='ocr_par' dir='ltr' id='par_1_1' title="bbox 313 793 350 823">
     <span class='ocr_line' id='line_1_1' title="bbox 313 793 350 823; baseline 0 -11"><span class='ocrx_word' id='word_1_1' title='bbox 313 793 350 823; x_wconf 78' lang='grc'><strong>51</strong></span> 
     </span>
    </p>
   </div>
   <div class='ocr_carea' id='block_1_2' title="bbox 374 197 1826 246">
    <p class='ocr_par' dir='ltr' id='par_1_2' title="bbox 374 197 1826 246">
     <span class='ocr_line' id='line_1_2' title="bbox 374 197 1826 246; baseline 0 -3"><span class='ocrx_word' id='word_1_2' title='bbox 374 205 468 244; x_wconf 86' lang='grc'><strong>438</strong></span> <span class='ocrx_word' id='word_1_3' title='bbox 976 197 1227 246; x_wconf 80' lang='lat' dir='ltr'><strong>Diomedis</strong></span> <span class='ocrx_word' id='word_1_4' title='bbox 1627 213 1723 243; x_wconf 85' lang='lat' dir='ltr'>LIB.</span> <span class='ocrx_word' id='word_1_5' title='bbox 1750 213 1826 244; x_wconf 87' lang='lat'>111.</span> 
     </span>
    </p>
   </div>
   <div class='ocr_carea' id='block_1_3' title="bbox 374 317 1830 685">
    <p class='ocr_par' dir='ltr' id='par_1_3' title="bbox 376 317 1829 458">
     <span class='ocr_line' id='line_1_3' title="bbox 440 317 1829 382; baseline 0.001 -18"><span class='ocrx_word' id='word_1_6' title='bbox 440 318 801 382; x_wconf 85' lang='lat' dir='ltr'><strong>Mesobrachys,</strong></span> <span class='ocrx_word' id='word_1_7' title='bbox 828 335 884 364; x_wconf 86' lang='lat' dir='ltr'><strong>ex</strong></span> <span class='ocrx_word' id='word_1_8' title='bbox 917 318 1100 364; x_wconf 84' lang='lat' dir='ltr'><strong>duabus</strong></span> <span class='ocrx_word' id='word_1_9' title='bbox 1137 319 1288 382; x_wconf 86' lang='lat' dir='ltr'><strong>longis</strong></span> <span class='ocrx_word' id='word_1_10' title='bbox 1325 327 1374 364; x_wconf 88' lang='lat' dir='ltr'><strong>et</strong></span> <span class='ocrx_word' id='word_1_11' title='bbox 1405 318 1533 364; x_wconf 81' lang='lat' dir='ltr'><strong>brevi</strong></span> <span class='ocrx_word' id='word_1_12' title='bbox 1569 326 1615 364; x_wconf 86' lang='lat' dir='ltr'><strong>et</strong></span> <span class='ocrx_word' id='word_1_13' title='bbox 1646 317 1829 365; x_wconf 84' lang='lat' dir='ltr'><strong>duabus</strong></span> 
     </span>
     <span class='ocr_line' id='line_1_4' title="bbox 376 395 1048 458; baseline 0 -18"><span class='ocrx_word' id='word_1_14' title='bbox 376 395 543 458; x_wconf 82' lang='lat' dir='ltr'><strong>longis,</strong></span> <span class='ocrx_word' id='word_1_15' title='bbox 567 404 836 455; x_wconf 81' lang='lat' dir='ltr'><strong>temporum</strong></span> <span class='ocrx_word' id='word_1_16' title='bbox 862 411 1048 441; x_wconf 89' lang='lat' dir='ltr'><strong>novem.</strong></span> 
     </span>
    </p>

    <p class='ocr_par' dir='ltr' id='par_1_4' title="bbox 374 469 1830 610">
     <span class='ocr_line' id='line_1_5' title="bbox 441 469 1830 534; baseline -0.001 -17"><span class='ocrx_word' id='word_1_17' title='bbox 441 471 827 528; x_wconf 83' lang='lat' dir='ltr'><strong>Molossiamb0s‚</strong></span> <span class='ocrx_word' id='word_1_18' title='bbox 864 488 923 517; x_wconf 88' lang='lat' dir='ltr'><strong>ex</strong></span> <span class='ocrx_word' id='word_1_19' title='bbox 959 470 1107 516; x_wconf 79' lang='lat' dir='ltr'><strong>tribus</strong></span> <span class='ocrx_word' id='word_1_20' title='bbox 1145 469 1298 532; x_wconf 78' lang='lat' dir='ltr'><strong>longis</strong></span> <span class='ocrx_word' id='word_1_21' title='bbox 1340 477 1387 515; x_wconf 88' lang='lat' dir='ltr'><strong>et</strong></span> <span class='ocrx_word' id='word_1_22' title='bbox 1420 469 1549 516; x_wconf 78' lang='lat' dir='ltr'><strong>brevi</strong></span> <span class='ocrx_word' id='word_1_23' title='bbox 1588 479 1636 516; x_wconf 88' lang='lat' dir='ltr'><strong>et</strong></span> <span class='ocrx_word' id='word_1_24' title='bbox 1675 469 1830 534; x_wconf 82' lang='lat' dir='ltr'>longa,</span> 
     </span>
     <span class='ocr_line' id='line_1_6' title="bbox 374 556 856 610; baseline 0 -18"><span class='ocrx_word' id='word_1_25' title='bbox 374 556 641 610; x_wconf 80' lang='lat' dir='ltr'><strong>temporum</strong></span> <span class='ocrx_word' id='word_1_26' title='bbox 670 563 856 592; x_wconf 86' lang='lat' dir='ltr'><strong>novem.</strong></span> 
     </span>
    </p>

    <p class='ocr_par' dir='ltr' id='par_1_5' title="bbox 442 620 1826 685">
     <span class='ocr_line' id='line_1_7' title="bbox 442 620 1826 685; baseline -0.001 -16"><span class='ocrx_word' id='word_1_27' title='bbox 442 623 703 677; x_wconf 67' lang='lat' dir='ltr'><strong>Caloffibos,</strong></span> <span class='ocrx_word' id='word_1_28' title='bbox 739 638 797 666; x_wconf 86' lang='lat' dir='ltr'><strong>ex</strong></span> <span class='ocrx_word' id='word_1_29' title='bbox 837 629 1061 682; x_wconf 82' lang='lat' dir='ltr'><strong>quattuor</strong></span> <span class='ocrx_word' id='word_1_30' title='bbox 1102 620 1254 683; x_wconf 84' lang='lat' dir='ltr'><strong>longis</strong></span> <span class='ocrx_word' id='word_1_31' title='bbox 1295 629 1342 667; x_wconf 85' lang='lat' dir='ltr'><strong>et</strong></span> <span class='ocrx_word' id='word_1_32' title='bbox 1379 621 1522 675; x_wconf 83' lang='lat' dir='ltr'><strong>brevi,</strong></span> <span class='ocrx_word' id='word_1_33' title='bbox 1557 629 1826 685; x_wconf 79' lang='lat' dir='ltr'><strong>temporum</strong></span> 
     </span>
    </p>
   </div>
   <div class='ocr_carea' id='block_1_4' title="bbox 372 723 1829 844">
    <p class='ocr_par' dir='ltr' id='par_1_6' title="bbox 372 723 1829 844">
     <span class='ocr_line' id='line_1_8' title="bbox 372 723 559 751; baseline 0 0"><span class='ocrx_word' id='word_1_34' title='bbox 372 723 559 751; x_wconf 86' lang='lat' dir='ltr'><strong>novem.</strong></span> 
     </span>
     <span class='ocr_line' id='line_1_9' title="bbox 440 778 1829 844; baseline -0.001 -18"><span class='ocrx_word' id='word_1_35' title='bbox 440 779 680 844; x_wconf 81' lang='lat' dir='ltr'><strong>Diphyes,</strong></span> <span class='ocrx_word' id='word_1_36' title='bbox 707 796 769 824; x_wconf 85' lang='lat' dir='ltr'><strong>ex</strong></span> <span class='ocrx_word' id='word_1_37' title='bbox 793 778 976 824; x_wconf 86' lang='lat' dir='ltr'><strong>duabus</strong></span> <span class='ocrx_word' id='word_1_38' title='bbox 1013 778 1233 824; x_wconf 84' lang='lat' dir='ltr'><strong>brevibus</strong></span> <span class='ocrx_word' id='word_1_39' title='bbox 1257 787 1305 825; x_wconf 84' lang='lat' dir='ltr'><strong>et</strong></span> <span class='ocrx_word' id='word_1_40' title='bbox 1329 779 1478 826; x_wconf 81' lang='lat' dir='ltr'><strong>tribus</strong></span> <span class='ocrx_word' id='word_1_41' title='bbox 1514 779 1682 843; x_wconf 85' lang='lat' dir='ltr'><strong>longis,</strong></span> <span class='ocrx_word' id='word_1_42' title='bbox 1706 787 1829 825; x_wconf 90' lang='lat' dir='ltr'><strong>tem-</strong></span> 
     </span>
    </p>
   </div>
   <div class='ocr_carea' id='block_1_5' title="bbox 370 864 1827 994">
    <p class='ocr_par' dir='ltr' id='par_1_7' title="bbox 370 864 1827 994">
     <span class='ocr_line' id='line_1_10' title="bbox 370 864 688 919; baseline -0.003 -18"><span class='ocrx_word' id='word_1_43' title='bbox 370 874 539 919; x_wconf 82' lang='lat' dir='ltr'><strong>porum</strong></span> <span class='ocrx_word' id='word_1_44' title='bbox 566 864 688 901; x_wconf 80' lang='lat' dir='ltr'><strong>octo,</strong></span> 
     </span>
     <span class='ocr_line' id='line_1_11' title="bbox 435 929 1827 994; baseline 0.001 -17"><span class='ocrx_word' id='word_1_45' title='bbox 435 931 679 988; x_wconf 77' lang='lat' dir='ltr'><strong>yOrthius‚</strong></span> <span class='ocrx_word' id='word_1_46' title='bbox 704 947 761 976; x_wconf 86' lang='lat' dir='ltr'><strong>ex</strong></span> <span class='ocrx_word' id='word_1_47' title='bbox 786 931 929 993; x_wconf 84' lang='lat' dir='ltr'>longa</span> <span class='ocrx_word' id='word_1_48' title='bbox 953 939 1000 976; x_wconf 87' lang='lat' dir='ltr'><strong>et</strong></span> <span class='ocrx_word' id='word_1_49' title='bbox 1019 929 1204 976; x_wconf 84' lang='lat' dir='ltr'><strong>duabus</strong></span> <span class='ocrx_word' id='word_1_50' title='bbox 1224 931 1444 977; x_wconf 84' lang='lat' dir='ltr'><strong>brevibus</strong></span> <span class='ocrx_word' id='word_1_51' title='bbox 1470 940 1516 977; x_wconf 88' lang='lat' dir='ltr'><strong>et</strong></span> <span class='ocrx_word' id='word_1_52' title='bbox 1542 931 1692 994; x_wconf 85' lang='lat' dir='ltr'><strong>longis</strong></span> <span class='ocrx_word' id='word_1_53' title='bbox 1711 931 1827 978; x_wconf 86' lang='lat' dir='ltr'>dua-</span> 
     </span>
    </p>
   </div>
   <div class='ocr_carea' id='block_1_6' title="bbox 371 1009 1826 1146">
    <p class='ocr_par' dir='ltr' id='par_1_8' title="bbox 371 1009 1826 1146">
     <span class='ocr_line' id='line_1_12' title="bbox 371 1009 918 1071; baseline -0.004 -18"><span class='ocrx_word' id='word_1_54' title='bbox 371 1009 472 1065; x_wconf 83' lang='lat' dir='ltr'><strong>bus,</strong></span> <span class='ocrx_word' id='word_1_55' title='bbox 498 1017 766 1071; x_wconf 83' lang='lat' dir='ltr'><strong>temporum</strong></span> <span class='ocrx_word' id='word_1_56' title='bbox 794 1016 918 1053; x_wconf 83' lang='lat' dir='ltr'><strong>octo.</strong></span> 
     </span>
     <span class='ocr_line' id='line_1_13' title="bbox 434 1082 1826 1146; baseline -0.001 -16"><span class='ocrx_word' id='word_1_57' title='bbox 434 1084 754 1137; x_wconf 81' lang='lat' dir='ltr'><strong>zAmoebaeos,</strong></span> <span class='ocrx_word' id='word_1_58' title='bbox 791 1100 851 1128; x_wconf 84' lang='lat' dir='ltr'><strong>ex</strong></span> <span class='ocrx_word' id='word_1_59' title='bbox 887 1082 1070 1128; x_wconf 88' lang='lat' dir='ltr'><strong>duabus</strong></span> <span class='ocrx_word' id='word_1_60' title='bbox 1106 1083 1258 1146; x_wconf 82' lang='lat' dir='ltr'><strong>longis</strong></span> <span class='ocrx_word' id='word_1_61' title='bbox 1296 1092 1344 1129; x_wconf 87' lang='lat' dir='ltr'><strong>et</strong></span> <span class='ocrx_word' id='word_1_62' title='bbox 1374 1082 1570 1129; x_wconf 86' lang='lat' dir='ltr'><strong>totidem</strong></span> <span class='ocrx_word' id='word_1_63' title='bbox 1606 1083 1826 1130; x_wconf 81' lang='lat' dir='ltr'><strong>brevibus</strong></span> 
     </span>
    </p>
   </div>
   <div class='ocr_carea' id='block_1_7' title="bbox 369 1161 1826 1452">
    <p class='ocr_par' dir='ltr' id='par_1_9' title="bbox 369 1161 1040 1223">
     <span class='ocr_line' id='line_1_14' title="bbox 369 1161 1040 1223; baseline -0.001 -18"><span class='ocrx_word' id='word_1_64' title='bbox 369 1168 417 1205; x_wconf 88' lang='lat' dir='ltr'><strong>et</strong></span> <span class='ocrx_word' id='word_1_65' title='bbox 441 1161 595 1223; x_wconf 81' lang='lat' dir='ltr'>longa,</span> <span class='ocrx_word' id='word_1_66' title='bbox 620 1169 890 1222; x_wconf 82' lang='lat' dir='ltr'><strong>temporum</strong></span> <span class='ocrx_word' id='word_1_67' title='bbox 919 1168 1040 1204; x_wconf 87' lang='lat' dir='ltr'><strong>octo.</strong></span> 
     </span>
    </p>

    <p class='ocr_par' dir='ltr' id='par_1_10' title="bbox 369 1233 1826 1375">
     <span class='ocr_line' id='line_1_15' title="bbox 435 1233 1826 1299; baseline 0 -17"><span class='ocrx_word' id='word_1_68' title='bbox 435 1233 1004 1299; x_wconf 72' lang='lat' dir='ltr'><strong>aMolossopyn-hiehius,</strong></span> <span class='ocrx_word' id='word_1_69' title='bbox 1051 1251 1110 1281; x_wconf 86' lang='lat' dir='ltr'><strong>ex</strong></span> <span class='ocrx_word' id='word_1_70' title='bbox 1155 1234 1305 1281; x_wconf 81' lang='lat' dir='ltr'><strong>tribus</strong></span> <span class='ocrx_word' id='word_1_71' title='bbox 1352 1235 1504 1298; x_wconf 80' lang='lat' dir='ltr'><strong>longis</strong></span> <span class='ocrx_word' id='word_1_72' title='bbox 1550 1244 1597 1282; x_wconf 91' lang='lat' dir='ltr'><strong>et</strong></span> <span class='ocrx_word' id='word_1_73' title='bbox 1642 1235 1826 1282; x_wconf 88' lang='lat' dir='ltr'><strong>duabus</strong></span> 
     </span>
     <span class='ocr_line' id='line_1_16' title="bbox 369 1313 1048 1375; baseline -0.004 -15"><span class='ocrx_word' id='word_1_74' title='bbox 369 1313 605 1370; x_wconf 84' lang='lat' dir='ltr'><strong>brevibus,</strong></span> <span class='ocrx_word' id='word_1_75' title='bbox 629 1321 897 1375; x_wconf 83' lang='lat' dir='ltr'><strong>temporum</strong></span> <span class='ocrx_word' id='word_1_76' title='bbox 925 1320 1048 1357; x_wconf 87' lang='lat' dir='ltr'><strong>octo.</strong></span> 
     </span>
    </p>

    <p class='ocr_par' dir='ltr' id='par_1_11' title="bbox 436 1386 1824 1452">
     <span class='ocr_line' id='line_1_17' title="bbox 436 1386 1824 1452; baseline -0.001 -17"><span class='ocrx_word' id='word_1_77' title='bbox 436 1388 754 1452; x_wconf 84' lang='lat' dir='ltr'><strong>Symplectos‚</strong></span> <span class='ocrx_word' id='word_1_78' title='bbox 794 1404 852 1433; x_wconf 85' lang='lat' dir='ltr'><strong>ex</strong></span> <span class='ocrx_word' id='word_1_79' title='bbox 890 1386 1074 1434; x_wconf 83' lang='lat' dir='ltr'><strong>duabus</strong></span> <span class='ocrx_word' id='word_1_80' title='bbox 1114 1388 1266 1452; x_wconf 82' lang='lat' dir='ltr'><strong>longis</strong></span> <span class='ocrx_word' id='word_1_81' title='bbox 1310 1398 1357 1434; x_wconf 90' lang='lat' dir='ltr'><strong>et</strong></span> <span class='ocrx_word' id='word_1_82' title='bbox 1391 1388 1542 1435; x_wconf 82' lang='lat' dir='ltr'><strong>tribus</strong></span> <span class='ocrx_word' id='word_1_83' title='bbox 1590 1389 1824 1442; x_wconf 84' lang='lat' dir='ltr'><strong>brevibus,</strong></span> 
     </span>
    </p>
   </div>
   <div class='ocr_carea' id='block_1_8' title="bbox 368 1465 1826 1984">
    <p class='ocr_par' dir='ltr' id='par_1_12' title="bbox 368 1465 895 1528">
     <span class='ocr_line' id='line_1_18' title="bbox 368 1465 895 1528; baseline -0.004 -17"><span class='ocrx_word' id='word_1_84' title='bbox 368 1465 668 1528; x_wconf 77' lang='lat' dir='ltr'><strong>btemporum</strong></span> <span class='ocrx_word' id='word_1_85' title='bbox 697 1472 895 1527; x_wconf 80' lang='lat' dir='ltr'><strong>septem.</strong></span> 
     </span>
    </p>

    <p class='ocr_par' dir='ltr' id='par_1_13' title="bbox 371 1540 1826 1679">
     <span class='ocr_line' id='line_1_19' title="bbox 436 1540 1826 1603; baseline 0.001 -18"><span class='ocrx_word' id='word_1_86' title='bbox 436 1540 665 1596; x_wconf 80' lang='lat' dir='ltr'><strong>Musicos,</strong></span> <span class='ocrx_word' id='word_1_87' title='bbox 689 1556 749 1585; x_wconf 85' lang='lat' dir='ltr'><strong>ex</strong></span> <span class='ocrx_word' id='word_1_88' title='bbox 774 1540 915 1603; x_wconf 81' lang='lat' dir='ltr'>longa</span> <span class='ocrx_word' id='word_1_89' title='bbox 940 1548 985 1585; x_wconf 90' lang='lat' dir='ltr'><strong>et</strong></span> <span class='ocrx_word' id='word_1_90' title='bbox 1012 1540 1137 1585; x_wconf 74' lang='lat' dir='ltr'><strong>brevi</strong></span> <span class='ocrx_word' id='word_1_91' title='bbox 1161 1549 1207 1585; x_wconf 88' lang='lat' dir='ltr'><strong>et</strong></span> <span class='ocrx_word' id='word_1_92' title='bbox 1232 1540 1373 1603; x_wconf 80' lang='lat' dir='ltr'>longa</span> <span class='ocrx_word' id='word_1_93' title='bbox 1397 1549 1444 1586; x_wconf 85' lang='lat' dir='ltr'><strong>et</strong></span> <span class='ocrx_word' id='word_1_94' title='bbox 1469 1541 1687 1587; x_wconf 83' lang='lat' dir='ltr'><strong>brevibus</strong></span> <span class='ocrx_word' id='word_1_95' title='bbox 1712 1540 1826 1587; x_wconf 86' lang='lat' dir='ltr'>dua-</span> 
     </span>
     <span class='ocr_line' id='line_1_20' title="bbox 371 1617 995 1679; baseline -0.002 -17"><span class='ocrx_word' id='word_1_96' title='bbox 371 1617 472 1672; x_wconf 80' lang='lat' dir='ltr'><strong>bus,</strong></span> <span class='ocrx_word' id='word_1_97' title='bbox 496 1624 767 1679; x_wconf 85' lang='lat' dir='ltr'><strong>temporum</strong></span> <span class='ocrx_word' id='word_1_98' title='bbox 797 1625 995 1678; x_wconf 86' lang='lat' dir='ltr'><strong>septem.</strong></span> 
     </span>
    </p>

    <p class='ocr_par' dir='ltr' id='par_1_14' title="bbox 370 1691 1824 1830">
     <span class='ocr_line' id='line_1_21' title="bbox 435 1691 1824 1755; baseline 0.001 -17"><span class='ocrx_word' id='word_1_99' title='bbox 435 1692 816 1755; x_wconf 85' lang='lat' dir='ltr'><strong>Antanapaestus,</strong></span> <span class='ocrx_word' id='word_1_100' title='bbox 840 1708 898 1737; x_wconf 84' lang='lat' dir='ltr'><strong>ex</strong></span> <span class='ocrx_word' id='word_1_101' title='bbox 936 1691 1062 1736; x_wconf 80' lang='lat' dir='ltr'><strong>brevi</strong></span> <span class='ocrx_word' id='word_1_102' title='bbox 1097 1700 1143 1737; x_wconf 88' lang='lat' dir='ltr'><strong>et</strong></span> <span class='ocrx_word' id='word_1_103' title='bbox 1175 1691 1358 1738; x_wconf 82' lang='lat' dir='ltr'><strong>duabus</strong></span> <span class='ocrx_word' id='word_1_104' title='bbox 1395 1693 1546 1755; x_wconf 84' lang='lat' dir='ltr'><strong>longis</strong></span> <span class='ocrx_word' id='word_1_105' title='bbox 1570 1702 1618 1739; x_wconf 85' lang='lat' dir='ltr'><strong>et</strong></span> <span class='ocrx_word' id='word_1_106' title='bbox 1641 1693 1824 1739; x_wconf 80' lang='lat' dir='ltr'><strong>duabus</strong></span> 
     </span>
     <span class='ocr_line' id='line_1_22' title="bbox 370 1768 1126 1830; baseline -0.004 -15"><span class='ocrx_word' id='word_1_107' title='bbox 370 1768 606 1823; x_wconf 83' lang='lat' dir='ltr'><strong>brevibus,</strong></span> <span class='ocrx_word' id='word_1_108' title='bbox 630 1776 900 1830; x_wconf 83' lang='lat' dir='ltr'><strong>temporum</strong></span> <span class='ocrx_word' id='word_1_109' title='bbox 928 1776 1126 1830; x_wconf 85' lang='lat' dir='ltr'><strong>septem.</strong></span> 
     </span>
    </p>

    <p class='ocr_par' dir='ltr' id='par_1_15' title="bbox 370 1842 1824 1984">
     <span class='ocr_line' id='line_1_23' title="bbox 434 1842 1824 1908; baseline -0.001 -17"><span class='ocrx_word' id='word_1_110' title='bbox 434 1845 803 1901; x_wconf 86' lang='lat' dir='ltr'><strong>Antamoebeus,</strong></span> <span class='ocrx_word' id='word_1_111' title='bbox 828 1861 887 1890; x_wconf 84' lang='lat' dir='ltr'><strong>ex</strong></span> <span class='ocrx_word' id='word_1_112' title='bbox 910 1842 1093 1889; x_wconf 86' lang='lat' dir='ltr'><strong>duabus</strong></span> <span class='ocrx_word' id='word_1_113' title='bbox 1118 1843 1356 1901; x_wconf 79' lang='lat' dir='ltr'><strong>brevibus,</strong></span> <span class='ocrx_word' id='word_1_114' title='bbox 1380 1854 1426 1890; x_wconf 85' lang='lat' dir='ltr'><strong>et</strong></span> <span class='ocrx_word' id='word_1_115' title='bbox 1451 1844 1634 1891; x_wconf 84' lang='lat' dir='ltr'><strong>duabus</strong></span> <span class='ocrx_word' id='word_1_116' title='bbox 1671 1844 1824 1908; x_wconf 81' lang='lat' dir='ltr'><strong>longis</strong></span> 
     </span>
     <span class='ocr_line' id='line_1_24' title="bbox 370 1921 1105 1984; baseline 0.001 -17"><span class='ocrx_word' id='word_1_117' title='bbox 370 1931 416 1968; x_wconf 86' lang='lat' dir='ltr'><strong>et</strong></span> <span class='ocrx_word' id='word_1_118' title='bbox 441 1921 585 1976; x_wconf 88' lang='lat' dir='ltr'><strong>brevi,</strong></span> <span class='ocrx_word' id='word_1_119' title='bbox 610 1929 878 1983; x_wconf 89' lang='lat' dir='ltr'><strong>temporum</strong></span> <span class='ocrx_word' id='word_1_120' title='bbox 907 1929 1105 1984; x_wconf 82' lang='lat' dir='ltr'><strong>septem.</strong></span> 
     </span>
    </p>
   </div>
   <div class='ocr_carea' id='block_1_9' title="bbox 365 2080 1825 2924">
    <p class='ocr_par' dir='ltr' id='par_1_16' title="bbox 365 2080 1825 2924">
     <span class='ocr_line' id='line_1_25' title="bbox 371 2080 1825 2128; baseline -0.001 -11"><span class='ocrx_word' id='word_1_121' title='bbox 371 2082 511 2117; x_wconf 79' lang='lat' dir='ltr'><strong>brachis</strong></span> <span class='ocrx_word' id='word_1_122' title='bbox 530 2086 564 2116; x_wconf 84' lang='lat' dir='ltr'><strong>et</strong></span> <span class='ocrx_word' id='word_1_123' title='bbox 584 2082 689 2128; x_wconf 81' lang='lat' dir='ltr'><em>longa</em></span> <span class='ocrx_word' id='word_1_124' title='bbox 710 2085 744 2116; x_wconf 90' lang='lat' dir='ltr'><strong>et</strong></span> <span class='ocrx_word' id='word_1_125' title='bbox 766 2081 861 2116; x_wconf 79' lang='lat' dir='ltr'><strong>brevi</strong></span> <span class='ocrx_word' id='word_1_126' title='bbox 880 2085 913 2115; x_wconf 82' lang='lat' dir='ltr'><strong>et</strong></span> <span class='ocrx_word' id='word_1_127' title='bbox 934 2080 1046 2115; x_wconf 79' lang='lat' dir='ltr'><strong>tribus</strong></span> <span class='ocrx_word' id='word_1_128' title='bbox 1067 2081 1181 2126; x_wconf 80' lang='lat' dir='ltr'><strong>longis</strong></span> <span class='ocrx_word' id='word_1_129' title='bbox 1202 2085 1397 2127; x_wconf 80' lang='lat' dir='ltr'><strong>temporum</strong></span> <span class='ocrx_word' id='word_1_130' title='bbox 1420 2092 1555 2115; x_wconf 81' lang='lat' dir='ltr'><strong>novem.</strong></span> <span class='ocrx_word' id='word_1_131' title='bbox 1584 2080 1825 2115; x_wconf 78' lang='lat' dir='ltr'><strong>Mesobrachis</strong></span> 
     </span>
     <span class='ocr_line' id='line_1_26' title="bbox 370 2133 1823 2181; baseline -0.001 -11"><span class='ocrx_word' id='word_1_132' title='bbox 370 2147 412 2170; x_wconf 74' lang='lat' dir='ltr'><strong>ex</strong></span> <span class='ocrx_word' id='word_1_133' title='bbox 432 2135 569 2170; x_wconf 79' lang='lat' dir='ltr'><strong>duabus</strong></span> <span class='ocrx_word' id='word_1_134' title='bbox 591 2136 705 2181; x_wconf 79' lang='lat' dir='ltr'><strong>longis</strong></span> <span class='ocrx_word' id='word_1_135' title='bbox 724 2139 757 2169; x_wconf 86' lang='lat' dir='ltr'><strong>et</strong></span> <span class='ocrx_word' id='word_1_136' title='bbox 779 2135 873 2170; x_wconf 77' lang='lat' dir='ltr'><strong>brevi</strong></span> <span class='ocrx_word' id='word_1_137' title='bbox 894 2139 929 2169; x_wconf 78' lang='lat' dir='ltr'><strong>et</strong></span> <span class='ocrx_word' id='word_1_138' title='bbox 949 2133 1086 2168; x_wconf 79' lang='lat' dir='ltr'><strong>duabus</strong></span> <span class='ocrx_word' id='word_1_139' title='bbox 1107 2134 1221 2180; x_wconf 70' lang='lat' dir='ltr'><strong>longis</strong></span> <span class='ocrx_word' id='word_1_140' title='bbox 1240 2138 1434 2180; x_wconf 79' lang='lat' dir='ltr'><strong>temporum</strong></span> <span class='ocrx_word' id='word_1_141' title='bbox 1459 2145 1594 2168; x_wconf 69' lang='lat' dir='ltr'><strong>novem.</strong></span> <span class='ocrx_word' id='word_1_142' title='bbox 1615 2133 1705 2168; x_wconf 73' lang='lat' dir='ltr'><strong>AB.</strong></span> <span class='ocrx_word' id='word_1_143' title='bbox 1729 2133 1823 2169; x_wconf 90' lang='lat' dir='ltr'><strong>Ven.</strong></span> 
     </span>
     <span class='ocr_line' id='line_1_27' title="bbox 375 2186 1824 2234; baseline -0.001 -11"><span class='ocrx_word' id='word_1_144' title='bbox 375 2188 593 2234; x_wconf 80' lang='lat' dir='ltr'><strong>Ypobraclzz&#39;s</strong></span> <span class='ocrx_word' id='word_1_145' title='bbox 616 2200 657 2223; x_wconf 62' lang='lat' dir='ltr'><strong>ea*</strong></span> <span class='ocrx_word' id='word_1_146' title='bbox 689 2188 801 2222; x_wconf 79' lang='lat' dir='ltr'><strong>tribus</strong></span> <span class='ocrx_word' id='word_1_147' title='bbox 832 2188 946 2233; x_wconf 80' lang='lat' dir='ltr'><strong>longis</strong></span> <span class='ocrx_word' id='word_1_148' title='bbox 974 2191 1172 2233; x_wconf 81' lang='lat' dir='ltr'><strong>temporum</strong></span> <span class='ocrx_word' id='word_1_149' title='bbox 1204 2199 1339 2223; x_wconf 71' lang='lat' dir='ltr'><strong>not-em.</strong></span> <span class='ocrx_word' id='word_1_150' title='bbox 1370 2186 1620 2221; x_wconf 73' lang='lat' dir='ltr'><strong>messobraclzis</strong></span> <span class='ocrx_word' id='word_1_151' title='bbox 1646 2199 1687 2221; x_wconf 55' lang='lat' dir='ltr'><strong>ex*</strong></span> <span class='ocrx_word' id='word_1_152' title='bbox 1711 2187 1824 2221; x_wconf 79' lang='lat' dir='ltr'><strong>tribus</strong></span> 
     </span>
     <span class='ocr_line' id='line_1_28' title="bbox 371 2238 1823 2287; baseline -0.001 -11"><span class='ocrx_word' id='word_1_153' title='bbox 371 2241 484 2286; x_wconf 81' lang='lat' dir='ltr'><strong>longis</strong></span> <span class='ocrx_word' id='word_1_154' title='bbox 503 2245 537 2276; x_wconf 86' lang='lat' dir='ltr'><strong>et</strong></span> <span class='ocrx_word' id='word_1_155' title='bbox 558 2241 653 2276; x_wconf 78' lang='lat' dir='ltr'><strong>brevi</strong></span> <span class='ocrx_word' id='word_1_156' title='bbox 674 2245 708 2276; x_wconf 88' lang='lat' dir='ltr'><strong>et</strong></span> <span class='ocrx_word' id='word_1_157' title='bbox 729 2241 836 2287; x_wconf 80' lang='lat' dir='ltr'><em>longa</em></span> <span class='ocrx_word' id='word_1_158' title='bbox 860 2245 1068 2287; x_wconf 85' lang='lat' dir='ltr'><strong>temporum.</strong></span> <span class='ocrx_word' id='word_1_159' title='bbox 1086 2240 1203 2276; x_wconf 77' lang='lat' dir='ltr'><strong>Calot.</strong></span> <span class='ocrx_word' id='word_1_160' title='bbox 1218 2240 1260 2274; x_wconf 90' lang='lat' dir='ltr'><strong>C.</strong></span> <span class='ocrx_word' id='word_1_161' title='bbox 1360 2246 1380 2273; x_wconf 68' lang='lat' dir='ltr'>Y</span> <span class='ocrx_word' id='word_1_162' title='bbox 1399 2238 1551 2286; x_wconf 85' lang='lat' dir='ltr'><strong>Othius]</strong></span> <span class='ocrx_word' id='word_1_163' title='bbox 1575 2239 1713 2274; x_wconf 81' lang='lat' dir='ltr'><strong>orthius</strong></span> <span class='ocrx_word' id='word_1_164' title='bbox 1731 2239 1823 2275; x_wconf 74' lang='lat' dir='ltr'><strong>AB.</strong></span> 
     </span>
     <span class='ocr_line' id='line_1_29' title="bbox 368 2291 1817 2339; baseline -0.001 -10"><span class='ocrx_word' id='word_1_165' title='bbox 368 2294 467 2329; x_wconf 88' lang='lat' dir='ltr'><strong>Ven.</strong></span> <span class='ocrx_word' id='word_1_166' title='bbox 484 2294 627 2329; x_wconf 78' lang='lat' dir='ltr'><strong>orchius</strong></span> <span class='ocrx_word' id='word_1_167' title='bbox 637 2295 679 2329; x_wconf 91' lang='lat' dir='ltr'><strong>C.</strong></span> <span class='ocrx_word' id='word_1_168' title='bbox 746 2300 764 2318; x_wconf 89' lang='lat' dir='ltr'>z</span> <span class='ocrx_word' id='word_1_169' title='bbox 783 2293 998 2339; x_wconf 85' lang='lat' dir='ltr'><strong>Amebaeos]</strong></span> <span class='ocrx_word' id='word_1_170' title='bbox 1015 2293 1232 2339; x_wconf 79' lang='lat' dir='ltr'><strong>Amoeybeos</strong></span> <span class='ocrx_word' id='word_1_171' title='bbox 1242 2292 1286 2327; x_wconf 83' lang='lat' dir='ltr'><strong>A.</strong></span> <span class='ocrx_word' id='word_1_172' title='bbox 1362 2298 1381 2317; x_wconf 90' lang='lat' dir='ltr'>a</span> <span class='ocrx_word' id='word_1_173' title='bbox 1394 2291 1817 2339; x_wconf 82' lang='lat' dir='ltr'><strong>Molossopyrrhichius]</strong></span> 
     </span>
     <span class='ocr_line' id='line_1_30' title="bbox 369 2341 1822 2394; baseline -0.001 -12"><span class='ocrx_word' id='word_1_174' title='bbox 369 2347 712 2394; x_wconf 80' lang='lat' dir='ltr'><strong>Molossopyrriclzos</strong></span> <span class='ocrx_word' id='word_1_175' title='bbox 732 2346 797 2381; x_wconf 82' lang='lat' dir='ltr'><strong>hoc</strong></span> <span class='ocrx_word' id='word_1_176' title='bbox 816 2351 866 2381; x_wconf 86' lang='lat' dir='ltr'><strong>est</strong></span> <span class='ocrx_word' id='word_1_177' title='bbox 885 2346 979 2381; x_wconf 71' lang='lat' dir='ltr'><strong>AB.</strong></span> <span class='ocrx_word' id='word_1_178' title='bbox 1005 2345 1336 2392; x_wconf 74' lang='lat' dir='ltr'><strong>Molossopirrichos</strong></span> <span class='ocrx_word' id='word_1_179' title='bbox 1352 2345 1395 2380; x_wconf 92' lang='lat' dir='ltr'><strong>C.</strong></span> <span class='ocrx_word' id='word_1_180' title='bbox 1410 2345 1504 2380; x_wconf 83' lang='lat' dir='ltr'><strong>Ven.</strong></span> <span class='ocrx_word' id='word_1_181' title='bbox 1578 2341 1597 2369; x_wconf 88' lang='lat' dir='ltr'>b</span> <span class='ocrx_word' id='word_1_182' title='bbox 1611 2351 1822 2394; x_wconf 84' lang='lat' dir='ltr'><strong>temporum</strong></span> 
     </span>
     <span class='ocr_line' id='line_1_31' title="bbox 368 2396 1821 2448; baseline -0.001 -13"><span class='ocrx_word' id='word_1_183' title='bbox 368 2407 525 2448; x_wconf 85' lang='lat' dir='ltr'><strong>septem.</strong></span> <span class='ocrx_word' id='word_1_184' title='bbox 556 2400 725 2435; x_wconf 83' lang='lat' dir='ltr'><strong>Musicos</strong></span> <span class='ocrx_word' id='word_1_185' title='bbox 745 2411 789 2434; x_wconf 82' lang='lat' dir='ltr'><strong>ex</strong></span> <span class='ocrx_word' id='word_1_186' title='bbox 809 2398 950 2434; x_wconf 85' lang='lat' dir='ltr'><strong>duabus</strong></span> <span class='ocrx_word' id='word_1_187' title='bbox 972 2397 1093 2445; x_wconf 82' lang='lat' dir='ltr'><strong>longis</strong></span> <span class='ocrx_word' id='word_1_188' title='bbox 1113 2406 1151 2433; x_wconf 86' lang='lat' dir='ltr'><strong>et</strong></span> <span class='ocrx_word' id='word_1_189' title='bbox 1170 2396 1326 2433; x_wconf 87' lang='lat' dir='ltr'><strong>totidem</strong></span> <span class='ocrx_word' id='word_1_190' title='bbox 1347 2397 1518 2433; x_wconf 81' lang='lat' dir='ltr'><strong>brevibus</strong></span> <span class='ocrx_word' id='word_1_191' title='bbox 1538 2404 1575 2433; x_wconf 89' lang='lat' dir='ltr'><strong>et</strong></span> <span class='ocrx_word' id='word_1_192' title='bbox 1594 2397 1706 2448; x_wconf 82' lang='lat' dir='ltr'>longa</span> <span class='ocrx_word' id='word_1_193' title='bbox 1726 2405 1821 2434; x_wconf 85' lang='lat' dir='ltr'><strong>tem-</strong></span> 
     </span>
     <span class='ocr_line' id='line_1_32' title="bbox 368 2449 1821 2501; baseline -0.001 -13"><span class='ocrx_word' id='word_1_194' title='bbox 368 2464 500 2501; x_wconf 87' lang='lat' dir='ltr'><strong>porum</strong></span> <span class='ocrx_word' id='word_1_195' title='bbox 521 2460 618 2488; x_wconf 88' lang='lat' dir='ltr'><strong>octo.</strong></span> <span class='ocrx_word' id='word_1_196' title='bbox 668 2450 804 2487; x_wconf 81' lang='lat' dir='ltr'><strong>Dasios</strong></span> <span class='ocrx_word' id='word_1_197' title='bbox 824 2463 867 2487; x_wconf 86' lang='lat' dir='ltr'><strong>ex</strong></span> <span class='ocrx_word' id='word_1_198' title='bbox 887 2450 1004 2486; x_wconf 86' lang='lat' dir='ltr'><strong>tribus</strong></span> <span class='ocrx_word' id='word_1_199' title='bbox 1033 2449 1202 2486; x_wconf 84' lang='lat' dir='ltr'><strong>brevibus</strong></span> <span class='ocrx_word' id='word_1_200' title='bbox 1227 2458 1265 2485; x_wconf 86' lang='lat' dir='ltr'><strong>et</strong></span> <span class='ocrx_word' id='word_1_201' title='bbox 1291 2450 1432 2486; x_wconf 87' lang='lat' dir='ltr'><strong>duabus</strong></span> <span class='ocrx_word' id='word_1_202' title='bbox 1458 2449 1580 2499; x_wconf 82' lang='lat' dir='ltr'><strong>longis</strong></span> <span class='ocrx_word' id='word_1_203' title='bbox 1607 2459 1821 2501; x_wconf 87' lang='lat' dir='ltr'><strong>temporum</strong></span> 
     </span>
     <span class='ocr_line' id='line_1_33' title="bbox 367 2505 1822 2554; baseline -0.001 -13"><span class='ocrx_word' id='word_1_204' title='bbox 367 2505 527 2554; x_wconf 84' lang='lat' dir='ltr'><strong>septem]</strong></span> <span class='ocrx_word' id='word_1_205' title='bbox 552 2510 748 2551; x_wconf 81' lang='lat' dir='ltr'><strong>temporum</strong></span> <span class='ocrx_word' id='word_1_206' title='bbox 763 2509 910 2551; x_wconf 81' lang='lat' dir='ltr'><strong>septem.</strong></span> <span class='ocrx_word' id='word_1_207' title='bbox 946 2505 1248 2551; x_wconf 80' lang='lat' dir='ltr'><strong>Anteanapaestus</strong></span> <span class='ocrx_word' id='word_1_208' title='bbox 1267 2516 1309 2539; x_wconf 75' lang='lat' dir='ltr'><strong>ex</strong></span> <span class='ocrx_word' id='word_1_209' title='bbox 1330 2505 1424 2539; x_wconf 75' lang='lat' dir='ltr'><strong>brevi</strong></span> <span class='ocrx_word' id='word_1_210' title='bbox 1444 2509 1478 2539; x_wconf 86' lang='lat' dir='ltr'><strong>et</strong></span> <span class='ocrx_word' id='word_1_211' title='bbox 1497 2505 1634 2540; x_wconf 76' lang='lat' dir='ltr'><strong>duabus</strong></span> <span class='ocrx_word' id='word_1_212' title='bbox 1655 2506 1769 2551; x_wconf 80' lang='lat' dir='ltr'><strong>longis</strong></span> <span class='ocrx_word' id='word_1_213' title='bbox 1787 2510 1822 2540; x_wconf 85' lang='lat' dir='ltr'><strong>et</strong></span> 
     </span>
     <span class='ocr_line' id='line_1_34' title="bbox 367 2558 1820 2604; baseline -0.001 -10"><span class='ocrx_word' id='word_1_214' title='bbox 367 2559 505 2594; x_wconf 83' lang='lat' dir='ltr'><strong>duabus</strong></span> <span class='ocrx_word' id='word_1_215' title='bbox 527 2559 685 2593; x_wconf 75' lang='lat' dir='ltr'><strong>brevibus</strong></span> <span class='ocrx_word' id='word_1_216' title='bbox 709 2562 905 2604; x_wconf 82' lang='lat' dir='ltr'><strong>temporum</strong></span> <span class='ocrx_word' id='word_1_217' title='bbox 929 2561 1073 2604; x_wconf 82' lang='lat' dir='ltr'><strong>septem.</strong></span> <span class='ocrx_word' id='word_1_218' title='bbox 1116 2558 1364 2593; x_wconf 82' lang='lat' dir='ltr'><strong>Antamoebeos</strong></span> <span class='ocrx_word' id='word_1_219' title='bbox 1383 2570 1423 2592; x_wconf 72' lang='lat' dir='ltr'><strong>ex</strong></span> <span class='ocrx_word' id='word_1_220' title='bbox 1442 2558 1580 2592; x_wconf 80' lang='lat' dir='ltr'><strong>duabus</strong></span> <span class='ocrx_word' id='word_1_221' title='bbox 1607 2558 1766 2593; x_wconf 78' lang='lat' dir='ltr'><strong>brevibus</strong></span> <span class='ocrx_word' id='word_1_222' title='bbox 1785 2564 1820 2594; x_wconf 85' lang='lat' dir='ltr'><strong>et</strong></span> 
     </span>
     <span class='ocr_line' id='line_1_35' title="bbox 367 2611 1821 2657; baseline -0.001 -10"><span class='ocrx_word' id='word_1_223' title='bbox 367 2612 505 2647; x_wconf 80' lang='lat' dir='ltr'><strong>duabus</strong></span> <span class='ocrx_word' id='word_1_224' title='bbox 535 2612 649 2657; x_wconf 82' lang='lat' dir='ltr'><strong>longis</strong></span> <span class='ocrx_word' id='word_1_225' title='bbox 669 2615 702 2645; x_wconf 86' lang='lat' dir='ltr'><strong>et</strong></span> <span class='ocrx_word' id='word_1_226' title='bbox 723 2611 819 2646; x_wconf 78' lang='lat' dir='ltr'><strong>brevi</strong></span> <span class='ocrx_word' id='word_1_227' title='bbox 839 2615 1035 2657; x_wconf 85' lang='lat' dir='ltr'><strong>temporum</strong></span> <span class='ocrx_word' id='word_1_228' title='bbox 1063 2615 1209 2656; x_wconf 80' lang='lat' dir='ltr'><strong>septem.</strong></span> <span class='ocrx_word' id='word_1_229' title='bbox 1254 2611 1389 2646; x_wconf 74' lang='lat' dir='ltr'><strong>Dasios</strong></span> <span class='ocrx_word' id='word_1_230' title='bbox 1408 2623 1450 2646; x_wconf 76' lang='lat' dir='ltr'><strong>eoe</strong></span> <span class='ocrx_word' id='word_1_231' title='bbox 1471 2611 1582 2646; x_wconf 70' lang='lat' dir='ltr'><strong>tribus</strong></span> <span class='ocrx_word' id='word_1_232' title='bbox 1609 2611 1768 2647; x_wconf 83' lang='lat' dir='ltr'><strong>brevibus</strong></span> <span class='ocrx_word' id='word_1_233' title='bbox 1787 2616 1821 2646; x_wconf 86' lang='lat' dir='ltr'><strong>et</strong></span> 
     </span>
     <span class='ocr_line' id='line_1_36' title="bbox 367 2663 1822 2711; baseline -0.001 -11"><span class='ocrx_word' id='word_1_234' title='bbox 367 2665 505 2701; x_wconf 79' lang='lat' dir='ltr'><strong>duabus</strong></span> <span class='ocrx_word' id='word_1_235' title='bbox 526 2665 640 2710; x_wconf 79' lang='lat' dir='ltr'><strong>longis</strong></span> <span class='ocrx_word' id='word_1_236' title='bbox 661 2668 857 2711; x_wconf 81' lang='lat' dir='ltr'><strong>temporum</strong></span> <span class='ocrx_word' id='word_1_237' title='bbox 875 2668 1020 2710; x_wconf 83' lang='lat' dir='ltr'><strong>septem.</strong></span> <span class='ocrx_word' id='word_1_238' title='bbox 1055 2663 1275 2710; x_wconf 77' lang='lat' dir='ltr'><strong>Thymelicos</strong></span> <span class='ocrx_word' id='word_1_239' title='bbox 1290 2676 1332 2699; x_wconf 72' lang='lat' dir='ltr'><strong>ex</strong></span> <span class='ocrx_word' id='word_1_240' title='bbox 1353 2665 1461 2711; x_wconf 78' lang='lat' dir='ltr'><em>longa</em></span> <span class='ocrx_word' id='word_1_241' title='bbox 1481 2669 1515 2699; x_wconf 86' lang='lat' dir='ltr'><strong>et</strong></span> <span class='ocrx_word' id='word_1_242' title='bbox 1531 2664 1642 2699; x_wconf 77' lang='lat' dir='ltr'><strong>tribus</strong></span> <span class='ocrx_word' id='word_1_243' title='bbox 1662 2664 1822 2700; x_wconf 79' lang='lat' dir='ltr'><strong>brevibus</strong></span> 
     </span>
     <span class='ocr_line' id='line_1_37' title="bbox 367 2716 1820 2764; baseline -0.001 -10"><span class='ocrx_word' id='word_1_244' title='bbox 367 2723 401 2754; x_wconf 88' lang='lat' dir='ltr'><strong>et</strong></span> <span class='ocrx_word' id='word_1_245' title='bbox 426 2719 534 2764; x_wconf 79' lang='lat' dir='ltr'><em>longa</em></span> <span class='ocrx_word' id='word_1_246' title='bbox 558 2722 754 2764; x_wconf 79' lang='lat' dir='ltr'><strong>temporum</strong></span> <span class='ocrx_word' id='word_1_247' title='bbox 777 2721 909 2764; x_wconf 77' lang='lat' dir='ltr'><strong>septem</strong></span> <span class='ocrx_word' id='word_1_248' title='bbox 937 2716 982 2751; x_wconf 91' lang='lat' dir='ltr'><strong>A.</strong></span> <span class='ocrx_word' id='word_1_249' title='bbox 1025 2716 1182 2751; x_wconf 76' lang='lat' dir='ltr'><strong>Musicos</strong></span> <span class='ocrx_word' id='word_1_250' title='bbox 1203 2729 1244 2752; x_wconf 74' lang='lat' dir='ltr'><strong>ex</strong></span> <span class='ocrx_word' id='word_1_251' title='bbox 1273 2719 1381 2764; x_wconf 81' lang='lat' dir='ltr'><em>longa</em></span> <span class='ocrx_word' id='word_1_252' title='bbox 1408 2722 1442 2753; x_wconf 86' lang='lat' dir='ltr'><strong>et</strong></span> <span class='ocrx_word' id='word_1_253' title='bbox 1473 2718 1567 2752; x_wconf 83' lang='lat' dir='ltr'><strong>brevi</strong></span> <span class='ocrx_word' id='word_1_254' title='bbox 1593 2722 1628 2752; x_wconf 87' lang='lat' dir='ltr'><strong>et</strong></span> <span class='ocrx_word' id='word_1_255' title='bbox 1654 2717 1763 2763; x_wconf 85' lang='lat' dir='ltr'><em>longa</em></span> <span class='ocrx_word' id='word_1_256' title='bbox 1786 2722 1820 2752; x_wconf 88' lang='lat' dir='ltr'><strong>et</strong></span> 
     </span>
     <span class='ocr_line' id='line_1_38' title="bbox 365 2770 1820 2816; baseline -0.001 -10"><span class='ocrx_word' id='word_1_257' title='bbox 365 2772 505 2807; x_wconf 79' lang='lat' dir='ltr'><strong>duabus</strong></span> <span class='ocrx_word' id='word_1_258' title='bbox 527 2771 686 2806; x_wconf 72' lang='lat' dir='ltr'><strong>brevibus</strong></span> <span class='ocrx_word' id='word_1_259' title='bbox 706 2774 903 2816; x_wconf 80' lang='lat' dir='ltr'><strong>temporum</strong></span> <span class='ocrx_word' id='word_1_260' title='bbox 921 2774 1064 2816; x_wconf 81' lang='lat' dir='ltr'><strong>septem.</strong></span> <span class='ocrx_word' id='word_1_261' title='bbox 1094 2771 1358 2806; x_wconf 79' lang='lat' dir='ltr'><strong>Antamocheos</strong></span> <span class='ocrx_word' id='word_1_262' title='bbox 1379 2783 1421 2807; x_wconf 76' lang='lat' dir='ltr'><strong>ex</strong></span> <span class='ocrx_word' id='word_1_263' title='bbox 1439 2771 1577 2806; x_wconf 77' lang='lat' dir='ltr'><strong>duabus</strong></span> <span class='ocrx_word' id='word_1_264' title='bbox 1606 2770 1766 2806; x_wconf 77' lang='lat' dir='ltr'><strong>brevibus</strong></span> <span class='ocrx_word' id='word_1_265' title='bbox 1785 2776 1820 2805; x_wconf 85' lang='lat' dir='ltr'><strong>et</strong></span> 
     </span>
     <span class='ocr_line' id='line_1_39' title="bbox 367 2823 1820 2872; baseline -0.001 -13"><span class='ocrx_word' id='word_1_266' title='bbox 367 2825 506 2860; x_wconf 78' lang='lat' dir='ltr'><strong>duabus</strong></span> <span class='ocrx_word' id='word_1_267' title='bbox 525 2825 640 2870; x_wconf 71' lang='lat' dir='ltr'><strong>longis</strong></span> <span class='ocrx_word' id='word_1_268' title='bbox 659 2828 856 2871; x_wconf 74' lang='lat' dir='ltr'><strong>temporum</strong></span> <span class='ocrx_word' id='word_1_269' title='bbox 873 2827 1017 2870; x_wconf 86' lang='lat' dir='ltr'><strong>septem.</strong></span> <span class='ocrx_word' id='word_1_270' title='bbox 1048 2823 1253 2860; x_wconf 80' lang='lat' dir='ltr'><strong>thimeclz&#39;cos</strong></span> <span class='ocrx_word' id='word_1_271' title='bbox 1279 2836 1321 2860; x_wconf 76' lang='lat' dir='ltr'><strong>ex</strong></span> <span class='ocrx_word' id='word_1_272' title='bbox 1345 2825 1454 2872; x_wconf 84' lang='lat' dir='ltr'><em>longa</em></span> <span class='ocrx_word' id='word_1_273' title='bbox 1473 2829 1508 2860; x_wconf 87' lang='lat' dir='ltr'><strong>et</strong></span> <span class='ocrx_word' id='word_1_274' title='bbox 1528 2823 1640 2859; x_wconf 80' lang='lat' dir='ltr'><strong>tribus</strong></span> <span class='ocrx_word' id='word_1_275' title='bbox 1660 2823 1820 2859; x_wconf 82' lang='lat' dir='ltr'><strong>brevibus</strong></span> 
     </span>
     <span class='ocr_line' id='line_1_40' title="bbox 368 2876 1178 2924; baseline -0.001 -10"><span class='ocrx_word' id='word_1_276' title='bbox 368 2883 403 2914; x_wconf 84' lang='lat' dir='ltr'><strong>et</strong></span> <span class='ocrx_word' id='word_1_277' title='bbox 424 2878 529 2924; x_wconf 84' lang='lat' dir='ltr'><em>longa</em></span> <span class='ocrx_word' id='word_1_278' title='bbox 550 2882 747 2924; x_wconf 85' lang='lat' dir='ltr'><strong>temporum</strong></span> <span class='ocrx_word' id='word_1_279' title='bbox 765 2881 909 2924; x_wconf 83' lang='lat' dir='ltr'><strong>septem.</strong></span> <span class='ocrx_word' id='word_1_280' title='bbox 930 2877 1047 2912; x_wconf 72' lang='lat' dir='ltr'><strong>dasios</strong></span> <span class='ocrx_word' id='word_1_281' title='bbox 1065 2881 1112 2912; x_wconf 85' lang='lat' dir='ltr'><strong>et.</strong></span> <span class='ocrx_word' id='word_1_282' title='bbox 1135 2876 1178 2913; x_wconf 91' lang='lat' dir='ltr'><strong>C.</strong></span> 
     </span>
    </p>
   </div>
  </div>
 </body>
</html>
