1962 3355
370 166 426 203 12
873 153 1032 200 Marii
1060 152 1298 199 Victorini
1655 165 1751 196 LIB.
1778 163 1811 193 1.

366 285 412 323 et
435 275 704 339 productae:
742 291 767 320 ο
791 291 901 320 vero
925 283 971 319 et
999 291 1084 336 pro
1108 272 1234 319 brevi
1260 281 1307 319 et
1329 289 1414 336 pro
1438 271 1578 334 longa
1602 279 1648 317 et
1672 286 1757 333 pro
1785 285 1814 313 ιι

367 352 518 415 posita
555 359 651 403 θεῖς
687 349 936 411 eidemque
974 348 1141 394 litterae
1178 348 1225 394 in
1267 347 1456 394 kdativo
1486 364 1597 393 casu
1634 345 1816 405 adjecta

311 452 349 481 24
368 436 439 474 est
474 428 504 472 i.
578 425 630 471 Υ
647 443 837 487 quoque
872 432 919 469 et
951 441 1035 469 suo
1059 442 1174 469 sono
1204 423 1353 486 posita
1378 431 1462 477 est,
1487 431 1535 468 et
1567 421 1818 482 subjuncta

369 503 534 548 litterae
560 502 605 557 h,
630 501 704 547 lut
729 500 853 563 apud
881 517 964 545 nos
989 517 1204 562 quoque:
1243 500 1355 545 item
1383 498 1564 559 adjecta
1591 496 1756 542 litteris
1789 512 1817 541 α

370 588 417 624 θῖ
437 595 460 623 e
477 577 589 623 facit
606 577 859 639 syllabam:
885 583 916 605 Π]
928 575 1078 638 posita
1095 584 1166 620 est
1184 583 1229 620 et
1249 591 1332 637 pro
1351 572 1478 618 brevi
1497 581 1544 618 et
1562 589 1647 634 pro
1664 572 1819 633 longa,

315 670 351 700 25
372 671 478 700 cum
508 653 672 699 Graece
710 670 790 715 per
814 675 834 697 υ
859 651 1121 698 scribimus
1196 648 1482 695 Vsimiliter
1505 656 1552 692 et
1582 663 1667 709 pro
1691 646 1819 691 brevi

373 738 419 775 et
442 747 526 792 pro
551 729 705 790 longa,
731 727 978 789 nquotiens
1004 725 1372 772 consonantibus
1409 722 1619 784 subjecta
1644 730 1714 767 est
1738 739 1822 784 pro

374 828 390 852 ο
414 813 488 850 ⁰et
511 827 544 850 v.
600 803 752 849 Graeci
790 804 1109 864 sequebantur
1144 817 1310 846 sonum
1343 797 1676 845 tantummodo
1700 797 1825 843 litte-

372 897 528 928 rarum
563 884 639 937 θφ
662 900 694 939 χ
728 878 1001 941 priusquam
1041 896 1065 922 a
1101 875 1346 922 Simonide
1383 875 1718 927 invenirentur,
1744 889 1825 918 ex-

376 955 645 1018 primebant
671 952 813 1013 juxta
837 974 862 998 τ
885 961 933 997 θῖ
957 951 1097 1012 juxta
1123 973 1152 996 π
1187 960 1263 997 Pet
1284 951 1425 1011 juxta
1450 972 1474 996 κ
1499 947 1826 1012 adspirationis

320 1046 358 1077 26
379 1040 536 1077 notam
566 1034 604 1074 H
632 1027 868 1092 ponendo.
940 1031 1007 1076 (ἱΞ
1032 1037 1189 1073 autem
1214 1027 1341 1072 varie
1373 1044 1500 1072 nunc
1535 1042 1618 1089 per
1640 1046 1664 1071 κ
1687 1035 1735 1070 θῖ
1756 1034 1827 1079 Υσ,

377 1123 504 1152 nunc
540 1122 623 1168 per
653 1126 681 1166 νγ
705 1114 752 1149 θῖ
789 1126 820 1156 ς.
890 1104 1013 1150 Item
1046 1111 1078 1158 ψ
1108 1121 1235 1150 nunc
1270 1122 1354 1167 per
1385 1109 1454 1159 βς,
1487 1121 1614 1149 nunc
1645 1121 1729 1167 per
1762 1125 1827 1155 πς.

379 1182 566 1235 Quibus
603 1180 748 1226 nostri
786 1189 834 1237 5ζ
854 1190 1095 1243 acceptam
1122 1180 1169 1226 in
1198 1182 1292 1226 fine
1317 1197 1506 1225 suarum
1541 1188 1828 1243 posuerunt:

379 1257 572 1320 reliquis
609 1266 765 1302 autem
806 1257 867 1302 ita
899 1257 1126 1313 scribunt,
1152 1266 1204 1301 ut
1228 1273 1252 1301 a
1279 1255 1456 1301 Graecis
1493 1264 1602 1301 sunt
1633 1254 1831 1301 traditae.

324 1347 360 1378 27
382 1333 560 1380 Vvero
585 1333 753 1378 eodem
789 1331 951 1378 ordine
988 1332 1214 1396 scriptum
1253 1332 1498 1387 habemus,
1524 1347 1619 1392 quo
1649 1330 1731 1386 illi,
1764 1348 1834 1376 re-

383 1409 477 1456 cisa
502 1411 688 1454 ttamen
715 1409 894 1470 virgula
922 1408 1089 1468 juxta:
1127 1408 1192 1454 sic
1216 1407 1375 1470 uquod
1411 1407 1535 1470 apud
1562 1407 1666 1452 illos
1693 1406 1835 1467 junc-

382 1495 486 1532 tum
519 1508 538 1530 v
570 1485 735 1530 litterae
767 1506 784 1530 o
816 1483 928 1530 facit
960 1484 1206 1546 syllabam,
1238 1483 1381 1529 nostri
1412 1484 1553 1528 etiam
1588 1482 1835 1545 unotiens

383 1561 593 1624 ejusdem
633 1560 732 1605 soni
771 1559 909 1622 longa
934 1560 1114 1622 syllaba
1140 1558 1386 1606 scribenda
1410 1568 1531 1605 esset
1554 1568 1601 1605 et
1633 1559 1720 1622 ipsi
1759 1558 1837 1604 ad-

377 1637 644 1699 jungebant
670 1654 695 1681 0
724 1636 905 1681 litterae.
977 1636 1094 1682 Inde
1120 1637 1346 1699 scriptum
1383 1636 1538 1699 legitis
1566 1635 1837 1689 Loucetios,

329 1727 365 1755 28
387 1713 620 1769 nouvtios,
645 1721 692 1757 et
717 1712 916 1768 loumen,5
943 1721 989 1757 et
1014 1722 1179 1758 cetera.
1229 1712 1322 1758 Sed
1347 1730 1434 1758 nec
1463 1730 1501 1775 g
1525 1711 1717 1773 quidem
1751 1728 1838 1756 nec

387 1807 415 1852 q
434 1789 634 1834 Latinus
660 1806 813 1834 sermo
836 1788 1126 1834 introduxit:
1153 1805 1209 1834 ex
1237 1789 1409 1849 quibus
1428 1805 1456 1851 q
1476 1796 1523 1833 et
1547 1787 1690 1833 fuisse
1715 1786 1840 1851 apud

389 1865 599 1920 (iraecos,
625 1872 671 1908 ct
696 1881 838 1925 quare
863 1863 1096 1909 desiderat
1130 1863 1264 1925 fungi
1301 1863 1403 1910 vice
1439 1863 1607 1909 litterae
1643 1881 1841 1926 cognos-

389 1958 491 1987 cere
539 1940 748 2003 potestis,
791 1940 825 1984 si
875 1940 1156 2003 pontificum
1206 1940 1348 1985 libros
1395 1939 1668 2003 Wlegeritis:
1717 1956 1844 1985 nunc

333 2037 371 2069 29
391 2017 517 2062 enim
545 2016 668 2079 apud
696 2018 882 2061 Graecos
911 2015 1052 2076 juxta
1075 2024 1134 2062 Χπ
1158 2025 1228 2062 est
1254 2015 1435 2079 posita;
1469 2019 1510 2074 ς
1533 2024 1690 2061 autem
1720 2014 1844 2077 apud

1477 2112 1519 2135 ec

445 2149 464 2176 ¹<
499 2149 621 2186 dativo
652 2164 737 2186 casu
766 2149 909 2197 adjecta
939 2160 994 2187 est
1025 2154 1054 2200 i]
1095 2151 1253 2188 dicativo
1287 2165 1372 2188 casu
1403 2151 1577 2199 adjuncta
1607 2160 1662 2188 est
1691 2168 1772 2188 ιωτα
1805 2152 1845 2187 Ρ.

392 2202 403 2230 l
424 2212 465 2239 ut
485 2204 558 2250 est]
586 2212 626 2239 ut
646 2204 684 2239 P.
824 2211 853 2229 m
875 2206 994 2252 posita
1014 2206 1087 2253 est]
1113 2204 1312 2254 positccest
1332 2206 1371 2241 P.
1509 2212 1529 2230 n
1549 2205 1694 2254 quoties
1714 2217 1847 2240 conso-

395 2257 589 2303 nantibus]
615 2255 787 2304 quotiens
808 2268 1017 2294 consonant
1037 2259 1076 2294 P.
1222 2265 1240 2284 0
1260 2266 1299 2295 et
1318 2259 1351 2306 v]
1374 2265 1411 2294 et
1429 2272 1454 2307 y
1475 2259 1514 2294 P.
1655 2264 1675 2292 P
1695 2265 1732 2293 et
1752 2258 1787 2304 κ]
1810 2264 1848 2293 θῖ

388 2309 495 2356 juxta
516 2325 534 2343 κ
556 2310 595 2344 P.
707 2316 726 2342 (1
747 2310 790 2355 Ξ]
816 2315 838 2344 Ζ
870 2310 910 2346 P.
1031 2318 1046 2337 Υ
1066 2311 1146 2358 σ-ς]
1170 2324 1237 2347 c-c
1258 2312 1297 2347 P.
1318 2320 1355 2348 et
1375 2310 1427 2347 sic
1449 2325 1545 2346 mox,
1657 2317 1671 2336 ⁵
1692 2309 1727 2357 ξ]
1752 2316 1776 2345 Ζ
1807 2310 1846 2345 Ρ.

395 2362 488 2398 Mox
509 2362 664 2408 reliquas
684 2362 834 2397 Putsch.
919 2362 933 2388 ἴ
955 2364 1117 2408 tantum]
1141 2372 1266 2400 tamen
1286 2365 1325 2400 P.
1414 2371 1434 2390 ¹1
1453 2363 1656 2413 quod-o—v]
1679 2377 1788 2411 q-v-o
1807 2364 1847 2398 P.

396 2428 419 2450 u
440 2422 525 2450 ante
546 2416 639 2460 quod
659 2414 798 2450 addidit
820 2415 969 2452 Pntsch.
1091 2424 1110 2441 v
1130 2416 1291 2465 quoties]
1314 2416 1486 2467 quotiens
1507 2418 1546 2453 P.
1669 2423 1698 2441 w
1719 2416 1849 2465 legeri-

398 2467 461 2515 tis]
485 2467 653 2516 legeretis
674 2467 713 2503 P.
825 2474 845 2493 Χ
864 2470 953 2515 vr-r]
976 2486 1035 2513 ''1-
1059 2471 1089 2515 ς
1144 2471 1182 2506 Ρ,

454 2553 502 2589 29
540 2540 597 2576 Al.
623 2539 735 2585 juxta
763 2557 784 2576 π
815 2546 866 2576 est
898 2543 1030 2588 posita.
1067 2543 1098 2578 G
1153 2543 1259 2579 detur
1277 2544 1444 2586 innuere,
1472 2544 1502 2578 G
1522 2549 1607 2591 post
1627 2559 1640 2578 ε
1659 2543 1697 2578 in
1720 2554 1851 2577 nume-

399 2599 518 2630 autem
538 2595 635 2641 apud
660 2595 799 2629 Groecos
823 2595 957 2629 obtinet
977 2600 1097 2630 notam
1154 2609 1277 2631 rorum
1312 2597 1412 2632 notis
1441 2596 1529 2644 poni
1554 2603 1591 2631 et
1617 2608 1678 2631 sex
1708 2594 1851 2643 signifi-

401 2648 539 2683 numerc'
566 2658 637 2681 sex.
668 2654 705 2681 at
735 2659 768 2694 p.
787 2657 848 2692 30.
874 2647 948 2691 (ed.
972 2649 1096 2683 Sanct.
1153 2661 1248 2689 care,
1271 2652 1376 2698 cujus
1406 2649 1521 2697 figura
1542 2648 1619 2683 haec
1639 2655 1694 2683 est
1721 2649 1765 2687 ς’.
1821 2647 1853 2687 Q

403 2699 499 2746 scil.)
523 2699 573 2735 ait
598 2700 629 2734 G
650 2711 795 2734 numero
820 2701 952 2735 servire
978 2705 1012 2735 et
1034 2712 1096 2735 no-
1155 2714 1255 2743 vero,
1288 2710 1373 2750 post
1404 2718 1440 2743 π,
1476 2700 1678 2750 nonaginta
1711 2709 1852 2743 notare,

403 2754 554 2800 nginta
591 2752 804 2799 significare.
854 2751 956 2788 Prior
998 2752 1100 2788 locus
1155 2753 1259 2800 cujus
1275 2753 1485 2790 formatalis
1507 2759 1547 2805 ζε
1579 2755 1673 2790 hanc
1689 2752 1726 2788 in
1741 2752 1853 2788 Grlos-

403 2805 568 2846 mutilus,
604 2803 785 2854 posterior
815 2817 915 2847 vero,
950 2805 980 2840 si
1012 2806 1099 2840 satis
1156 2806 1204 2841 sis
1221 2807 1324 2847 Cofe,
1345 2807 1498 2843 alteram
1518 2807 1639 2844 erison
1660 2805 1779 2842 vocari
1800 2817 1854 2841 re-

403 2871 528 2901 cerno,
553 2858 673 2894 falsus.
726 2857 911 2894 [dautem
934 2856 1026 2894 mihi
1048 2857 1099 2893 vi·
1157 2858 1270 2908 perio.
1310 2861 1483 2898 cOMM.
1540 2860 1664 2897 Docet
1699 2871 1779 2896 esse
1824 2859 1855 2899 Q
