1962 3355
115 221 220 253 CAP.
245 215 289 252 5.
682 206 766 251 De
791 204 1016 268 Syllabis.
1500 218 1560 255 33

111 325 382 388 quentativa
420 327 560 371 verba
595 326 759 379 multa,
785 334 838 372 ut
867 326 1001 382 lectO,
1022 325 1182 388 fileto,
1205 327 1397 388 scripto,
1423 327 1561 373 dicto.

109 400 236 446 Nam
263 417 524 463 pronomen
551 418 637 464 ego
668 419 753 464 pro
778 402 929 447 Sbrevi
958 402 1131 449 habere
1159 402 1377 448 ultimam
1406 420 1431 447 0
1454 402 1563 447 tde-

109 475 443 538 prehenditur:
482 485 533 521 ut
556 486 642 533 est,

439 561 554 608 lVon
579 580 665 625 ego
689 562 1099 626 uMyrmidmmm.

109 625 252 683 Item,

438 691 533 737 Ast
556 708 643 754 ego
667 709 770 755 quse
795 693 969 739 divum..

107 777 231 823 Item
281 794 394 841 ergo
439 778 713 840 conjunctio
753 796 839 843 pro
884 780 1060 842 vlonga
1108 780 1251 826 habet
1300 781 1557 828 Wultimam
1580 797 1617 817 22

101 870 183 917 go,
207 862 261 899 ut
295 863 367 900 est
392 854 524 909 illud,
560 855 700 918 Ergo
720 855 868 918 jussa
893 864 958 885 ww
968 861 1133 918 parat.
1206 856 1403 920 Propter
1434 858 1561 920 quod

106 929 213 975 talis
239 930 418 992 syllaba
444 930 597 976 finalis
622 939 781 977 tamen
808 940 995 978 tantum
1022 932 1291 978 communis
1312 950 1411 979 esse
1435 935 1562 980 mul-

106 1006 166 1052 tis
209 1007 460 1068 generibus
500 1008 739 1070 probatur.
830 1008 875 1054 O
922 1018 1079 1054 autem
1129 1009 1283 1055 littera
1323 1028 1408 1073 pro
1449 1011 1562 1057 dua-

106 1083 194 1128 bus
231 1082 409 1128 Graecis
446 1083 660 1138 habetur,
695 1084 743 1129 id
780 1093 866 1139 est,
906 1102 989 1147 pro
1015 1107 1031 1131 ο
1066 1093 1113 1130 et
1141 1106 1181 1141 ω,
1206 1084 1328 1131 sicut
1359 1085 1502 1132 etiam
1538 1104 1562 1133 e

104 1175 190 1221 pro
215 1180 238 1210 η
263 1167 310 1203 et
343 1180 374 1214 ε,
411 1167 458 1203 et
494 1159 594 1204 istae
637 1159 763 1222 apud
802 1159 994 1205 Graecos
1033 1169 1195 1221 poetas
1234 1160 1436 1207 invicem
1474 1180 1560 1225 pro

105 1234 348 1281 contrariis
381 1233 468 1279 sibi
505 1234 671 1280 litteris
708 1243 964 1297 ponuntur,
989 1244 1034 1280 et
1070 1243 1297 1281 vocantur
1327 1237 1563 1284 Χάυτίστοι-

103 1328 188 1372 χαι
241 1310 364 1356 unde
400 1322 445 1356 et
487 1311 633 1357 nostri
677 1311 800 1356 hanc
847 1310 1240 1356 consuetudinem
1283 1311 1559 1359 Graecorum

105 1394 296 1448 propter
349 1387 483 1432 metri
533 1386 858 1433 necessitatem
912 1394 1226 1448 ysequuntur.
1312 1387 1439 1434 Nam
1479 1389 1559 1435 illo
1581 1411 1619 1442 23

101 1467 120 1487 ²
136 1477 270 1506 versu
295 1461 520 1523 Virgilius
546 1480 570 1508 o
595 1461 837 1525 productae
862 1460 1211 1523 longitudinem
1240 1472 1419 1509 servat:

268 1548 623 1612 Armatumque
647 1566 764 1594 auro
790 1548 1113 1610 circumspicit
1142 1550 1343 1595 Oriona.

102 1634 227 1680 Item
256 1635 300 1681 in
327 1635 492 1681 eodem
522 1636 714 1681 nomine
738 1635 937 1681 eandem
964 1635 1168 1681 litteram
1195 1635 1401 1698 corripit,
1426 1636 1518 1682 sic:

194 1709 313 1757 Cum
334 1711 489 1757 subito
513 1719 532 1740 ἢ
547 1712 818 1774 adsurgens
824 1709 995 1774 fluctu
1020 1710 1040 1738 b
1057 1711 1297 1757 nimbosus
1324 1711 1487 1757 Orion.

102 1786 271 1849 Itaque
308 1796 356 1832 et
394 1787 440 1833 in
478 1787 570 1833 hoc
607 1796 654 1833 et
689 1787 736 1833 in
776 1787 888 1833 huic
920 1786 1157 1833 similibus
1184 1804 1208 1833 e
1231 1796 1278 1833 et
1302 1805 1327 1832 o
1351 1795 1613 1850 cputan-24

100 1861 216 1907 dum
242 1870 312 1908 est
336 1880 436 1908 esse
466 1880 745 1908 communes
779 1863 999 1926 syllabas,
1024 1863 1104 1909 sed
1140 1881 1223 1926 per
1247 1862 1557 1926 ddum-mxlav

102 1939 323 1985 Graecam
355 1939 501 2002 recipi
538 1957 687 2002 posse.
758 1939 886 1985 Nam
924 1938 1064 1984 etiam
1094 1938 1415 1984 &naturaliter
1447 1958 1554 2003 pro·
1571 1961 1608 1993 25

99 2013 293 2060 ductam
320 2031 403 2077 per
427 2013 624 2060 eandem
651 2014 926 2076 ἀντιστοιχίαν
948 2014 1176 2076 Virgilius
1201 2015 1409 2078 corripit,
1435 2024 1503 2073 ut,

372 2102 534 2148 Gener
557 2102 770 2149 adversis
794 2103 1057 2148 instructus
1081 2101 1210 2148 Eois.

99 2175 147 2213 et
170 2167 297 2225 alibi,

363 2232 532 2278 Primo
554 2232 787 2295 surgebat
810 2231 926 2277 Eoo.

152 2385 167 2405 S
197 2379 317 2426 brevi]
341 2379 439 2415 verbi
458 2379 498 2415 P.
609 2379 624 2405 ἵ
644 2378 948 2429 deprehenditur]
973 2378 1273 2427 depraehenditur
1293 2379 1332 2414 P.
1408 2385 1429 2404 u
1448 2379 1553 2427 Myr-

98 2431 293 2467 midonum
314 2433 405 2479 etc.]
430 2431 714 2481 Myrmidonum
736 2433 778 2468 P.
897 2438 917 2457 V
937 2431 1065 2480 longa]
1096 2431 1247 2480 longam
1269 2432 1308 2467 P.
1420 2440 1447 2459 W
1467 2431 1551 2467 ulti-

98 2497 196 2520 mam
218 2483 379 2520 litteram
401 2485 437 2531 o]
460 2484 629 2521 ultimam
649 2498 696 2532 go
715 2485 756 2520 P.
864 2490 922 2509 ww
941 2492 1046 2532 parat
1065 2485 1158 2531 etc.]
1185 2493 1289 2533 parat
1309 2485 1350 2520 P.
1452 2491 1473 2510 Χ
1492 2489 1551 2519 ἀν-

95 2537 269 2584 τίστοιχα]
293 2536 525 2573 antistoeclia
545 2538 586 2574 P.
747 2544 764 2571 y
786 2538 1010 2585 sequuntur]
1036 2545 1211 2572 secuntur
1231 2538 1270 2573 P.
1408 2543 1426 2562 Ζ
1445 2549 1550 2573 versu

96 2588 291 2639 Virgilius]
315 2602 437 2625 versus
457 2589 639 2639 Vergilius
659 2591 698 2626 P.
795 2596 809 2612 ὃ
829 2589 1041 2638 assurgens]
1066 2589 1268 2638 adsurgens
1289 2590 1328 2625 P.
1412 2589 1429 2613 b
1450 2590 1548 2625 nim-

95 2641 208 2678 bosus
228 2642 364 2691 Orion]
390 2642 581 2678 nimbosus
600 2643 639 2678 P.
775 2650 791 2668 c
810 2642 1038 2692 putandum]
1060 2643 1248 2692 putandus
1269 2643 1308 2679 P.
1418 2640 1437 2669 d
1457 2646 1549 2677 ἀντι-

96 2696 247 2740 στοιχίαν
267 2694 339 2742 bis]
363 2695 633 2731 antistoechian
657 2696 698 2731 P.
721 2695 788 2731 bis,

152 2809 211 2844 23.
241 2797 366 2834 Docet
381 2798 492 2834 etiam
511 2798 713 2834 Athenaeus
729 2797 791 2833 lib.
849 2797 886 2832 in
905 2804 1091 2845 potestate
1117 2795 1227 2838 illius,
1250 2796 1312 2832 sed
1342 2795 1455 2832 etiam
1479 2807 1546 2843 pro

97 2850 170 2886 XI.
194 2851 248 2899 [p.
262 2850 354 2896 466.
369 2851 431 2897 F.]
450 2851 583 2886 abusos
602 2850 792 2898 quondam
850 2849 989 2898 syllaba
1008 2866 1050 2885 ov.
1083 2849 1278 2885 CAMER.

96 2902 257 2939 Achivos
272 2915 404 2940 omnes
424 2902 547 2940 littera
560 2919 573 2938 ο
589 2916 664 2939 non
682 2903 793 2938 modo

909 2979 935 3009 F
