1962 3355
405 197 500 234 458
1010 189 1260 235 Diomedis
1658 202 1756 233 Lm.
1783 203 1857 234 111.

405 309 548 372 igitur
585 308 792 362 nomina,
817 308 988 370 quibus
1015 308 1229 354 universa
1254 307 1474 353 dictionis
1510 306 1640 370 sylva
1671 307 1858 369 ycopio-

406 385 590 430 sissima
636 394 720 438 cst,
763 402 857 429 non
907 385 1010 447 plus
1058 402 1201 446 quam
1252 401 1336 446 per
1381 382 1630 428 duodecim
1680 383 1857 429 litteras

406 462 595 508 ultimas
622 461 823 524 syllabas
850 460 1051 506 finiunt:
1089 460 1298 522 quinque
1323 459 1520 517 vocales,
1547 477 1591 517 a,
1616 476 1653 513 e,
1679 460 1708 515 i,
1734 477 1774 517 ο,
1797 478 1854 514 u,-

407 530 485 584 sex
527 536 845 592 semivocales,
870 536 901 590 l,
927 553 988 591 m,
1012 553 1058 589 η,
1084 553 1124 592 r,
1148 554 1186 591 s,
1217 552 1265 593 α’,
1302 553 1443 581 unam
1484 544 1684 592 mutam,
1718 541 1766 589 t,·
1805 545 1858 582 ut

405 614 618 670 Sisenna,
653 613 846 669 monile,
884 612 1051 675 sinapi,
1095 612 1277 667 Cicero,
1317 630 1444 666 veru,
1486 613 1664 669 consul,
1707 630 1857 658 scam-

403 708 534 746 num,
570 698 752 752 pecten,
777 688 949 744 Caesar,
974 688 1155 743 Livius,
1194 689 1325 745 sileX,
1363 699 1521 753 caput.
1588 689 1692 752 Age
1729 707 1856 735 nunc

403 766 619 812 omnium
651 765 899 810 nominum
928 765 1252 812 extremitates
1278 784 1361 830 per
1385 784 1549 812 omnes
1575 783 1726 823 caSUS,
1752 782 1856 827 quae

403 842 495 887 sint
521 840 835 904 producendae
858 842 930 887 vel
957 842 1277 905 corripiendae,
1301 861 1610 907 exponemus.

718 982 804 1028 De
828 984 1115 1030 nominativo
1141 1000 1254 1030 casa
1277 983 1535 1048 singulari.

469 1081 648 1127 Omnia
685 1081 895 1137 nomina,
932 1082 1141 1144 exceptis
1178 1082 1534 1145 monosyllabis,
1559 1099 1669 1127 casu
1704 1081 1858 1127 nomi-

401 1157 560 1203 nativo
586 1157 826 1220 singulari,
853 1158 1123 1204 memoratis
1163 1158 1329 1205 litteris
1367 1158 1616 1205 duodecim
1656 1158 1853 1205 novissi-

402 1233 492 1279 mis
519 1233 813 1288 Zterminata,
841 1234 1188 1297 corripiuntur:
1225 1245 1395 1298 praeter
1428 1253 1483 1281 ea
1519 1253 1624 1297 quae
1648 1253 1673 1281 ο
1701 1235 1857 1281 littera

402 1311 648 1366 finiuntur,
687 1319 737 1355 ut
772 1310 919 1356 Cato:
969 1318 1004 1339 zz
1025 1310 1263 1373 syllabave
1300 1329 1362 1367 es,
1391 1322 1442 1357 ut
1481 1310 1690 1368 Alcides,
1723 1310 1854 1366 fides,

402 1386 580 1431 nubes:
618 1386 689 1430 vel
717 1403 784 1439 as,
812 1396 862 1431 ut
887 1386 1144 1442 Maecenas,
1169 1386 1411 1444 afacilitaS,
1435 1387 1639 1433 AEneas:
1677 1387 1748 1433 vel
1784 1403 1855 1443 en,

402 1470 454 1508 ut
480 1462 588 1507 lien.
660 1462 783 1507 Item
813 1462 977 1508 Graeca
1004 1461 1050 1506 in
1077 1478 1140 1518 os,
1167 1472 1218 1508 ut
1245 1463 1394 1509 heros.
1464 1463 1715 1509 Feminina
1740 1480 1856 1525 quo-

402 1556 495 1601 que
529 1539 824 1585 nominativo
851 1556 874 1585 e
898 1539 1052 1584 littera
1078 1538 1226 1594 finita,
1252 1548 1303 1584 ut
1328 1538 1510 1596 bCirce,
1534 1538 1694 1596 Dirce,
1713 1538 1855 1585 Phoe-

401 1632 519 1661 nice.

752 1729 838 1775 De
857 1729 1080 1792 genetivo
1106 1746 1217 1776 casa
1240 1728 1493 1793 singulari.

466 1831 644 1878 Omnia
681 1832 875 1877 nomina
906 1831 1047 1878 trium
1087 1850 1312 1895 generum
1341 1851 1450 1880 casu
1482 1833 1716 1897 genetiVO,
1739 1841 1847 1879 enu-

400 1926 529 1955 mero
567 1909 808 1971 singulari,
835 1909 1174 1971 producuntur,
1199 1928 1303 1973 quae
1337 1910 1383 1956 in
1421 1911 1503 1956 has
1528 1909 1734 1956 dlitteras
1760 1910 1853 1973 syl-

400 1986 586 2032 labasve
611 1985 898 2032 deferuntur.
970 1987 1025 2032 In
1053 2005 1088 2032 (e
1122 1987 1399 2042 masculina,
1424 1997 1477 2034 ut
1510 1986 1648 2048 hujus
1682 1995 1853 2050 poetae,

454 2167 472 2194 5
490 2160 744 2208 copiosissima
770 2169 837 2202 est,
862 2174 936 2197 non
959 2161 1040 2210 plus
1060 2176 1169 2211 quani
1198 2161 1394 2198 duodecim
1421 2161 1535 2198 literis
1563 2160 1713 2198 ultimas
1744 2160 1852 2210 sylla-

400 2214 464 2249 bas
489 2213 638 2257 finiunt,
659 2215 824 2262 quinque
852 2215 1399 2262 vocalibus—semivocalibus]
1432 2218 1572 2263 copiosa
1596 2219 1648 2250 est
1675 2227 1745 2250 non
1769 2215 1853 2261 plus

400 2279 503 2312 (luam
535 2280 602 2313 per
628 2268 811 2302 duodecim
845 2269 991 2303 ultimus
1026 2270 1191 2313 (ultimas
1214 2271 1279 2314 A.)
1317 2270 1458 2303 litteras
1492 2269 1645 2315 syllabas
1665 2267 1852 2315 finiantur

400 2321 554 2365 quinque
572 2321 991 2356 vocales-semivocales
1007 2322 1096 2356 AB.
1138 2322 1233 2356 Mox
1254 2333 1360 2356 anam
1379 2326 1516 2356 ¹matam
1535 2321 1628 2356 AB.
1644 2321 1727 2368 plus
1743 2332 1851 2367 quam

398 2384 464 2418 per
484 2383 551 2407 Χιι
573 2374 717 2407 ultimas
738 2374 860 2408 literas
878 2386 939 2408 sex
957 2376 1345 2409 semivocales—unam
1366 2379 1501 2409 mutam
1516 2374 1611 2410 Ven.
1696 2379 1713 2398 Ζ
1735 2372 1849 2408 corri-

401 2423 577 2473 piuntur:
612 2433 742 2473 praeter
762 2424 824 2460 illa
844 2438 924 2474 quae
945 2439 964 2460 ο
985 2426 1089 2461 litera
1109 2426 1302 2467 finiuntur,
1326 2434 1365 2462 ut
1385 2439 1481 2462 caro.
1516 2435 1553 2462 et
1573 2439 1655 2475 quae
1674 2426 1847 2476 syllabas]

401 2479 593 2512 terminata
626 2479 871 2524 corripiuntur
897 2484 1029 2525 praeter
1057 2492 1099 2514 ea
1129 2486 1302 2526 quae—-ut
1326 2480 1427 2516 Cato.
1473 2480 1624 2527 Syllaba
1642 2492 1684 2516 ve
1702 2492 1738 2515 es
1758 2480 1851 2516 A.C.

401 2532 593 2565 terminata
614 2532 873 2577 corripiuntur.
913 2533 1053 2578 syllaba
1072 2545 1112 2567 ve
1133 2538 1182 2567 est
1203 2537 1241 2567 at
1261 2534 1406 2568 Alcides
1426 2533 1470 2569 B.
1529 2534 1649 2582 Supra
1676 2545 1850 2568 memora-

402 2584 445 2618 tis
466 2584 488 2618 l.
510 2585 546 2618 (ἰ.
564 2584 745 2630 proeclictis
765 2585 962 2619 novissimis
982 2586 1075 2620 Ven.
1097 2584 1158 2634 qui
1180 2598 1264 2620 mox
1286 2590 1378 2621 cato.
1560 2592 1600 2612 2⁷·
1620 2593 1657 2622 et
1676 2598 1759 2634 qnae
1777 2585 1850 2634 syl-

400 2635 483 2671 laba
503 2636 558 2682 es]
580 2636 720 2682 syllaba
741 2648 775 2671 es
796 2636 889 2672 Ven.
1138 2645 1156 2664 a
1176 2638 1345 2682 facultas,
1367 2640 1510 2675 Aeneas
1531 2639 1585 2676 vel
1606 2639 1671 2685 en]
1682 2639 1852 2687 facilitas

401 2689 551 2731 AEneus,
574 2691 609 2723 in
630 2701 671 2724 en
692 2688 962 2737 A.B.facilitas
982 2690 1025 2726 C.
1162 2689 1182 2717 b
1203 2690 1329 2739 Circe]
1357 2692 1480 2728 Circae
1501 2695 1543 2728 A.
1671 2699 1688 2718 c
1707 2691 1851 2727 numeri

401 2741 615 2791 singularis]
640 2753 788 2777 numero
806 2744 984 2788 singulari
1005 2744 1144 2779 A.B.C.
1267 2742 1286 2770 d
1306 2745 1464 2794 syllabas
1484 2744 1609 2781 literas
1630 2745 1687 2791 ve]
1712 2745 1851 2780 litteras

400 2796 556 2842 syllabas
584 2807 625 2831 ve
645 2795 784 2831 A.B.C.
841 2796 938 2831 Tum
970 2798 1165 2832 masculina
1197 2803 1230 2833 et
1247 2798 1429 2846 feminina
1455 2803 1495 2834 ut
1529 2798 1633 2845 hujus
1653 2798 1781 2834 AEneae
1807 2804 1851 2832 ae

402 2847 690 2896 liujusjbrtanae,
713 2850 750 2883 in
771 2850 781 2883 z·
802 2850 997 2884 masculina
1020 2855 1059 2885 ut
1074 2852 1180 2897 paeri
1201 2852 1291 2888 AB.
1314 2857 1355 2887 at
1370 2853 1476 2899 pueri
1495 2854 1539 2888 C.
1572 2852 1665 2887 Mox
1685 2855 1725 2886 ut
1746 2849 1850 2897 lia-jus

395 2906 511 2948 poetae
529 2914 604 2937 om.
629 2901 722 2937 Ven.
742 2903 784 2937 C.
