1962 3355
357 218 415 256 58
868 210 1025 257 Marii
1053 211 1297 259 Victorini
1653 224 1748 255 LIB.
1774 225 1807 255 1.

298 346 335 367 22
356 330 548 393 degunt,
583 349 608 377 e
645 331 793 378 tribus
832 333 999 395 longis,
1035 343 1087 379 ut
1112 333 1364 379 Eumedes.
1425 331 1493 377 Hi
1535 339 1807 394 temporum

356 407 478 453 inter
503 426 550 453 se
577 407 804 454 brevitate
829 417 876 454 et
901 408 1171 454 extentione
1196 408 1475 470 discrepant.
1527 406 1659 453 Nam
1684 406 1812 469 prior

354 483 516 539 trium,
537 501 736 546 sequens
757 502 838 530 sex
858 494 1125 546 temporum
1155 483 1338 546 ‘’spatio
1364 483 1636 546 prolatatur,
1654 480 1810 543 Pquod

297 559 401 604 23in
428 559 672 623 disyllabis
715 560 760 605 in
799 559 1040 622 pyrrichio
1074 568 1120 604 et
1161 558 1372 621 spondeo
1411 558 1676 603 docuimus.
1744 557 1811 603 At

355 635 434 697 qui
461 636 613 698 prima
650 637 787 698 longa
820 635 1003 680 duabus
1040 635 1259 681 brevibus
1298 633 1521 696 subjectis
1555 632 1811 689 ordinatur,

355 710 591 773 Dactylus
613 711 799 767 dicitur,
815 719 1084 774 temporum
1113 719 1380 773 qquattiior,
1399 721 1452 756 ut
1473 710 1671 756 Virbius
1688 729 1702 755 .·
1729 709 1809 772 qui

355 798 402 832 et
428 805 452 832 a
478 788 567 832 situ
596 797 642 832 et
668 785 978 831 similitudine
1003 785 1274 849 digitorum,
1300 787 1378 848 qui
1407 788 1451 832 in
1482 786 1697 832 manibus
1730 786 1813 832 ha-

355 864 538 919 bentur,
563 862 844 908 vocabulum
870 861 1027 906 traxit.
1090 861 1218 907 Nam
1246 880 1302 907 ex
1329 872 1526 925 utraque
1551 871 1682 925 parte
1707 862 1812 907 bre-

296 953 335 981 24
354 939 502 984 viores
540 938 769 1000 ¹'longiori
802 937 1085 999 junguntur.
1158 939 1288 984 Huic
1328 938 1589 984 contrarius
1630 947 1811 983 mutata

354 1023 621 1076 temporum
657 1014 774 1069 vice,
801 1013 897 1077 pari
937 1022 1095 1059 autem
1135 1013 1475 1076 magnitudine,
1501 1014 1587 1059 erit
1606 1014 1813 1076 Anapae-

296 1110 333 1140 25
355 1101 468 1146 stus,
495 1090 573 1152 qui
610 1099 657 1135 et
692 1090 1062 1152 SAntidaetylus
1099 1098 1307 1146 vocatur,
1333 1099 1384 1135 ut
1407 1089 1637 1152 scopulos.
1709 1090 1813 1135 Ho-

355 1183 459 1211 rum
498 1166 542 1211 in
569 1166 675 1211 Arsi
702 1175 750 1211 et
773 1166 916 1211 Thesi
951 1175 1139 1229 tempus
1165 1166 1398 1229 congruit,
1424 1166 1610 1212 etiamsi
1636 1166 1682 1211 in
1707 1183 1812 1229 per-

297 1250 337 1281 26
357 1243 573 1289 cussione
597 1242 865 1306 discrepent
891 1243 1097 1305 syllabae.
1168 1243 1455 1305 Anapaestus
1481 1254 1640 1289 autem
1669 1260 1693 1288 a
1719 1243 1811 1289 situ

355 1320 589 1365 contrario
627 1328 673 1364 et
708 1319 1061 1381 repercussione
1097 1318 1316 1382 tdactyli,
1349 1319 1474 1382 quod
1508 1330 1578 1366 est
1613 1319 1813 1366 ἀντιπαίε-

296 1413 334 1444 27
356 1401 460 1449 σθαι,
485 1395 666 1441 dictus:
706 1394 907 1456 ideoque
931 1394 1267 1458 Antidaetylus
1300 1405 1612 1459 nuncupatur.
1684 1395 1808 1441 Cum

354 1489 463 1517 vero
501 1472 654 1533 longis
690 1471 872 1517 duabus
906 1471 1194 1535 praeponitur
1228 1473 1395 1529 brevis,
1429 1474 1482 1518 fit
1519 1471 1811 1527 uBacchius,

354 1556 624 1610 temporum
652 1547 877 1610 quinque,
899 1557 952 1594 ut
981 1548 1215 1595 Catones.-
1253 1549 1395 1610 ¹¹¹¹qui
1435 1567 1459 1594 a
1495 1548 1676 1595 Bacchi
1713 1566 1813 1594 ear-

355 1623 562 1669 minibus
589 1642 668 1670 seu
693 1625 952 1681 cantilenis,
978 1643 1083 1687 quae
1107 1625 1348 1687 aptissime
1375 1625 1465 1671 hoe
1489 1633 1640 1670 metro
1671 1633 1813 1670 veon-

354 1709 610 1762 ponuntur,
647 1718 821 1746 nomen
867 1701 1077 1764 aceepit:
1128 1701 1200 1746 vel
1249 1701 1359 1763 quia
1401 1700 1692 1747 familiariter
1733 1700 1812 1746 hic

354 1775 609 1838 rhythmus
635 1776 1033 1822 WBacchantibus
1054 1785 1190 1840 aptus
1211 1777 1284 1822 sit.
1323 1777 1429 1833 Cui,
1447 1785 1629 1822 mutato
1655 1785 1677 1805 x
1693 1786 1814 1822 tem-

353 1867 522 1914 porum
561 1851 738 1908 ordine,
777 1870 998 1898 mensura
1037 1862 1192 1898 autem
1238 1863 1561 1915 permanente,
1600 1852 1813 1898 yPalim-

355 1928 578 1973 bacchius
608 1929 870 1975 contrarius
896 1930 1098 1985 dabitur,
1126 1930 1221 1976 sive
1248 1930 1515 1992 Pompieus,
1540 1940 1811 1993 temporum

353 2004 569 2061 totidem,
592 2014 643 2050 ut
662 2006 919 2052 Romanus.
993 2006 1178 2052 Horum
1202 2006 1333 2052 Arsis
1358 2015 1438 2052 Zac
1456 2006 1626 2052 Thesis
1646 2005 1811 2052 eadem

298 2092 336 2122 28
355 2088 439 2133 est,
476 2097 579 2141 quae
615 2092 853 2144 anapaesto
885 2091 932 2127 et
967 2082 1203 2145 adactylo.
1274 2082 1500 2145 Superest
1525 2084 1814 2146 Amphibra-

355 2154 472 2200 chus
509 2156 741 2202 contrario
777 2157 865 2203 sibi
890 2158 1251 2220 Amphimaem,
1277 2157 1372 2203 sive
1408 2158 1611 2204 Cretico.
1682 2159 1814 2204 Prior

355 2248 436 2294 pes
461 2249 486 2276 e
512 2232 655 2285 brevi,
683 2232 839 2295 longa,
865 2242 911 2279 et
944 2233 1087 2287 brevi,
1114 2244 1386 2296 temporum
1419 2233 1673 2296 bquattuor
1709 2234 1812 2290 erit,

409 2387 427 2406 0
447 2381 588 2430 spacio]
613 2381 730 2430 spatio
751 2383 792 2419 P.
928 2390 947 2417 P
968 2382 1066 2431 quod
1090 2382 1125 2418 in
1148 2381 1371 2431 dissyllabis]
1398 2394 1479 2430 quae
1500 2380 1537 2416 in
1560 2380 1746 2430 disyllabis
1769 2382 1811 2418 P.

355 2441 374 2468 q
395 2436 570 2482 quatuor]
595 2444 770 2483 quattuor
790 2437 828 2471 P.
957 2443 972 2461 Γ
992 2434 1166 2485 longiori]
1191 2434 1336 2483 longior
1356 2435 1395 2470 P.
1507 2441 1521 2460 S
1543 2434 1809 2483 antidaetylus]

355 2487 591 2524 antidactilus
612 2489 651 2524 P.
711 2491 719 2509 ¹
742 2487 874 2537 dactyli
897 2489 1012 2537 quod]
1039 2488 1162 2524 dactili
1185 2487 1243 2536 qui
1267 2489 1307 2524 P.
1381 2495 1402 2513 u
1424 2487 1604 2534 Baebius]
1631 2487 1812 2524 Bacchius

355 2541 396 2575 P.
451 2547 495 2566 ¹¹11
510 2541 593 2590 quia
613 2554 633 2576 a
652 2541 788 2588 Baebi]
819 2541 880 2590 qui
901 2555 920 2576 a
944 2542 1078 2577 Bacchi
1102 2542 1142 2576 P.
1230 2548 1249 2566 V
1269 2540 1564 2591 componuntur]
1587 2553 1810 2589 conponun-

355 2600 415 2628 tur
435 2593 474 2628 P.
604 2599 627 2614 w
648 2594 918 2641 Bachantibus]
943 2595 1220 2630 Haec-limitibus
1242 2595 1281 2629 P.
1420 2600 1440 2619 X
1459 2595 1688 2642 temporum]
1713 2602 1811 2630 tem-

356 2656 445 2711 pori}
474 2662 514 2697 P.
652 2670 671 2697 Y
691 2663 980 2710 Palimbaehius]
1012 2663 1304 2699 Palimbacchius
1334 2663 1372 2698 P.
1512 2669 1529 2687 z
1549 2671 1587 2698 et
1606 2663 1737 2710 thesis]
1769 2676 1812 2700 ac

356 2712 470 2762 thes'is
490 2725 529 2760 P.
687 2733 705 2752 a
724 2725 1232 2776 dactylo-amphibrachus]
1264 2724 1741 2775 dactilo—amphibraehys
1774 2726 1814 2763 P.

355 2776 375 2805 b
396 2779 569 2828 quatuor]
593 2787 769 2827 quattuor
789 2780 827 2815 P.

427 2880 487 2916 26.
517 2881 766 2927 ἀντιπαῖεσθαι]
803 2882 975 2917 ἀναπαὶειν
1006 2882 1159 2916 Santen.
1185 2881 1271 2917 Ter.
1292 2880 1414 2917 Maur.
1446 2894 1479 2930 p.
1506 2891 1566 2929 77.
1600 2893 1687 2917 cum
1714 2880 1810 2917 Dio-

357 2933 463 2969 mede
485 2946 520 2982 p.
536 2944 625 2980 475.
1139 2931 1144 2934 “
