1962 3355
367 184 451 224 550

806 183 876 222 Fa.
898 181 1084 222 Mallius
1110 180 1350 220 Theodorus

367 292 596 349 paesticum,
618 307 668 332 ne
698 292 786 347 ejus
816 291 948 346 gratia
978 290 1202 339 minuatur,
1223 288 1388 344 dactylo
1409 287 1692 343 ¹‘inhospitalis
1722 287 1813 328 erit.

331 380 350 406 4
368 359 864 401 ⁰Adcommodatissimus
884 373 981 398 vero
1003 357 1175 413 spondio
1196 357 1236 397 in
1257 357 1335 396 hoc
1356 364 1487 396 metro
1514 355 1629 395 locus
1659 355 1816 410 primus

368 436 440 468 est.

503 427 636 468 Ceteri
669 436 793 481 atque
823 440 962 465 omnes
992 425 1116 480 pedes
1146 423 1366 478 aiiapaesti3
1401 423 1457 463 ita
1487 432 1637 471 tamen,
1664 433 1711 462 ut
1740 437 1817 477 pro

371 494 514 535 ultimo
552 493 672 549 pede,
705 493 808 533 sicut
842 493 885 532 in
919 491 1124 532 trochaico
1161 501 1306 539 metro,
1348 505 1429 529 una
1465 499 1623 529 tantum
1662 488 1817 544 syllaba

333 581 349 610 5
369 562 656 602 constituatur.

716 559 858 600 Primo
878 568 1015 599 autem
1043 567 1217 597 metrum
1251 556 1584 611 panapaesticum‚
1609 566 1655 596 ut
1677 555 1818 610 dacty-

343 677 353 687 ‚
369 629 509 677 licum,
532 628 612 667 qab
635 627 872 666 hexametro
892 635 1023 665 metro
1045 624 1264 664 rordimur.
1327 624 1471 679 Hujus
1490 623 1749 679 exemplum:

581 697 667 731 Alte
685 696 923 742 superemicat
942 694 1072 735 AEtna,
1090 695 1245 741 poloque
1259 695 1495 740 propinquat.

334 766 436 806 6Ex
477 764 667 804 omnibus
706 772 843 803 autem
883 761 1153 817 anapaesticus
1191 760 1363 816 pulcher
1398 776 1444 802 ac
1482 770 1719 802 Ssonorosus
1753 760 1819 800 hic

371 848 512 873 versus
532 841 592 873 est
608 848 617 871 :

504 902 606 937 tHoc
626 901 775 936 nucibus
794 900 1031 947 superemicat
1051 898 1183 941 AEtna,
1201 899 1355 945 poloque
1372 900 1603 946 propinquat.

426 1073 443 1091 ¹¹
466 1065 690 1112 inhospitalis
710 1063 795 1108 erit]
828 1061 943 1098 Paris.
967 1060 1066 1111 prior

370 1120 586 1166 inhospitule
624 1120 702 1153 erit.
764 1115 950 1165 Equidem
990 1127 1064 1150 nou

371 1172 512 1213 dubito,
552 1170 639 1219 quin
687 1169 873 1218 scripserit
913 1167 1066 1204 Mallius

371 1226 585 1272 inhospitale
620 1226 677 1259 sit.
735 1222 779 1258 Id
815 1230 852 1258 et
890 1221 1066 1257 orationis

371 1286 566 1314 contextus
588 1275 763 1326 postulat,
782 1288 850 1311 nec
868 1275 1065 1310 obscurum

372 1340 440 1373 est,
463 1330 542 1378 quis
563 1342 662 1366 error
681 1329 806 1365 locum
828 1327 969 1364 dederit
985 1340 1066 1363 cor-

373 1382 548 1432 ruptioni.
607 1382 732 1420 Quum
764 1380 949 1417 vocabulis
980 1393 1067 1416 cou-

374 1437 475 1472 nexis
512 1434 688 1484 scriptum
723 1442 820 1470 esset
855 1434 1069 1480 inhospitule

372 1492 431 1531 sit,
468 1488 634 1525 librarius
672 1486 802 1536 aliquis
841 1499 905 1535 pro
944 1494 1069 1535 poste-

373 1542 466 1578 riore
499 1556 514 1578 s
554 1541 639 1590 legit
679 1554 709 1582 r,
742 1553 822 1588 quae
862 1539 992 1575 litterae
1029 1538 1065 1574 in

374 1595 556 1644 scriptura
575 1602 697 1629 vetere
719 1593 769 1628 ita
790 1591 928 1628 similes
949 1600 1066 1634 erant,

374 1657 414 1684 ut
446 1646 646 1697 saepissime
683 1646 797 1682 altera
834 1645 982 1680 alterius
1013 1643 1067 1680 lo-

374 1714 457 1737 cum
479 1698 724 1748 occupaverit.
783 1697 883 1733 Hinc
903 1699 940 1733 in
962 1697 1066 1733 codi-

374 1767 454 1791 cem
488 1753 649 1801 Guelph.
681 1765 759 1800 cap.
784 1751 855 1787 XI.
880 1751 914 1787 S.
945 1763 1066 1798 perse-

375 1813 510 1855 quatur
538 1819 604 1855 pro
633 1818 696 1852 pes
725 1810 906 1852 sequatur,
929 1803 1066 1839 ibidem

376 1874 413 1896 n.
441 1873 498 1906 14.
520 1861 725 1895 duceremus
754 1870 820 1907 pro
847 1859 1066 1897 duceremur,

375 1925 413 1950 et
448 1926 483 1949 n.
513 1912 568 1948 16.
599 1914 686 1948 susle
720 1924 785 1960 pro
817 1912 932 1953 rude5
963 1918 999 1946 et
1030 1910 1069 1945 in

377 1967 494 2002 Paris.
533 1978 608 2001 sec.
647 1977 727 2013 cap.
756 1964 801 1999 V.
831 1976 867 2011 9.
908 1975 1068 1999 sonosum

376 2032 442 2068 pro
472 2031 638 2054 sonorumv
671 2016 827 2066 irrepsit.
884 2017 928 2052 In
968 2029 1071 2052 eam-

376 2072 460 2108 dem
482 2072 704 2107 seutentiam
721 2069 960 2106 transiturum
979 2082 1068 2105 cou-

378 2126 449 2160 fido
473 2123 680 2166 Klotzium‚
702 2122 729 2159 si
752 2123 875 2158 denuo
896 2124 1067 2171 inspexe-

378 2177 424 2214 rit
448 2178 548 2213 hunc
569 2177 707 2218 locum,
728 2188 838 2225 quem
861 2177 911 2211 ita
930 2174 1070 2211 consti-

378 2230 555 2267 tuendum
578 2230 774 2266 censebat:
801 2230 846 2264 Id
868 2234 984 2265 tamen
1005 2241 1069 2264 au-

376 2286 469 2319 rium
502 2296 605 2319 sensu
643 2283 879 2332 efflagitatur.
939 2282 1070 2322 Quem-

377 2338 565 2372 admodum
614 2337 805 2371 intromitti
845 2337 879 2370 z'n
919 2339 1068 2369 metrum

377 2391 591 2436 dactylicum
611 2409 665 2416 —
683 2392 885 2434 anapaestus
903 2399 973 2422 non
989 2391 1072 2433 pot-

378 2448 440 2484 est,
477 2444 528 2476 ita
557 2446 707 2475 metrum
747 2441 999 2486 anapaesticum
1019 2459 1072 2464 —

377 2495 521 2542 dactylo
541 2494 764 2540 inhospitale.
822 2491 904 2527 Erit
933 2503 1069 2526 accom-

377 2548 638 2582 modatissimus
675 2557 757 2581 vero
793 2546 827 2579 in
862 2545 926 2579 hoc
960 2549 1071 2579 metro

379 2602 475 2635 locus
490 2600 629 2647 primus
644 2605 682 2634 et
701 2599 809 2633 ceteri
828 2602 936 2644 atque
956 2609 1073 2632 omnes

379 2654 445 2690 &o
478 2652 630 2688 HEUS.

432 2713 450 2732 o
490 2703 905 2749 Adcommodatissimus]
959 2701 1068 2737 Paris.

378 2773 431 2809 pr.
453 2758 869 2794 adcommodatissimum.
902 2755 1056 2791 HEUS.

431 2819 451 2846 P
485 2812 751 2858 anapaesticum,
774 2814 812 2844 ut
832 2809 1065 2855 dactylicum]

379 2865 437 2901 Ita
460 2872 518 2901 est
549 2865 587 2899 in
615 2862 775 2912 Guelph.
801 2869 839 2897 et
866 2860 984 2896 Paris.
1015 2874 1070 2910 pr.

379 2917 480 2954 Male
501 2916 610 2953 Paris.
632 2916 724 2952 alter
752 2919 816 2950 aut
844 2915 1069 2960 dactylicum.

1123 1060 1320 1111 Impressis
1339 1061 1610 1110 exemplaribus
1635 1065 1818 1111 conjunc—

1122 1114 1172 1150 tio
1196 1120 1246 1157 ut,
1269 1114 1393 1150 nescio
1420 1127 1515 1156 mea,
1541 1128 1586 1150 an
1617 1115 1819 1164 typothetae

1121 1167 1241 1217 culpa,
1262 1167 1457 1204 exciderat.
1492 1168 1645 1203 HEUS.

1176 1228 1195 1255 q
1238 1222 1282 1256 ab
1313 1221 1518 1256 hexametro
1548 1223 1679 1268 metro]
1715 1220 1819 1257 Prior

1123 1275 1235 1309 Paris.
1259 1279 1382 1315 metro,
1404 1283 1494 1323 puto
1517 1273 1681 1309 vocabuli
1714 1287 1815 1322 repe-

1123 1326 1254 1363 titione
1275 1327 1463 1376 deceptus,
1486 1326 1622 1363 omisit.
1671 1327 1818 1362 Passim

1124 1380 1220 1429 apud
1263 1389 1429 1416 nostrum
1474 1379 1630 1429 legimus
1669 1385 1818 1415 metrum

1126 1435 1336 1475 trimetrum,
1367 1438 1517 1468 metrum
1557 1438 1817 1474 tetrametrum,

1126 1491 1275 1522 metrum
1330 1491 1608 1533 pentametrum,
1668 1491 1817 1521 metrum

1125 1540 1382 1581 hexametrum,
1433 1545 1582 1574 metrum
1637 1540 1818 1586 heptame-

1126 1597 1233 1628 trum.
1266 1592 1418 1627 HEUS.

1178 1652 1191 1670 r
1221 1645 1398 1691 ordimur]
1422 1645 1479 1679 Ita
1507 1643 1635 1693 scripsi
1661 1658 1681 1680 e
1703 1643 1818 1680 Paris.

1124 1711 1177 1747 pr.
1213 1697 1378 1746 quamvis
1414 1698 1452 1732 in
1488 1698 1631 1733 duobus
1669 1696 1819 1746 reliquis

1123 1759 1219 1786 esset
1252 1752 1419 1786 ordimus.
1478 1749 1633 1798 Legitur
1667 1750 1818 1798 quidem

1123 1805 1241 1839 ordire
1274 1803 1391 1839 activa
1426 1802 1688 1839 terminatione
1721 1803 1819 1852 apud

1124 1856 1291 1893 Nouium
1325 1856 1370 1892 de
1402 1869 1526 1905 propr.
1557 1868 1668 1893 serm.
1698 1869 1731 1903 p.
1753 1867 1818 1903 39.

1126 1918 1164 1946 et
1193 1909 1291 1958 apud
1311 1909 1441 1945 Isidor.
1464 1910 1554 1959 orig.
1581 1909 1627 1945 L.
1649 1909 1761 1945 XIX.
1785 1922 1818 1945 c.

1130 1975 1189 2010 29.
1221 1963 1302 1998 Nec
1323 1962 1450 2011 ignota
1471 1970 1558 1998 sunt
1578 1975 1736 2005 munem,
1759 1963 1818 1997 ob-

1126 2028 1221 2057 sono,
1248 2018 1383 2062 partio,
1404 2023 1442 2051 et
1469 2015 1615 2056 similia,
1639 2028 1719 2064 quae
1741 2015 1820 2051 sine

1127 2068 1331 2104 mutatione
1351 2067 1628 2118 significationis
1651 2067 1762 2104 modo
1783 2066 1818 2103 in

1126 2135 1158 2165 0,
1181 2121 1290 2157 modo
1311 2121 1347 2157 in
1370 2134 1408 2156 or
1428 2129 1576 2157 exeunt.
1619 2122 1674 2157 Ut
1693 2129 1818 2156 tamen

1127 2174 1227 2211 istud
1253 2176 1410 2210 ordimus
1434 2174 1720 2210 exscribentium
1748 2174 1817 2209 iui-

1128 2227 1267 2277 peritiae
1304 2227 1540 2263 tribuendum
1576 2239 1655 2262 esse
1693 2226 1818 2262 crede—

1127 2294 1216 2323 rem,
1239 2279 1355 2316 movit
1376 2292 1435 2315 me
1455 2279 1646 2315 sollemnis
1676 2278 1737 2314 illa
1759 2278 1818 2314 lit·

1126 2341 1212 2369 terae
1246 2346 1263 2367 r
1300 2340 1410 2380 atque
1446 2345 1462 2367 s
1495 2331 1734 2380 permutatio,
1775 2331 1820 2368 de

1126 2399 1198 2434 qua
1230 2384 1304 2420 dixi
1335 2385 1379 2420 ad
1414 2383 1520 2431 hujus
1554 2384 1685 2434 capitis
1719 2398 1754 2420 n.
1782 2396 1817 2431 3.

1194 2496 1209 2515 s
1254 2491 1463 2540 sonorosus]
1510 2490 1613 2540 Lege
1657 2503 1817 2527 sonorus,

1129 2545 1257 2580 Quum
1307 2542 1417 2579 solito
1455 2556 1577 2580 errore
1616 2542 1821 2592 scripsisset

1129 2595 1258 2645 aliquis
1276 2609 1433 2638 sonosus,
1456 2596 1621 2645 aliusque
1644 2595 1819 2632 correxis-

1127 2658 1182 2685 set
1228 2662 1337 2698 supra
1385 2648 1522 2698 scripto
1562 2662 1628 2685 or:
1685 2648 1820 2698 duplex

1127 2701 1318 2751 scriptura,
1339 2709 1381 2737 ut
1407 2702 1460 2743 fit,
1481 2703 1519 2738 in
1550 2715 1662 2738 unam
1693 2709 1821 2751 postea

1127 2755 1274 2791 coaluit.
1308 2755 1460 2791 HEUS.

1179 2808 1194 2833 t
1214 2810 1293 2844 Hoc
1320 2809 1489 2854 navibus]
1517 2807 1628 2843 Paris.
1659 2821 1713 2856 pr.
1742 2809 1821 2842 Hoc

1126 2861 1288 2904 nubibus,
1306 2861 1404 2910 quod
1424 2861 1481 2897 vel
1502 2860 1581 2897 sine
1601 2859 1820 2896 auctoritate

1127 2913 1297 2950 codicum
1321 2915 1519 2950 rescribere
1548 2926 1656 2950 ausus
1685 2925 1818 2956 essem,
