1962 3355
376 220 461 261 538

829 220 900 260 Fl.
924 220 1112 262 Mallius
1137 221 1379 262 Theodorus

376 331 490 372 dium
511 331 600 372 loco
620 331 638 358 ¹)
652 331 785 387 primo
805 342 846 373 et
867 333 1059 376 secundo,
1081 332 1293 389 dactylum
1314 332 1412 373 locis
1430 332 1638 380 omnibus,
1656 331 1830 372 catalec-

378 409 448 440 ton
468 399 510 439 in
531 399 666 440 medio
685 408 750 440 cet
771 400 811 439 in
832 401 926 441 fine.

989 400 1133 456 Hujus
1154 399 1388 453 exemplum
1406 415 1414 439 :

721 469 887 516 Ingentes
905 475 1007 505 actus
1025 471 1185 506 carmina
1204 475 1327 505 nostra
1350 474 1491 505 canent.

347 558 368 587 4
436 537 456 565 d
471 538 657 578 Metrum
689 536 801 578 aliud
823 538 1071 593 dactylicum
1091 547 1396 592 pentametrum
1423 537 1567 592 recipit
1586 536 1713 593 pedes
1731 537 1829 577 hos:

379 605 590 660 dactylum
621 605 705 645 sive
736 604 955 659 spondium
983 604 1071 644 loco
1102 604 1235 659 primo
1262 614 1302 644 et
1330 604 1524 653 secundo,
1545 604 1769 645 catalecton
1791 604 1833 644 in

382 672 529 719 medio,
552 671 647 711 inde
673 671 777 711 duos
798 671 982 726 dactylos
1004 671 1088 711 sine
1108 671 1316 718 catalecto,
1339 681 1387 713 ut
1416 682 1477 713 est
1507 671 1640 712 eillud
1663 672 1803 712 Sereni
1824 688 1833 712 :

663 740 716 776 Et
734 741 825 775 nihil
843 745 906 782 est,
928 742 1022 787 quod
1041 752 1167 782 antem,
1189 738 1405 784 fFlaminia‚
1426 744 1554 777 minus.

351 830 367 859 5
443 809 626 848 Metrum
649 807 896 863 dactylicum
922 807 1230 863 Asclepiadium
1251 808 1375 849 habet
1397 809 1574 864 primum
1599 807 1833 865 spondium,

383 884 402 912 g
415 875 595 915 secundo
616 874 827 930 dactylum
850 884 889 915 et
910 874 1148 925 catalecton,
1172 875 1362 932 deinceps
1381 876 1486 917 duos
1506 876 1702 932 dactylos.
1737 876 1835 916 Hu-

379 944 394 999 j
403 959 449 983 us
469 943 703 998 exemplum
724 959 732 983 ε

758 1016 999 1054 hLaudamus
1016 1020 1118 1054 vario
1136 1020 1269 1055 musica
1290 1020 1458 1055 carmine.

438 1150 458 1178 b
485 1154 602 1199 primo
631 1158 666 1187 et
693 1154 846 1188 secundo
872 1153 1076 1200 dactylum]

387 1205 498 1241 Paris.
520 1207 746 1252 dactylicum.
781 1206 936 1241 HEUS.

443 1265 459 1284 c
479 1264 512 1294 el
542 1259 689 1307 influe]
731 1259 893 1308 Guelph.
924 1263 957 1294 et
980 1260 1082 1307 infi-

388 1325 479 1348 nem.
514 1312 670 1348 HEUS.

441 1365 456 1387 ‘¹
489 1365 653 1400 BIetrum
690 1366 808 1411 allud]
851 1365 957 1402 Idem
997 1366 1081 1402 MS.

388 1424 539 1454 metrum
556 1420 681 1455 alium.
714 1419 749 1453 H
759 1418 870 1454 EUS.

444 1478 459 1497 e
495 1472 584 1506 illud
619 1471 760 1517 Sereni]
810 1473 852 1506 A.
885 1470 1086 1520 Septimius

391 1528 562 1567 Seminis,
585 1523 737 1573 aequalis
764 1523 872 1560 Statii
901 1529 1023 1573 poeta,
1048 1532 1087 1560 ut

390 1591 435 1614 ex
456 1577 561 1613 Statii
584 1578 684 1624 Sylv.
707 1577 773 1613 IV.
795 1588 828 1624 5.
851 1588 911 1625 57.
933 1578 1087 1614 demon-

391 1630 519 1667 stravit
546 1631 582 1666 J.
617 1631 657 1666 F.
695 1631 904 1666 Gronovius
943 1633 1084 1666 Observ.

391 1684 462 1719 111.
491 1683 548 1719 16.
605 1683 692 1719 Fuit
720 1683 830 1719 etiam
862 1692 971 1720 aetate
997 1697 1084 1732 sup-

391 1749 456 1786 par
493 1735 720 1772 Terentiano
757 1737 904 1775 Mauro.
946 1736 1008 1786 qui
1046 1739 1088 1772 de

394 1791 522 1825 Metris
542 1803 576 1838 p.
597 1801 710 1836 2424.
733 1789 811 1825 haec
832 1790 876 1825 de
893 1803 936 1826 eo
954 1790 1085 1826 habet:

395 1844 463 1884 Qui
501 1843 632 1878 multos
675 1844 803 1889 legere,
843 1849 975 1890 negant
1024 1844 1089 1879 hoc

392 1908 539 1943 corpore
584 1897 688 1931 metri
730 1897 910 1931 Romanos
951 1898 1089 1943 aliquid

391 1954 525 1985 veteres
560 1951 737 1996 scripsisse
772 1955 908 1996 poetas.
951 1951 1089 1986 Dulcia

393 2003 587 2049 Septimius
607 2005 667 2049 qui
685 2004 824 2049 scripsit
840 2004 1010 2050 opuscula
1023 2016 1089 2039 nu-

389 2069 466 2102 per,
490 2057 691 2103 Ancipitem
723 2057 788 2091 tali
817 2058 977 2092 cantavit
1007 2069 1087 2091 car-

391 2111 486 2144 mine
505 2109 657 2145 Jcmum.
714 2109 771 2144 Ex
803 2122 876 2157 quo
907 2109 988 2145 loco
1018 2110 1089 2145 Te-

394 2162 551 2197 rentiani
590 2161 701 2197 etiam
735 2171 837 2204 aetas,
868 2175 949 2211 quae
983 2162 1090 2212 vulgo

394 2214 533 2250 incerta
558 2215 726 2256 habetur,
749 2214 885 2251 certius
911 2215 1088 2251 constitui

395 2276 529 2316 potest.
589 2268 691 2304 Male
731 2269 767 2304 J.
807 2268 891 2305 Nic.
933 2269 1091 2304 Loe'nsis

398 2321 581 2368 Epiphyll.
613 2321 661 2357 V.
692 2333 728 2366 4.
763 2334 922 2370 eumque
954 2331 1091 2358 temere

395 2383 540 2409 secutus
575 2374 617 2409 P.
655 2375 892 2410 Burmannus
927 2375 1008 2410 Sec.
1045 2374 1089 2410 ad

397 2427 545 2462 Anthol.
569 2427 654 2462 Lat.
676 2427 718 2461 T.
740 2427 769 2462 Ι.
791 2440 829 2475 p.
853 2439 908 2473 14.
945 2435 1089 2476 tempo-

397 2477 444 2513 ris
477 2487 604 2514 notam
639 2478 787 2522 tollunt,
819 2479 998 2528 legendo:
1031 2481 1091 2527 qui

396 2533 534 2578 scripsit
555 2533 724 2578 opuscula
744 2534 850 2568 ruris.
882 2533 980 2568 Nam
999 2533 1090 2581 Sep-

397 2584 536 2626 timius,
567 2587 628 2631 qui
657 2596 768 2631 nuper
796 2587 947 2631 scripsit,
970 2598 990 2620 a
1017 2586 1089 2621 Te-

399 2638 568 2672 rentiano
589 2638 793 2686 opponitur
811 2640 986 2674 veteribus
1006 2644 1091 2685 poe'-

399 2693 454 2726 tis.
487 2690 572 2738 Ipse
591 2690 838 2726 Terentianus
861 2691 955 2727 hanc
975 2691 1091 2740 serip-

400 2753 516 2778 turam
539 2743 735 2778 coufirmat
756 2756 790 2791 p.
815 2755 928 2791 2427.
975 2744 1093 2780 Nemo

400 2802 517 2831 tamen
556 2797 686 2843 culpet,
724 2798 752 2831 si
790 2809 890 2831 sumo
931 2799 1092 2844 exempla

400 2851 538 2884 novella
555 2865 567 2884 :
602 2849 696 2883 Nam
724 2850 847 2884 melius
881 2852 991 2886 nostri·
1018 2863 1090 2885 ser-

397 2907 529 2938 varunt
549 2907 663 2937 metra
683 2903 845 2938 minores
901 2903 1094 2950 Septimius

399 2957 520 2991 docuit
556 2967 625 3002 quo
657 2956 752 2991 ruris
785 2957 956 3003 opuscula
989 2956 1092 2993 libro.

1140 1152 1225 1189 Vid.
1247 1154 1282 1189 J.
1305 1154 1349 1189 A.
1371 1152 1515 1189 Fabric.
1540 1154 1634 1189 Bibl.
1663 1152 1746 1188 Lat.
1768 1153 1835 1188 IV.

1142 1217 1176 1253 7.
1198 1219 1234 1255 p.
1260 1217 1349 1254 795.
1389 1207 1500 1242 Ruris
1519 1214 1644 1242 autem
1666 1207 1836 1253 opuscula

1140 1272 1236 1309 saepe
1256 1260 1302 1295 ab
1323 1259 1402 1295 aliis
1422 1258 1643 1308 simpliciter
1667 1260 1836 1306 opuscula

1139 1313 1327 1349 dicuutur.
1378 1313 1528 1348 Servius
1562 1312 1770 1348 Centimetr.
1802 1325 1836 1360 p.

1143 1367 1255 1412 1824.
1315 1367 1492 1402 Faliscum
1539 1371 1678 1402 constat
1725 1366 1837 1401 tribus

1141 1420 1294 1466 dactylis
1312 1424 1347 1454 et
1364 1419 1586 1466 pyrrhichzb,
1608 1424 1648 1453 ut
1667 1423 1719 1454 est
1745 1420 1810 1453 hoc
1824 1433 1836 1453 .-

1143 1473 1265 1507 Docta
1294 1473 1435 1507 Falisca
1462 1472 1689 1519 Pheronyme
1714 1483 1837 1518 paras.

1141 1525 1226 1564 Qua
1263 1524 1444 1574 scriptura
1478 1524 1566 1560 nihil
1609 1523 1836 1560 mendosius,

1142 1577 1300 1614 Loensis
1323 1580 1346 1614 l.
1368 1591 1396 1614 c.
1427 1590 1472 1613 ex
1496 1577 1708 1613 melioribus
1736 1576 1838 1613 libris

1143 1631 1290 1667 laudat:
1342 1632 1467 1666 Docta
1505 1632 1657 1672 Falisca,
1695 1631 1838 1673 Serene,

1142 1685 1254 1720 dubis.
1314 1684 1387 1720 Sed
1425 1697 1508 1720 cum
1549 1697 1644 1719 unus
1684 1696 1748 1733 pes
1786 1684 1839 1719 sic

1143 1737 1253 1774 etiam
1276 1736 1485 1786 pyrrhichio
1509 1736 1616 1779 desit,
1638 1736 1838 1784 legendum

1144 1803 1187 1826 ex
1226 1791 1319 1826 Cod.
1359 1790 1557 1831 Vossiano,
1597 1791 1660 1839 qui
1705 1797 1761 1826 est
1800 1788 1839 1825 in

1143 1843 1241 1880 Bibl.
1274 1843 1378 1879 Leid.
1403 1845 1525 1879 Doctu
1555 1844 1707 1885 Falisca,
1733 1843 1839 1879 Sere-

1144 1910 1200 1939 ne,
1222 1909 1381 1943 reparas.
1417 1896 1704 1932 RUHNKEN.

1200 1950 1211 1973 s
1231 1951 1410 1985 Flaminia
1430 1951 1562 1996 minus]
1581 1948 1654 1985 Vel
1673 1950 1721 1986 ob
1743 1949 1839 1985 hanc

1145 2003 1321 2052 dipodian
1353 2004 1515 2052 eleganti
1538 2002 1718 2039 versiculo
1746 2015 1840 2038 con-

1146 2064 1323 2092 servatam
1355 2055 1533 2092 maximas
1561 2055 1695 2106 gratias
1713 2056 1840 2092 Theo-

1146 2110 1257 2146 dorus
1286 2110 1395 2145 debet
1416 2109 1613 2145 Parisiensi
1642 2109 1748 2152 libro,
1770 2108 1840 2144 im-

1147 2176 1208 2198 mo
1255 2162 1482 2198 Ruhnkenio
1530 2171 1567 2198 et
1604 2161 1838 2210 Musgravio‚

1145 2214 1423 2252 humanissimis
1453 2214 1550 2257 viris,
1582 2228 1739 2264 quorum
1776 2215 1840 2250 be-

1145 2269 1275 2305 neficio
1295 2281 1337 2304 ac
1359 2267 1576 2304 liberalitate
1602 2267 1772 2304 codicum
1794 2267 1839 2303 il-

1146 2322 1265 2357 lorum
1286 2322 1475 2370 scripturae
1495 2321 1539 2356 ad
1566 2333 1633 2356 nos
1662 2332 1841 2369 pervene-

1146 2382 1244 2410 runt.
1303 2375 1346 2409 In
1368 2373 1531 2422 Guelph.
1558 2375 1659 2409 enim
1684 2374 1755 2410 hoc
1776 2374 1840 2410 he-

1147 2425 1370 2462 mistichium
1400 2425 1453 2462 ita
1478 2427 1714 2462 obscuratum
1735 2434 1837 2463 erat:

1132 2480 1416 2529 flammiamuni.
1447 2480 1598 2516 HEUS.

1199 2539 1216 2561 g
1245 2534 1398 2568 secundo
1430 2534 1633 2580 dactylum]
1676 2532 1841 2581 Guelph.

1148 2586 1312 2621 Secundo
1341 2587 1510 2633 dactylo:
1547 2585 1660 2622 Paris.
1689 2587 1842 2621 secundo

1147 2640 1376 2686 dactylicum,
1397 2652 1507 2687 quem
1536 2640 1582 2675 ad
1609 2639 1761 2675 modum
1783 2651 1841 2674 su-

1147 2705 1213 2740 pra
1238 2705 1274 2727 n.
1297 2704 1333 2739 3.
1364 2702 1402 2728 et
1430 2705 1463 2728 c.
1487 2692 1572 2728 VII.
1595 2705 1628 2728 2.
1667 2691 1764 2728 idem
1797 2690 1840 2727 li-

1151 2744 1290 2781 brarius
1309 2746 1526 2794 impegerat.
1562 2745 1716 2781 HEUS.

1201 2796 1221 2823 h
1256 2798 1466 2833 Laudamus
1497 2799 1615 2845 vario]
1658 2798 1844 2833 Ludamus

1148 2850 1346 2901 legendum
1367 2863 1448 2887 esse
1467 2851 1649 2892 existimo,
1665 2857 1703 2886 et
1723 2851 1844 2886 ludere

1148 2905 1280 2940 musica
1323 2903 1546 2953 interpretor
1581 2915 1722 2946 canere,
1761 2915 1844 2952 quae

1150 2956 1224 2993 sint
1252 2958 1449 2994 Musarum
1487 2957 1741 3006 doctrinaeque
1769 2955 1845 2992 ele-
