1962 3355
148 211 253 243 CAP.
279 206 350 243 11.
712 196 796 242 De
817 195 1046 243 Pedibus.
1534 202 1590 249 61

145 318 386 381 copulatio
420 317 544 364 basis
567 317 753 373 dicitur,
782 318 926 363 veluti
954 317 1149 380 quidam
1185 336 1370 381 gressus
1405 321 1598 384 pedum,

144 393 241 456 qui,
279 393 314 439 si
352 393 560 454 ejusdem
604 393 802 457 generis,
839 394 887 441 id
926 405 1010 449 est,
1046 413 1180 458 pares
1209 395 1362 459 jugati
1411 397 1598 456 fuerint,

143 469 402 533 dipodiam,
444 478 523 516 aut
564 479 618 516 ut
664 469 876 532 quidam,
925 470 946 500 ¹¹
964 471 1320 534 tantopodiam3
1381 473 1450 519 sin
1505 474 1599 520 dis—

142 563 293 609 pareS,
328 554 382 592 ut
423 546 660 592 trochaeus
700 564 807 592 cum
847 547 1021 602 iambo,
1060 546 1314 612 isyzygian
1357 550 1595 597 efficiunt:

142 623 189 667 in
228 640 321 684 qua
360 621 472 668 arsis
509 639 676 679 unum,
713 623 912 669 alterum
952 623 1098 669 thesis
1136 624 1303 687 pedem
1348 627 1596 675 obtinebit.

143 698 446 760 Quamquam
482 698 528 744 in
565 698 637 744 his
675 717 1038 762 nonnumquam
1074 702 1254 766 syllaba
1291 720 1375 766 pro
1414 703 1597 768 integro

140 775 260 839 pede
294 775 338 820 in
386 775 555 821 ultima
602 775 834 824 duntaxat
875 796 1034 825 versus
1077 788 1209 842 parte
1250 789 1442 843 accepta
1491 799 1598 844 pro-

138 852 291 916 priam
326 852 521 916 impleat
555 852 728 899 thesin.
799 854 952 918 Igitur
976 855 1264 919 tetrasyllabi
1291 856 1434 919 pedes
1459 866 1597 904 erunt
1616 866 1655 898 39

139 946 304 974 omnes
347 929 582 984 sedecim3
642 940 694 976 ut
734 931 976 993 geminato
1023 949 1221 978 numero
1258 950 1311 978 ea
1353 933 1595 980 taxatione

138 1005 423 1068 trisyllabos,
448 1005 580 1069 kqua
617 1007 680 1053 illi
712 1007 1014 1070 ldisyllabos,
1040 1008 1336 1054 antecedant.
1398 1009 1456 1055 In
1490 1011 1594 1073 qui-
1613 1041 1654 1069 40

138 1083 226 1128 bus
264 1083 414 1146 spatia
449 1091 719 1146 temporum
755 1101 780 1129 a
815 1085 1117 1130 tetrachrono
1148 1085 1202 1130 ad
1238 1085 1595 1144 octachronum,

138 1157 184 1203 id
227 1167 311 1212 est,
353 1177 378 1204 a
425 1167 456 1188 ¹¹¹
474 1168 698 1220 quattuor
737 1160 1033 1222 temporibus
1076 1161 1132 1206 ad
1173 1170 1281 1207 octo
1327 1161 1595 1224 producun-

136 1243 239 1280 tur:
273 1252 474 1296 quorum
510 1234 643 1297 origo
669 1243 688 1264 ¹¹
716 1236 1169 1282 proceleusmaticus
1195 1256 1219 1282 e
1244 1248 1468 1299 quattuor
1493 1239 1594 1283 bre-

135 1311 271 1357 vibus
322 1310 598 1368 subsistens,
650 1320 703 1357 ut
744 1310 1005 1366 Mimctizts,
1055 1312 1250 1359 habebit
1302 1314 1590 1360 contrarium

134 1386 469 1450 Dispon'deum
497 1405 522 1433 e
547 1397 771 1449 quattuor
797 1388 964 1450 longiS‚
990 1389 1169 1435 scilicet
1195 1399 1246 1435 ut
1271 1390 1589 1452 compositum

135 1480 160 1508 a
197 1463 408 1526 spondeo
445 1481 620 1509 nomen
657 1463 880 1521 ostendit,
917 1464 998 1526 qui
1031 1465 1156 1510 solus
1192 1466 1241 1511 in
1277 1466 1592 1529 tetrasyllabis

133 1540 461 1595 oetachronos‚
498 1540 594 1586 sive
629 1549 911 1597 octasemos,
955 1541 1208 1599 invenitur,
1248 1541 1382 1604 cujus
1430 1560 1593 1588 exem-

134 1616 265 1679 plum
305 1616 639 1674 ⁰Calliclides,
676 1617 804 1664 hand
842 1617 954 1664 alias
998 1636 1140 1680 quam
1184 1619 1419 1682 spondeus
1472 1619 1594 1666 inter

132 1692 388 1755 disyllabos
428 1694 751 1740 tetracbronos
795 1703 881 1740 est.
969 1695 1230 1757 PSequitur
1267 1697 1646 1759 Autispastus,41

132 1770 266 1831 cujus
302 1771 456 1835 prima
497 1781 544 1816 et
580 1771 751 1817 ultima
788 1772 954 1826 brevis,
995 1772 1163 1818 mediae
1203 1771 1308 1819 duae
1346 1773 1515 1836 longae,
1543 1773 1590 1819 id

132 1856 216 1902 est,
255 1856 348 1893 ‘lex
382 1848 542 1893 iambo
567 1857 612 1893 ct
645 1848 852 1894 trochaeo
878 1849 1188 1912 compositus,
1217 1858 1267 1894 ut
1287 1849 1590 1912 Aristippus.

132 1923 265 1969 Huic
301 1924 561 1970 contrarius
599 1934 671 1970 est
699 1924 1016 1971 Choriambus
1052 1944 1110 1971 ex
1150 1927 1305 1989 longa,
1324 1936 1370 1972 et
1406 1926 1589 1972 duabus

133 1999 299 2045 mediis
321 2000 554 2056 brevibus,
571 2012 614 2045 et
641 2001 797 2064 longa,
822 2002 1003 2048 scilicet
1027 2020 1084 2048 ex
1110 2004 1344 2049 rtrochaeo
1365 2013 1409 2048 et
1431 2003 1589 2048 iambo

131 2078 394 2139 copulatuS,
436 2088 488 2123 ut
528 2077 785 2141 Penelope.
873 2080 1087 2131 Quorum
1142 2098 1361 2126 mensura
1405 2088 1588 2125 mutato
1606 2096 1646 2125 42

130 2162 312 2199 tantum
342 2154 462 2198 inter
493 2171 539 2199 se
576 2164 847 2218 temporum
878 2155 1040 2201 ordine
1078 2156 1201 2219 apud
1240 2174 1318 2202 eos
1353 2156 1586 2218 congruit.

128 2230 194 2276 At
218 2248 326 2276 cum
354 2231 479 2293 prior
512 2231 663 2277 brevis
699 2233 910 2294 subjecta
947 2232 1101 2295 longa,
1125 2250 1283 2280 rursus
1309 2234 1459 2279 brevis
1486 2233 1588 2278 lon-

128 2324 186 2369 ga
211 2306 496 2353 terminante
521 2309 838 2372 componitur,
865 2310 953 2355 erit
989 2310 1275 2357 SDiiambus
1303 2328 1400 2373 pes,
1426 2309 1469 2355 id
1501 2319 1586 2368 est,

127 2400 152 2428 e
189 2383 402 2429 tduobus
444 2383 613 2430 iambis
652 2385 917 2441 uadnexus„
956 2396 1006 2432 ut
1033 2386 1313 2433 Simonides.
1403 2386 1584 2432 Rursus
1604 2403 1643 2431 43

128 2478 235 2507 cum
258 2460 602 2524 praecedentem
619 2462 847 2525 wlongam
871 2463 1083 2526 sequitur
1102 2463 1268 2518 brevis,
1287 2463 1583 2526 geminatum

180 2607 200 2634 h
220 2609 500 2658 tantopodiam:
533 2609 607 2658 sin]
634 2611 910 2661 tautopodianS.
933 2612 971 2648 in
992 2614 1033 2650 P.
1112 2611 1121 2639 i
1142 2613 1333 2663 syzygiam]
1358 2612 1520 2662 sizygian
1542 2614 1583 2649 P.

125 2660 146 2688 k
168 2663 256 2712 qua]
280 2675 390 2711 quam
413 2664 452 2698 P.
561 2662 571 2689 1
592 2665 826 2713 dissyllabos]
851 2665 1050 2716 disyllabos
1072 2667 1111 2703 P.
1224 2674 1254 2692 m
1275 2668 1451 2715 quatuor]
1478 2675 1583 2714 qnat-

126 2723 209 2751 tuor
229 2716 269 2751 P.
291 2724 327 2751 et
350 2728 446 2751 mox.
543 2724 561 2742 Π
584 2718 954 2767 proceleusmaticus]
981 2720 1314 2768 proceleumaticus
1336 2721 1376 2756 P.
1461 2726 1479 2744 0
1497 2718 1582 2753 Cal-

125 2768 283 2815 liclides]
309 2768 519 2806 Callicudes
541 2771 581 2806 P.
719 2779 738 2806 P
758 2774 949 2822 sequetur]
976 2774 1142 2821 sequitur
1162 2774 1204 2810 P.
1332 2780 1351 2807 (1
1373 2772 1514 2817 iambo]
1539 2783 1582 2806 ex

127 2822 250 2857 iambo
273 2823 311 2857 P.
440 2829 455 2848 Γ
476 2824 656 2870 trochaeo]
682 2826 833 2861 trocheo
855 2827 894 2862 P.
917 2835 955 2862 et
976 2839 1072 2862 mox.
1203 2833 1217 2852 s
1238 2826 1435 2871 diiambus]
1463 2825 1580 2859 diam-

125 2875 192 2910 bus
213 2875 252 2911 P.
363 2875 377 2900 t
397 2875 559 2924 duobus]
582 2877 724 2913 duabus
747 2880 784 2915 P.
897 2886 917 2905 ¹1
937 2880 1121 2926 annexus]
1145 2880 1307 2916 adnexus
1332 2880 1369 2913 P.
1455 2882 1477 2897 w
1499 2876 1581 2911 lon-

124 2929 227 2976 gam]
252 2928 403 2977 longum
425 2929 465 2965 P.
