1962 3355
323 237 411 286 172
827 230 986 278 Marii
1013 231 1254 278 Victorini
1576 243 1671 273 LIB.
1690 241 1766 272 111.-

263 371 300 391 ιο
318 360 506 397 tantum
532 352 684 398 versui
718 352 864 398 dabit.
931 352 1132 416 Tragico
1169 362 1325 398 autem
1364 351 1400 396 si
1438 347 1765 413 sesquipedem

317 428 629 491 praeposueris
664 428 910 483 Ambiunt,
957 430 1059 487 erit,
1100 439 1153 475 ut
1199 428 1423 484 diximus,
1464 432 1767 472 tetrametrus

316 505 645 550 vcatalecticus
667 524 676 551 :
705 514 770 561 ut,

450 581 583 627 Deos
599 588 799 643 penates
822 583 906 645 qai
924 588 1150 644 parentes
1174 589 1202 609 w
1220 580 1361 626 Terei

318 658 556 703 trimeter:
594 667 865 703 tetrameter
889 667 1063 710 autem,

451 733 675 780 Ambiam
701 734 808 779 cleos
826 741 1028 795 penates
1053 733 1135 796 qui
1151 738 1382 794 parentes
1412 732 1566 777 Terei.

262 835 293 854 ιι
320 808 489 870 Itaque
538 819 589 854 ut
634 809 950 855 Archilochus
1000 809 1223 855 creticum
1272 807 1510 853 xiambico
1556 807 1771 853 trimetro

317 885 587 949 praeposuit,
613 895 665 930 ut
688 885 860 931 faceret
884 894 1211 930 tetrametrum
1236 884 1547 939 trochaicum,
1562 884 1628 929 ita
1646 883 1771 946 Hip-

316 979 473 1025 ponax
510 961 723 1007 trimetro
764 962 971 1007 iambico
1009 961 1235 1006 ultimum
1277 959 1495 1021 adjunxit
1528 960 1771 1005 Yantibac-

317 1037 497 1093 chium,
522 1055 577 1083 ex
605 1037 757 1100 prima
783 1037 926 1091 brevi,
953 1037 1104 1100 longis
1130 1036 1329 1090 duabus,
1358 1045 1409 1082 ut
1433 1036 1607 1082 faceret
1631 1044 1773 1082 tetra-

318 1124 521 1160 metrum
551 1114 808 1160 iambicum
835 1114 1101 1160 comicum:
1130 1113 1275 1171 velut,

458 1190 774 1254 Trallianique
798 1191 962 1254 magni
987 1191 1157 1237 navitoe
1184 1189 1472 1236 clamoribus

266 1293 302 1314 η
321 1267 560 1313 trimeter:
615 1267 735 1313 addo
787 1268 991 1324 carinas,
1032 1268 1115 1312 fiet
1156 1266 1410 1329 quadratus
1456 1265 1772 1324 catalecticus,

320 1344 401 1406 qui
428 1361 485 1389 ex
513 1343 671 1388 iambo
696 1353 833 1388 natus
859 1342 915 1388 ad
953 1344 1098 1388 finem
1133 1359 1321 1405 quoque
1351 1342 1477 1387 idem
1502 1342 1772 1388 Zmanebit:

319 1437 428 1465 nam
446 1420 557 1465 licet
575 1419 873 1465 antibacchio
890 1419 1323 1482 compleatur,uihil
1343 1418 1493 1464 oberit
1510 1427 1590 1464 aut
1605 1417 1773 1464 divisio

322 1506 403 1543 aut
426 1496 558 1560 pedis
585 1495 790 1559 copulati
818 1494 1034 1556 adjectio,
1059 1504 1258 1540 retracta
1282 1494 1417 1539 tertia
1442 1493 1644 1539 aetenim
1671 1492 1771 1554 ejus

267 1573 464 1636 13longa
499 1589 602 1629 nas,
626 1573 813 1618 iambus
850 1588 907 1616 ex
946 1570 1244 1616 antibacchio
1281 1569 1495 1616 efficitur.
1565 1569 1696 1632 Ergo
1732 1570 1771 1615 is

320 1667 511 1711 quoque
554 1658 606 1694 ut
646 1648 857 1711 superior
893 1647 1161 1693 trochaicus
1204 1656 1284 1693 aut
1322 1646 1577 1710 semipede,
1615 1646 1660 1692 id
1700 1655 1773 1692 est

321 1725 502 1788 syllaba
538 1742 645 1779 una,
672 1723 1018 1780 terminabitur,
1044 1734 1124 1770 aut
1156 1725 1192 1770 si
1229 1742 1312 1787 per
1344 1724 1568 1787 dipodian
1605 1741 1774 1787 percu-

320 1802 478 1858 tiatur,
503 1811 610 1864 post
632 1800 820 1846 tertiam
856 1800 1132 1846 incisionem
1172 1800 1471 1846 antibacchio
1508 1799 1772 1854 claudente,

267 1906 305 1935 14
322 1877 407 1923 erit
432 1878 478 1923 in
504 1886 704 1939 utroque
730 1885 1002 1922 tetrameter
1026 1876 1342 1922 catalecticus.
1413 1875 1657 1938 Frequens
1683 1875 1775 1920 hoc

322 1953 514 2000 comicis
541 1963 746 1998 metrum
773 1962 819 1998 et
842 1952 1080 2015 praecipue
1117 1952 1324 2015 antiquae
1351 1951 1601 1997 cornoediae
1627 1950 1776 2014 scrip-

321 2031 515 2087 toribus,
540 2030 686 2075 nostri
712 2046 901 2091 quoque
926 2028 1120 2074 Plautus
1146 2038 1193 2074 et
1217 2028 1438 2074 Caecilius
1463 2037 1509 2073 et
1529 2027 1775 2091 Turpilius

323 2124 415 2152 non
443 2106 678 2169 aspernati
705 2114 832 2160 sunt,
855 2104 1183 2151 Atellanarum
1222 2114 1381 2150 autem
1412 2104 1660 2167 scriptores
1693 2121 1777 2166 ap-

375 2226 394 2243 v
414 2217 670 2264 catalecticus]
695 2216 896 2253 catalectus
917 2217 958 2251 P.
1015 2222 1044 2240 w
1062 2214 1190 2262 Terei]
1214 2213 1344 2250 Thesti
1366 2215 1407 2249 P.
1431 2221 1467 2249 et
1489 2226 1584 2249 mox.
1642 2220 1662 2239 Χ
1681 2214 1775 2249 iam-

322 2271 425 2318 bico]
451 2270 575 2306 iambo
595 2272 636 2306 P.
806 2277 825 2303 Y
845 2267 1138 2314 antibacchium]
1162 2266 1425 2303 antibacchurn
1448 2267 1486 2302 P.
1509 2274 1546 2302 et
1566 2279 1652 2302 mox
1678 2265 1776 2303 anti-

322 2324 476 2361 baccho.
587 2330 603 2349 Ζ
627 2322 807 2369 manabit]
833 2320 999 2358 manebit
1017 2322 1058 2357 P.
1169 2327 1188 2346 a
1207 2319 1325 2366 enim]
1349 2319 1486 2356 etenim
1505 2320 1548 2356 P.

1078 2435 1163 2458 cum
1204 2422 1413 2458 trimetrum
1462 2431 1530 2465 est,
1571 2422 1778 2471 penultima

1077 2475 1184 2511 sedes
1204 2475 1368 2511 iambum
1392 2476 1525 2512 habere
1545 2475 1669 2513 debet.
1703 2476 1778 2513 Sed

1077 2542 1124 2564 ne
1159 2528 1237 2578 ipse
1275 2529 1423 2578 quidem
1466 2529 1672 2578 Hipponax
1703 2530 1778 2566 hoe

1077 2591 1257 2631 perpetuo
1287 2581 1452 2618 servavit.
1510 2582 1583 2620 Qui
1606 2590 1644 2618 et
1663 2595 1778 2632 spon-

1080 2635 1188 2670 deum
1211 2648 1254 2670 eo
1275 2635 1346 2671 loci
1369 2634 1502 2684 posuit,
1524 2644 1565 2671 ut
1584 2634 1718 2671 dieitur
1738 2635 1777 2671 in

383 2437 440 2472 14.
489 2425 681 2474 Frequens
727 2424 799 2460 hoc.
851 2423 1019 2469 comicis]

327 2479 632 2528 Hipponacteum
679 2475 943 2526 septenarium,
982 2484 1023 2511 ut

325 2533 444 2568 Varro
475 2530 683 2580 appellavit,
716 2529 953 2578 accipiemus,
981 2537 1022 2565 ut

328 2586 384 2620 Ne
401 2585 505 2634 forte
530 2585 734 2631 imprudens
752 2583 894 2631 faciam
928 2584 1022 2629 quod

326 2640 416 2673 nolit
452 2639 562 2673 sciens
595 2638 733 2672 cavebo.
793 2637 843 2671 Et
880 2636 1024 2671 Aristo..

326 2692 492 2741 phanes:
523 2690 580 2732 ἴτ’,
601 2694 771 2736 ἐγκονεῖτε,
803 2691 962 2728 σπεύδεθ’,
988 2692 1026 2729 ὡς

325 2748 339 2780 o‘
358 2745 461 2791 καιρὸς
481 2745 548 2789 οἰχὶ
567 2744 709 2789 μέλλειν.
771 2741 854 2777 HOC
878 2741 1024 2789 Hippo-

328 2810 398 2833 nax
419 2797 602 2847 Ephesius
630 2796 823 2842 κατακόρως,
845 2802 885 2830 ut
902 2794 1023 2830 Graeci

328 2851 443 2893 aiunt,
469 2861 570 2892 usus,
592 2848 637 2884 de
666 2861 704 2884 se
735 2860 872 2883 nomen
904 2855 1022 2882 metro

329 2903 428 2947 fecit,
450 2911 491 2938 ut
511 2910 579 2945 est,
600 2901 630 2937 εἴ
654 2918 705 2947 μοι
734 2901 853 2947 ’γένοιτο
875 2901 1024 2948 παρθένος

328 2958 414 3000 καλή
427 2972 464 2992 τε
479 2957 534 2992 καὶ
549 2956 683 3004 τέρεινα.
710 2955 754 2990 In
769 2954 849 2996 hoc,
863 2952 1022 2990 maxime

1081 2687 1143 2723 illo
1182 2687 1308 2724 libello
1343 2688 1388 2725 de
1422 2688 1585 2724 versibus
1624 2688 1778 2725 comicis

1081 2740 1144 2789 qui
1176 2741 1364 2777 Prisciano
1402 2740 1609 2783 ascribitur,
1641 2749 1679 2777 et
1709 2754 1778 2777 nos

1079 2793 1163 2829 alibi
1184 2794 1392 2839 docuimus,
1408 2803 1444 2830 et
1460 2794 1660 2843 dactylum,
1676 2794 1775 2843 quod

1079 2847 1272 2883 absurdius
1294 2847 1450 2889 videtur,
1474 2855 1512 2882 ut
1531 2847 1570 2882 in
1599 2846 1682 2889 hoc,
1704 2848 1778 2895 ἐρέω

1077 2903 1140 2947 ’γὰρ
1177 2902 1254 2935 οὕτω
1302 2901 1448 2945 aunarius
1485 2902 1632 2942 Μαιάδος
1666 2902 1776 2949 Ἑρμῆ.

1079 2953 1276 2991 CAMER.
