<?xml version="1.0" encoding="UTF-8"?>
<!DOCTYPE html PUBLIC "-//W3C//DTD XHTML 1.0 Transitional//EN"
    "http://www.w3.org/TR/xhtml1/DTD/xhtml1-transitional.dtd">
<html xmlns="http://www.w3.org/1999/xhtml" xml:lang="en" lang="en">
 <head>
  <title>
</title>
<meta http-equiv="Content-Type" content="text/html;charset=utf-8" />
  <meta name='ocr-system' content='tesseract 3.04.00' />
  <meta name='ocr-capabilities' content='ocr_page ocr_carea ocr_par ocr_line ocrx_word'/>
</head>
<body>
  <div class='ocr_page' id='page_1' title='image "./scriptoreslatini00gaisuoft_0211.png"; bbox 0 0 1962 3355; ppageno 0'>
   <div class='ocr_carea' id='block_1_1' title="bbox 174 211 1623 279">
    <p class='ocr_par' dir='ltr' id='par_1_1' title="bbox 174 211 1623 279">
     <span class='ocr_line' id='line_1_1' title="bbox 174 211 1623 279; baseline 0.006 -23"><span class='ocrx_word' id='word_1_1' title='bbox 174 225 288 257; x_wconf 86' lang='lat' dir='ltr'><strong>L.1v.</strong></span> <span class='ocrx_word' id='word_1_2' title='bbox 305 225 348 258; x_wconf 84' lang='lat' dir='ltr'><strong>c.</strong></span> <span class='ocrx_word' id='word_1_3' title='bbox 366 221 402 258; x_wconf 92' lang='lat'><strong>1.</strong></span> <span class='ocrx_word' id='word_1_4' title='bbox 426 211 510 259; x_wconf 85' lang='lat' dir='ltr'><strong>De</strong></span> <span class='ocrx_word' id='word_1_5' title='bbox 528 213 749 259; x_wconf 65' lang='lat' dir='ltr'><strong>connexis</strong></span> <span class='ocrx_word' id='word_1_6' title='bbox 768 213 893 259; x_wconf 77' lang='lat' dir='ltr'><strong>inter</strong></span> <span class='ocrx_word' id='word_1_7' title='bbox 906 229 958 259; x_wconf 83' lang='lat' dir='ltr'><strong>se</strong></span> <span class='ocrx_word' id='word_1_8' title='bbox 978 220 1121 277; x_wconf 78' lang='lat' dir='ltr'><strong>atque</strong></span> <span class='ocrx_word' id='word_1_9' title='bbox 1139 215 1414 263; x_wconf 74' lang='lat' dir='ltr'><em>inconnexis</em></span> <span class='ocrx_word' id='word_1_10' title='bbox 1428 221 1504 279; x_wconf 73' lang='lat'><strong>850.</strong></span> <span class='ocrx_word' id='word_1_11' title='bbox 1537 227 1623 276; x_wconf 88' lang='lat'><strong>193</strong></span> 
     </span>
    </p>
   </div>
   <div class='ocr_carea' id='block_1_2' title="bbox 579 546 1224 605">
    <p class='ocr_par' dir='ltr' id='par_1_2' title="bbox 579 546 1224 605">
     <span class='ocr_line' id='line_1_2' title="bbox 579 546 1224 605; baseline 0.003 -7"><span class='ocrx_word' id='word_1_12' title='bbox 579 546 823 599; x_wconf 86' lang='lat' dir='ltr'>LIBER</span> <span class='ocrx_word' id='word_1_13' title='bbox 863 547 1224 605; x_wconf 80' lang='lat' dir='ltr'>QUARTUS</span> 
     </span>
    </p>
   </div>
   <div class='ocr_carea' id='block_1_3' title="bbox 169 680 1620 906">
    <p class='ocr_par' dir='ltr' id='par_1_3' title="bbox 169 680 1620 906">
     <span class='ocr_line' id='line_1_3' title="bbox 169 680 1620 738; baseline 0.005 -18"><span class='ocrx_word' id='word_1_14' title='bbox 169 680 253 720; x_wconf 81' lang='lat' dir='ltr'><strong>DE</strong></span> <span class='ocrx_word' id='word_1_15' title='bbox 287 681 608 724; x_wconf 87' lang='lat' dir='ltr'>CONNEXIS</span> <span class='ocrx_word' id='word_1_16' title='bbox 643 685 842 725; x_wconf 86' lang='lat' dir='ltr'>INTER</span> <span class='ocrx_word' id='word_1_17' title='bbox 874 685 943 724; x_wconf 89' lang='lat' dir='ltr'><strong>SE</strong></span> <span class='ocrx_word' id='word_1_18' title='bbox 966 685 1184 734; x_wconf 84' lang='lat' dir='ltr'><strong>ATQUE</strong></span> <span class='ocrx_word' id='word_1_19' title='bbox 1213 685 1620 738; x_wconf 88' lang='lat' dir='ltr'><strong>INCONNEXIS,</strong></span> 
     </span>
     <span class='ocr_line' id='line_1_4' title="bbox 350 772 1442 827; baseline 0.005 -16"><span class='ocrx_word' id='word_1_20' title='bbox 350 772 492 820; x_wconf 81' lang='lat' dir='ltr'><strong>QUAE</strong></span> <span class='ocrx_word' id='word_1_21' title='bbox 529 773 741 814; x_wconf 87' lang='lat' dir='ltr'><strong>GRAECI</strong></span> <span class='ocrx_word' id='word_1_22' title='bbox 775 777 1139 815; x_wconf 77' lang='grc' dir='ltr'>ΑΣΎΝΑΡΤΗΤΑ</span> <span class='ocrx_word' id='word_1_23' title='bbox 1171 776 1442 827; x_wconf 89' lang='lat' dir='ltr'>VOCANT‚</span> 
     </span>
     <span class='ocr_line' id='line_1_5' title="bbox 652 865 1133 906; baseline 0.004 -2"><span class='ocrx_word' id='word_1_24' title='bbox 652 865 1133 906; x_wconf 85' lang='lat' dir='ltr'><strong>PRAGMATICUS.</strong></span> 
     </span>
    </p>
   </div>
   <div class='ocr_carea' id='block_1_4' title="bbox 699 1020 1087 1047">
    <p class='ocr_par' dir='ltr' id='par_1_4' title="bbox 699 1020 1087 1047">
     <span class='ocr_line' id='line_1_6' title="bbox 699 1020 1087 1047; baseline 0.008 -12"><span class='ocrx_word' id='word_1_25' title='bbox 699 1020 1087 1047; x_wconf 58' lang='lat'><strong>-——··=‘-——-</strong></span> 
     </span>
    </p>
   </div>
   <div class='ocr_carea' id='block_1_5' title="bbox 163 1147 1615 1318">
    <p class='ocr_par' dir='ltr' id='par_1_5' title="bbox 163 1147 1615 1318">
     <span class='ocr_line' id='line_1_7' title="bbox 785 1147 995 1199; baseline 0.005 -1"><span class='ocrx_word' id='word_1_26' title='bbox 785 1147 919 1198; x_wconf 85' lang='lat' dir='ltr'><strong>CAP.</strong></span> <span class='ocrx_word' id='word_1_27' title='bbox 951 1149 995 1199; x_wconf 92' lang='lat' dir='ltr'><strong>I.</strong></span> 
     </span>
     <span class='ocr_line' id='line_1_8' title="bbox 163 1224 1615 1318; baseline 0.003 -22"><span class='ocrx_word' id='word_1_28' title='bbox 163 1224 504 1298; x_wconf 82' lang='lat' dir='ltr'>EMENSIS</span> <span class='ocrx_word' id='word_1_29' title='bbox 524 1259 666 1313; x_wconf 89' lang='lat' dir='ltr'><strong>atque</strong></span> <span class='ocrx_word' id='word_1_30' title='bbox 691 1250 913 1297; x_wconf 85' lang='lat' dir='ltr'>discussis</span> <span class='ocrx_word' id='word_1_31' title='bbox 937 1252 1009 1297; x_wconf 89' lang='lat' dir='ltr'><strong>his</strong></span> <span class='ocrx_word' id='word_1_32' title='bbox 1035 1253 1299 1300; x_wconf 86' lang='lat' dir='ltr'><strong>secundum</strong></span> <span class='ocrx_word' id='word_1_33' title='bbox 1319 1255 1615 1318; x_wconf 88' lang='lat' dir='ltr'><strong>propositum</strong></span> 
     </span>
    </p>
   </div>
   <div class='ocr_carea' id='block_1_6' title="bbox 150 1327 1651 2682">
    <p class='ocr_par' dir='ltr' id='par_1_6' title="bbox 150 1327 1651 2682">
     <span class='ocr_line' id='line_1_9' title="bbox 162 1327 1619 1393; baseline 0.001 -18"><span class='ocrx_word' id='word_1_34' title='bbox 162 1329 299 1375; x_wconf 90' lang='lat' dir='ltr'><strong>nobis</strong></span> <span class='ocrx_word' id='word_1_35' title='bbox 324 1327 554 1381; x_wconf 80' lang='lat' dir='ltr'><strong>ordinem,</strong></span> <span class='ocrx_word' id='word_1_36' title='bbox 580 1336 715 1389; x_wconf 81' lang='lat' dir='ltr'><strong>⁰quae</strong></span> <span class='ocrx_word' id='word_1_37' title='bbox 747 1344 806 1372; x_wconf 84' lang='lat' dir='ltr'><strong>cx</strong></span> <span class='ocrx_word' id='word_1_38' title='bbox 843 1327 1078 1390; x_wconf 86' lang='lat' dir='ltr'><strong>dactylico</strong></span> <span class='ocrx_word' id='word_1_39' title='bbox 1116 1337 1255 1391; x_wconf 88' lang='lat' dir='ltr'><strong>atque</strong></span> <span class='ocrx_word' id='word_1_40' title='bbox 1296 1329 1503 1376; x_wconf 89' lang='lat' dir='ltr'><strong>iambico</strong></span> <span class='ocrx_word' id='word_1_41' title='bbox 1539 1348 1619 1393; x_wconf 83' lang='lat' dir='ltr'><strong>ge—</strong></span> 
     </span>
     <span class='ocr_line' id='line_1_10' title="bbox 162 1403 1618 1467; baseline 0.003 -18"><span class='ocrx_word' id='word_1_42' title='bbox 162 1422 270 1450; x_wconf 83' lang='lat' dir='ltr'><strong>nere</strong></span> <span class='ocrx_word' id='word_1_43' title='bbox 303 1421 387 1466; x_wconf 90' lang='lat' dir='ltr'><strong>per</strong></span> <span class='ocrx_word' id='word_1_44' title='bbox 420 1403 706 1466; x_wconf 80' lang='lat' dir='ltr'><strong>multiplices</strong></span> <span class='ocrx_word' id='word_1_45' title='bbox 738 1403 1121 1466; x_wconf 72' lang='lat' dir='ltr'><strong>compositionum</strong></span> <span class='ocrx_word' id='word_1_46' title='bbox 1160 1406 1333 1467; x_wconf 81' lang='lat' dir='ltr'><strong>figuras</strong></span> <span class='ocrx_word' id='word_1_47' title='bbox 1366 1406 1618 1452; x_wconf 88' lang='lat' dir='ltr'><strong>informata</strong></span> 
     </span>
     <span class='ocr_line' id='line_1_11' title="bbox 161 1480 1616 1543; baseline 0.002 -18"><span class='ocrx_word' id='word_1_48' title='bbox 161 1480 474 1537; x_wconf 85' lang='lat' dir='ltr'><strong>Pderivantur,</strong></span> <span class='ocrx_word' id='word_1_49' title='bbox 491 1488 704 1543; x_wconf 80' lang='lat' dir='ltr'><strong>superest</strong></span> <span class='ocrx_word' id='word_1_50' title='bbox 723 1487 775 1525; x_wconf 89' lang='lat' dir='ltr'><strong>ut</strong></span> <span class='ocrx_word' id='word_1_51' title='bbox 794 1497 863 1536; x_wconf 86' lang='lat' dir='ltr'><strong>ea,</strong></span> <span class='ocrx_word' id='word_1_52' title='bbox 883 1498 987 1542; x_wconf 83' lang='lat' dir='ltr'><strong>quae</strong></span> <span class='ocrx_word' id='word_1_53' title='bbox 1004 1498 1060 1526; x_wconf 87' lang='lat' dir='ltr'><strong>ex</strong></span> <span class='ocrx_word' id='word_1_54' title='bbox 1091 1481 1336 1543; x_wconf 90' lang='lat' dir='ltr'><strong>utriusque</strong></span> <span class='ocrx_word' id='word_1_55' title='bbox 1361 1482 1616 1528; x_wconf 87' lang='lat' dir='ltr'><strong>concinna-</strong></span> 
     </span>
     <span class='ocr_line' id='line_1_12' title="bbox 160 1555 1615 1621; baseline 0.001 -20"><span class='ocrx_word' id='word_1_56' title='bbox 160 1556 290 1602; x_wconf 82' lang='lat' dir='ltr'><strong>tione</strong></span> <span class='ocrx_word' id='word_1_57' title='bbox 326 1574 379 1602; x_wconf 86' lang='lat' dir='ltr'><strong>ac</strong></span> <span class='ocrx_word' id='word_1_58' title='bbox 416 1555 764 1620; x_wconf 80' lang='lat' dir='ltr'><strong>‘lpermixtione</strong></span> <span class='ocrx_word' id='word_1_59' title='bbox 799 1564 1058 1602; x_wconf 86' lang='lat' dir='ltr'><strong>metrorum</strong></span> <span class='ocrx_word' id='word_1_60' title='bbox 1093 1574 1264 1620; x_wconf 80' lang='lat' dir='ltr'><strong>genera</strong></span> <span class='ocrx_word' id='word_1_61' title='bbox 1295 1566 1615 1621; x_wconf 83' lang='lat' dir='ltr'><strong>procreantur,</strong></span> 
     </span>
     <span class='ocr_line' id='line_1_13' title="bbox 159 1631 1612 1694; baseline 0.002 -17"><span class='ocrx_word' id='word_1_62' title='bbox 159 1632 332 1694; x_wconf 91' lang='lat' dir='ltr'><strong>quibus</strong></span> <span class='ocrx_word' id='word_1_63' title='bbox 372 1641 452 1678; x_wconf 89' lang='lat' dir='ltr'><strong>aut</strong></span> <span class='ocrx_word' id='word_1_64' title='bbox 489 1631 650 1694; x_wconf 82' lang='lat' dir='ltr'><strong>magni</strong></span> <span class='ocrx_word' id='word_1_65' title='bbox 693 1640 905 1678; x_wconf 85' lang='lat' dir='ltr'><strong>auctores</strong></span> <span class='ocrx_word' id='word_1_66' title='bbox 944 1633 1138 1678; x_wconf 87' lang='lat' dir='ltr'><strong>nomina</strong></span> <span class='ocrx_word' id='word_1_67' title='bbox 1174 1632 1419 1688; x_wconf 86' lang='lat' dir='ltr'><strong>dederunt,</strong></span> <span class='ocrx_word' id='word_1_68' title='bbox 1447 1642 1526 1680; x_wconf 88' lang='lat' dir='ltr'><strong>aut</strong></span> <span class='ocrx_word' id='word_1_69' title='bbox 1562 1634 1612 1680; x_wconf 90' lang='lat' dir='ltr'><strong>il-</strong></span> 
     </span>
     <span class='ocr_line' id='line_1_14' title="bbox 158 1707 1651 1772; baseline 0.003 -19"><span class='ocrx_word' id='word_1_70' title='bbox 158 1708 326 1754; x_wconf 88' lang='lat' dir='ltr'><strong>lustres</strong></span> <span class='ocrx_word' id='word_1_71' title='bbox 352 1716 504 1771; x_wconf 87' lang='lat' dir='ltr'><strong>poetae</strong></span> <span class='ocrx_word' id='word_1_72' title='bbox 528 1708 797 1771; x_wconf 87' lang='lat' dir='ltr'><strong>frequenter</strong></span> <span class='ocrx_word' id='word_1_73' title='bbox 820 1707 893 1754; x_wconf 85' lang='lat' dir='ltr'><strong>usi</strong></span> <span class='ocrx_word' id='word_1_74' title='bbox 919 1717 1043 1763; x_wconf 87' lang='lat' dir='ltr'><strong>sunt,</strong></span> <span class='ocrx_word' id='word_1_75' title='bbox 1068 1726 1422 1772; x_wconf 81' lang='lat' dir='ltr'><strong>persequamur.</strong></span> <span class='ocrx_word' id='word_1_76' title='bbox 1458 1709 1615 1756; x_wconf 84' lang='lat' dir='ltr'><strong>Nam-</strong></span> <span class='ocrx_word' id='word_1_77' title='bbox 1634 1737 1651 1758; x_wconf 90' lang='lat'>2</span> 
     </span>
     <span class='ocr_line' id='line_1_15' title="bbox 159 1785 1613 1847; baseline 0.002 -18"><span class='ocrx_word' id='word_1_78' title='bbox 159 1801 252 1846; x_wconf 90' lang='lat' dir='ltr'><strong>que</strong></span> <span class='ocrx_word' id='word_1_79' title='bbox 275 1785 622 1831; x_wconf 88' lang='lat' dir='ltr'><strong>Archilochum</strong></span> <span class='ocrx_word' id='word_1_80' title='bbox 650 1785 822 1841; x_wconf 82' lang='lat' dir='ltr'><strong>ferunt,</strong></span> <span class='ocrx_word' id='word_1_81' title='bbox 842 1801 982 1847; x_wconf 91' lang='lat' dir='ltr'><strong>quem</strong></span> <span class='ocrx_word' id='word_1_82' title='bbox 1010 1794 1257 1847; x_wconf 88' lang='lat' dir='ltr'><strong>parentem</strong></span> <span class='ocrx_word' id='word_1_83' title='bbox 1285 1785 1393 1830; x_wconf 89' lang='lat' dir='ltr'><strong>artis</strong></span> <span class='ocrx_word' id='word_1_84' title='bbox 1422 1787 1613 1832; x_wconf 80' lang='lat' dir='ltr'><strong>musicae</strong></span> 
     </span>
     <span class='ocr_line' id='line_1_16' title="bbox 150 1860 1615 1925; baseline 0.001 -19"><span class='ocrx_word' id='word_1_85' title='bbox 150 1860 292 1922; x_wconf 87' lang='lat' dir='ltr'><strong>juxta</strong></span> <span class='ocrx_word' id='word_1_86' title='bbox 318 1860 659 1907; x_wconf 85' lang='lat' dir='ltr'><strong>multiformem</strong></span> <span class='ocrx_word' id='word_1_87' title='bbox 689 1869 947 1906; x_wconf 84' lang='lat' dir='ltr'><strong>metrorum</strong></span> <span class='ocrx_word' id='word_1_88' title='bbox 968 1860 1136 1906; x_wconf 90' lang='lat' dir='ltr'><strong>seriem</strong></span> <span class='ocrx_word' id='word_1_89' title='bbox 1160 1860 1487 1923; x_wconf 84' lang='lat' dir='ltr'><strong>diversamque</strong></span> <span class='ocrx_word' id='word_1_90' title='bbox 1507 1879 1615 1925; x_wconf 89' lang='lat' dir='ltr'><strong>pro-</strong></span> 
     </span>
     <span class='ocr_line' id='line_1_17' title="bbox 158 1936 1613 1999; baseline 0.001 -18"><span class='ocrx_word' id='word_1_91' title='bbox 158 1936 345 1998; x_wconf 86' lang='lat' dir='ltr'><strong>geniem</strong></span> <span class='ocrx_word' id='word_1_92' title='bbox 372 1936 528 1982; x_wconf 90' lang='lat' dir='ltr'><strong>omnis</strong></span> <span class='ocrx_word' id='word_1_93' title='bbox 553 1944 664 1981; x_wconf 85' lang='lat' dir='ltr'><strong>aetas</strong></span> <span class='ocrx_word' id='word_1_94' title='bbox 689 1936 831 1991; x_wconf 87' lang='lat' dir='ltr'><strong>canit,</strong></span> <span class='ocrx_word' id='word_1_95' title='bbox 857 1944 1105 1999; x_wconf 89' lang='lat' dir='ltr'><strong>acceptum</strong></span> <span class='ocrx_word' id='word_1_96' title='bbox 1142 1937 1200 1982; x_wconf 90' lang='lat' dir='ltr'><strong>ab</strong></span> <span class='ocrx_word' id='word_1_97' title='bbox 1224 1936 1296 1981; x_wconf 84' lang='lat' dir='ltr'><strong>his</strong></span> <span class='ocrx_word' id='word_1_98' title='bbox 1323 1936 1404 1998; x_wconf 92' lang='lat' dir='ltr'><strong>qui</strong></span> <span class='ocrx_word' id='word_1_99' title='bbox 1431 1945 1538 1984; x_wconf 89' lang='lat' dir='ltr'><strong>ante</strong></span> <span class='ocrx_word' id='word_1_100' title='bbox 1564 1956 1613 1984; x_wconf 89' lang='lat' dir='ltr'><strong>se</strong></span> 
     </span>
     <span class='ocr_line' id='line_1_18' title="bbox 157 2011 1612 2075; baseline 0.001 -18"><span class='ocrx_word' id='word_1_101' title='bbox 157 2011 462 2075; x_wconf 82' lang='lat' dir='ltr'><strong>inspexerant</strong></span> <span class='ocrx_word' id='word_1_102' title='bbox 510 2011 882 2074; x_wconf 79' lang='lat' dir='ltr'><strong>summatimque</strong></span> <span class='ocrx_word' id='word_1_103' title='bbox 926 2020 1263 2057; x_wconf 83' lang='lat' dir='ltr'><strong>rtractaverant</strong></span> <span class='ocrx_word' id='word_1_104' title='bbox 1305 2011 1612 2075; x_wconf 84' lang='lat' dir='ltr'><strong>dactylicum,</strong></span> 
     </span>
     <span class='ocr_line' id='line_1_19' title="bbox 156 2086 1610 2150; baseline 0.001 -18"><span class='ocrx_word' id='word_1_105' title='bbox 156 2087 284 2150; x_wconf 89' lang='lat' dir='ltr'><strong>quod</strong></span> <span class='ocrx_word' id='word_1_106' title='bbox 310 2096 380 2133; x_wconf 88' lang='lat' dir='ltr'><strong>est</strong></span> <span class='ocrx_word' id='word_1_107' title='bbox 398 2087 614 2133; x_wconf 86' lang='lat' dir='ltr'><strong>omnium</strong></span> <span class='ocrx_word' id='word_1_108' title='bbox 638 2096 782 2150; x_wconf 87' lang='lat' dir='ltr'><strong>caput</strong></span> <span class='ocrx_word' id='word_1_109' title='bbox 801 2105 853 2134; x_wconf 88' lang='lat' dir='ltr'><strong>ac</strong></span> <span class='ocrx_word' id='word_1_110' title='bbox 872 2086 1176 2150; x_wconf 86' lang='lat' dir='ltr'><strong>principium,</strong></span> <span class='ocrx_word' id='word_1_111' title='bbox 1194 2105 1279 2150; x_wconf 87' lang='lat' dir='ltr'><strong>per</strong></span> <span class='ocrx_word' id='word_1_112' title='bbox 1297 2086 1610 2148; x_wconf 82' lang='lat' dir='ltr'><strong>Sadjectiones</strong></span> 
     </span>
     <span class='ocr_line' id='line_1_20' title="bbox 156 2162 1647 2225; baseline 0 -16"><span class='ocrx_word' id='word_1_113' title='bbox 156 2163 562 2224; x_wconf 85' lang='lat' dir='ltr'><strong>detractionesque</strong></span> <span class='ocrx_word' id='word_1_114' title='bbox 602 2163 810 2209; x_wconf 88' lang='lat' dir='ltr'><strong>vertisse.</strong></span> <span class='ocrx_word' id='word_1_115' title='bbox 877 2163 922 2208; x_wconf 93' lang='lat' dir='ltr'>E</span> <span class='ocrx_word' id='word_1_116' title='bbox 961 2180 1056 2224; x_wconf 90' lang='lat' dir='ltr'><strong>quo</strong></span> <span class='ocrx_word' id='word_1_117' title='bbox 1097 2162 1304 2225; x_wconf 88' lang='lat' dir='ltr'><strong>primum</strong></span> <span class='ocrx_word' id='word_1_118' title='bbox 1349 2163 1606 2209; x_wconf 89' lang='lat' dir='ltr'><strong>iambicum</strong></span> <span class='ocrx_word' id='word_1_119' title='bbox 1629 2187 1647 2215; x_wconf 76' lang='lat'>3</span> 
     </span>
     <span class='ocr_line' id='line_1_21' title="bbox 155 2237 1611 2301; baseline 0.001 -16"><span class='ocrx_word' id='word_1_120' title='bbox 155 2248 360 2285; x_wconf 89' lang='lat' dir='ltr'><strong>metrum</strong></span> <span class='ocrx_word' id='word_1_121' title='bbox 406 2256 488 2301; x_wconf 87' lang='lat' dir='ltr'><strong>per</strong></span> <span class='ocrx_word' id='word_1_122' title='bbox 527 2237 865 2284; x_wconf 87' lang='lat' dir='ltr'><strong>detractionem</strong></span> <span class='ocrx_word' id='word_1_123' title='bbox 913 2238 1050 2284; x_wconf 85' lang='lat' dir='ltr'><strong>unius</strong></span> <span class='ocrx_word' id='word_1_124' title='bbox 1099 2238 1327 2300; x_wconf 87' lang='lat' dir='ltr'><strong>temporis</strong></span> <span class='ocrx_word' id='word_1_125' title='bbox 1374 2238 1611 2296; x_wconf 89' lang='lat' dir='ltr'><strong>formavit,</strong></span> 
     </span>
     <span class='ocr_line' id='line_1_22' title="bbox 155 2313 1610 2378; baseline -0.001 -18"><span class='ocrx_word' id='word_1_126' title='bbox 155 2314 349 2377; x_wconf 86' lang='lat' dir='ltr'><strong>adaeque</strong></span> <span class='ocrx_word' id='word_1_127' title='bbox 393 2314 739 2372; x_wconf 83' lang='lat' dir='ltr'><strong>hexametrum,</strong></span> <span class='ocrx_word' id='word_1_128' title='bbox 772 2315 852 2377; x_wconf 87' lang='lat' dir='ltr'><strong>qui</strong></span> <span class='ocrx_word' id='word_1_129' title='bbox 890 2332 973 2378; x_wconf 86' lang='lat' dir='ltr'><strong>per</strong></span> <span class='ocrx_word' id='word_1_130' title='bbox 1007 2313 1223 2377; x_wconf 87' lang='lat' dir='ltr'><strong>dipodias</strong></span> <span class='ocrx_word' id='word_1_131' title='bbox 1265 2313 1477 2360; x_wconf 85' lang='lat' dir='ltr'><strong>trimeter</strong></span> <span class='ocrx_word' id='word_1_132' title='bbox 1512 2314 1610 2360; x_wconf 88' lang='lat' dir='ltr'><strong>effi-</strong></span> 
     </span>
     <span class='ocr_line' id='line_1_23' title="bbox 154 2390 1607 2447; baseline -0.001 -10"><span class='ocrx_word' id='word_1_133' title='bbox 154 2392 291 2447; x_wconf 83' lang='lat' dir='ltr'><strong>citur,</strong></span> <span class='ocrx_word' id='word_1_134' title='bbox 316 2391 489 2437; x_wconf 86' lang='lat' dir='ltr'><strong>dehinc</strong></span> <span class='ocrx_word' id='word_1_135' title='bbox 515 2392 573 2436; x_wconf 86' lang='lat' dir='ltr'><strong>ab</strong></span> <span class='ocrx_word' id='word_1_136' title='bbox 608 2391 679 2437; x_wconf 88' lang='lat' dir='ltr'><strong>his</strong></span> <span class='ocrx_word' id='word_1_137' title='bbox 714 2391 898 2438; x_wconf 86' lang='lat' dir='ltr'><strong>duobus</strong></span> <span class='ocrx_word' id='word_1_138' title='bbox 929 2408 1122 2437; x_wconf 79' lang='lat' dir='ltr'><strong>exorsus</strong></span> <span class='ocrx_word' id='word_1_139' title='bbox 1160 2390 1311 2436; x_wconf 89' lang='lat' dir='ltr'><strong>multa</strong></span> <span class='ocrx_word' id='word_1_140' title='bbox 1347 2399 1607 2437; x_wconf 89' lang='lat' dir='ltr'><strong>metrorum</strong></span> 
     </span>
     <span class='ocr_line' id='line_1_24' title="bbox 154 2466 1608 2530; baseline 0 -17"><span class='ocrx_word' id='word_1_141' title='bbox 154 2485 325 2530; x_wconf 85' lang='lat' dir='ltr'><strong>genera</strong></span> <span class='ocrx_word' id='word_1_142' title='bbox 348 2467 570 2529; x_wconf 87' lang='lat' dir='ltr'><strong>variaque</strong></span> <span class='ocrx_word' id='word_1_143' title='bbox 594 2466 853 2530; x_wconf 55' lang='lat' dir='ltr'><strong>‘produxit</strong></span> <span class='ocrx_word' id='word_1_144' title='bbox 923 2467 1148 2530; x_wconf 84' lang='lat' dir='ltr'><strong>Namque</strong></span> <span class='ocrx_word' id='word_1_145' title='bbox 1181 2468 1240 2513; x_wconf 91' lang='lat' dir='ltr'><strong>ab</strong></span> <span class='ocrx_word' id='word_1_146' title='bbox 1273 2467 1479 2513; x_wconf 90' lang='lat' dir='ltr'><strong>iambico</strong></span> <span class='ocrx_word' id='word_1_147' title='bbox 1514 2475 1608 2513; x_wconf 87' lang='lat' dir='ltr'><strong>tro-</strong></span> 
     </span>
     <span class='ocr_line' id='line_1_25' title="bbox 154 2542 1609 2606; baseline -0.001 -17"><span class='ocrx_word' id='word_1_148' title='bbox 154 2543 390 2600; x_wconf 87' lang='lat' dir='ltr'><strong>chaicum,</strong></span> <span class='ocrx_word' id='word_1_149' title='bbox 407 2561 432 2589; x_wconf 90' lang='lat' dir='ltr'><strong>a</strong></span> <span class='ocrx_word' id='word_1_150' title='bbox 456 2542 693 2605; x_wconf 86' lang='lat' dir='ltr'><strong>dactylico</strong></span> <span class='ocrx_word' id='word_1_151' title='bbox 718 2542 1055 2605; x_wconf 83' lang='lat' dir='ltr'><strong>anapaesticum</strong></span> <span class='ocrx_word' id='word_1_152' title='bbox 1076 2542 1298 2605; x_wconf 84' lang='lat' dir='ltr'><strong>prodidit,</strong></span> <span class='ocrx_word' id='word_1_153' title='bbox 1317 2550 1502 2589; x_wconf 88' lang='lat' dir='ltr'><strong>mutata</strong></span> <span class='ocrx_word' id='word_1_154' title='bbox 1525 2560 1609 2606; x_wconf 91' lang='lat' dir='ltr'><strong>per</strong></span> 
     </span>
     <span class='ocr_line' id='line_1_26' title="bbox 153 2618 1645 2682; baseline -0.001 -17"><span class='ocrx_word' id='word_1_155' title='bbox 153 2619 527 2676; x_wconf 86' lang='lat' dir='ltr'><strong>translationem,</strong></span> <span class='ocrx_word' id='word_1_156' title='bbox 545 2628 595 2665; x_wconf 87' lang='lat' dir='ltr'><strong>ut</strong></span> <span class='ocrx_word' id='word_1_157' title='bbox 613 2619 660 2664; x_wconf 88' lang='lat' dir='ltr'><strong>in</strong></span> <span class='ocrx_word' id='word_1_158' title='bbox 682 2627 900 2681; x_wconf 83' lang='lat' dir='ltr'><strong>utroque,</strong></span> <span class='ocrx_word' id='word_1_159' title='bbox 922 2618 1064 2681; x_wconf 85' lang='lat' dir='ltr'><strong>longa</strong></span> <span class='ocrx_word' id='word_1_160' title='bbox 1085 2619 1281 2681; x_wconf 84' lang='lat' dir='ltr'><strong>syllaba.</strong></span> <span class='ocrx_word' id='word_1_161' title='bbox 1321 2618 1505 2664; x_wconf 87' lang='lat' dir='ltr'><strong>Rursus</strong></span> <span class='ocrx_word' id='word_1_162' title='bbox 1526 2636 1607 2682; x_wconf 85' lang='lat' dir='ltr'><strong>per</strong></span> <span class='ocrx_word' id='word_1_163' title='bbox 1626 2646 1645 2672; x_wconf 84' lang='lat'>4</span> 
     </span>
    </p>
   </div>
   <div class='ocr_carea' id='block_1_7' title="bbox 153 2759 1603 2916">
    <p class='ocr_par' dir='ltr' id='par_1_7' title="bbox 153 2759 1603 2916">
     <span class='ocr_line' id='line_1_27' title="bbox 207 2759 1603 2809; baseline -0.001 -13"><span class='ocrx_word' id='word_1_164' title='bbox 207 2770 226 2787; x_wconf 88' lang='lat'>0</span> <span class='ocrx_word' id='word_1_165' title='bbox 246 2761 344 2809; x_wconf 82' lang='lat' dir='ltr'><strong>quae]</strong></span> <span class='ocrx_word' id='word_1_166' title='bbox 368 2759 430 2809; x_wconf 89' lang='lat' dir='ltr'><strong>qui</strong></span> <span class='ocrx_word' id='word_1_167' title='bbox 450 2761 491 2797; x_wconf 95' lang='lat' dir='ltr'><strong>P.</strong></span> <span class='ocrx_word' id='word_1_168' title='bbox 621 2767 640 2794; x_wconf 83' lang='lat' dir='ltr'>P</span> <span class='ocrx_word' id='word_1_169' title='bbox 661 2759 890 2806; x_wconf 83' lang='lat' dir='ltr'><strong>derivantur]</strong></span> <span class='ocrx_word' id='word_1_170' title='bbox 914 2759 1081 2795; x_wconf 86' lang='lat' dir='ltr'><strong>derivant</strong></span> <span class='ocrx_word' id='word_1_171' title='bbox 1100 2760 1141 2796; x_wconf 87' lang='lat' dir='ltr'><strong>P.</strong></span> <span class='ocrx_word' id='word_1_172' title='bbox 1270 2767 1290 2794; x_wconf 91' lang='lat' dir='ltr'><strong>q</strong></span> <span class='ocrx_word' id='word_1_173' title='bbox 1310 2760 1603 2808; x_wconf 85' lang='lat' dir='ltr'><strong>permutatione]</strong></span> 
     </span>
     <span class='ocr_line' id='line_1_28' title="bbox 153 2811 1600 2863; baseline -0.001 -14"><span class='ocrx_word' id='word_1_174' title='bbox 153 2812 401 2863; x_wconf 83' lang='lat' dir='ltr'><strong>permixtione</strong></span> <span class='ocrx_word' id='word_1_175' title='bbox 421 2814 459 2849; x_wconf 95' lang='lat' dir='ltr'><strong>P.</strong></span> <span class='ocrx_word' id='word_1_176' title='bbox 572 2821 587 2840; x_wconf 88' lang='lat'><strong>1·</strong></span> <span class='ocrx_word' id='word_1_177' title='bbox 606 2813 873 2859; x_wconf 86' lang='lat' dir='ltr'><strong>tractaverant]</strong></span> <span class='ocrx_word' id='word_1_178' title='bbox 899 2819 1148 2848; x_wconf 84' lang='lat' dir='ltr'><strong>tractaverunt</strong></span> <span class='ocrx_word' id='word_1_179' title='bbox 1167 2812 1207 2848; x_wconf 90' lang='lat' dir='ltr'><strong>P.</strong></span> <span class='ocrx_word' id='word_1_180' title='bbox 1321 2819 1335 2838; x_wconf 82' lang='lat'><strong>⁵</strong></span> <span class='ocrx_word' id='word_1_181' title='bbox 1355 2811 1600 2861; x_wconf 86' lang='lat' dir='ltr'><strong>abjectiones]</strong></span> 
     </span>
     <span class='ocr_line' id='line_1_29' title="bbox 153 2863 1603 2916; baseline -0.001 -15"><span class='ocrx_word' id='word_1_182' title='bbox 153 2866 382 2916; x_wconf 84' lang='lat' dir='ltr'><strong>adjectiones</strong></span> <span class='ocrx_word' id='word_1_183' title='bbox 405 2867 444 2902; x_wconf 91' lang='lat' dir='ltr'><strong>P.</strong></span> <span class='ocrx_word' id='word_1_184' title='bbox 466 2874 504 2903; x_wconf 90' lang='lat' dir='ltr'><strong>et</strong></span> <span class='ocrx_word' id='word_1_185' title='bbox 523 2865 575 2902; x_wconf 89' lang='lat' dir='ltr'><strong>sic</strong></span> <span class='ocrx_word' id='word_1_186' title='bbox 595 2869 693 2915; x_wconf 86' lang='lat' dir='ltr'><strong>conj.</strong></span> <span class='ocrx_word' id='word_1_187' title='bbox 716 2864 987 2902; x_wconf 81' lang='lat' dir='ltr'><strong>commelinus.</strong></span> <span class='ocrx_word' id='word_1_188' title='bbox 1170 2864 1184 2890; x_wconf 64' lang='grc' dir='ltr'><strong>ἴ</strong></span> <span class='ocrx_word' id='word_1_189' title='bbox 1204 2864 1394 2913; x_wconf 84' lang='lat' dir='ltr'><strong>produxit]</strong></span> <span class='ocrx_word' id='word_1_190' title='bbox 1418 2863 1603 2913; x_wconf 86' lang='lat' dir='ltr'><strong>produxit.</strong></span> 
     </span>
    </p>
   </div>
   <div class='ocr_carea' id='block_1_8' title="bbox 152 2916 1585 3025">
    <p class='ocr_par' dir='ltr' id='par_1_8' title="bbox 152 2916 1585 3025">
     <span class='ocr_line' id='line_1_30' title="bbox 152 2916 1585 2968; baseline -0.002 -13"><span class='ocrx_word' id='word_1_191' title='bbox 152 2919 327 2968; x_wconf 83' lang='lat' dir='ltr'><strong>Namque</strong></span> <span class='ocrx_word' id='word_1_192' title='bbox 347 2920 393 2956; x_wconf 85' lang='lat' dir='ltr'><strong>ab</strong></span> <span class='ocrx_word' id='word_1_193' title='bbox 413 2918 571 2956; x_wconf 87' lang='lat' dir='ltr'><strong>iambico</strong></span> <span class='ocrx_word' id='word_1_194' title='bbox 591 2918 835 2962; x_wconf 81' lang='lat' dir='ltr'><strong>trochaicum,</strong></span> <span class='ocrx_word' id='word_1_195' title='bbox 857 2931 878 2954; x_wconf 88' lang='lat' dir='ltr'><strong>a</strong></span> <span class='ocrx_word' id='word_1_196' title='bbox 898 2917 1069 2954; x_wconf 87' lang='lat' dir='ltr'><strong>dactilico</strong></span> <span class='ocrx_word' id='word_1_197' title='bbox 1090 2916 1342 2967; x_wconf 85' lang='lat' dir='ltr'><strong>anapesticum</strong></span> <span class='ocrx_word' id='word_1_198' title='bbox 1364 2916 1526 2966; x_wconf 85' lang='lat' dir='ltr'><strong>prodidit</strong></span> <span class='ocrx_word' id='word_1_199' title='bbox 1545 2917 1585 2953; x_wconf 89' lang='grc' dir='ltr'><strong>Ρ.</strong></span> 
     </span>
     <span class='ocr_line' id='line_1_31' title="bbox 836 2996 913 3025; baseline 0 0"><span class='ocrx_word' id='word_1_200' title='bbox 836 2996 862 3025; x_wconf 91' lang='lat' dir='ltr'>C</span> <span class='ocrx_word' id='word_1_201' title='bbox 889 2998 913 3025; x_wconf 94' lang='lat' dir='ltr'>C</span> 
     </span>
    </p>
   </div>
  </div>
 </body>
</html>
