<?xml version="1.0" encoding="UTF-8"?>
<!DOCTYPE html PUBLIC "-//W3C//DTD XHTML 1.0 Transitional//EN"
    "http://www.w3.org/TR/xhtml1/DTD/xhtml1-transitional.dtd">
<html xmlns="http://www.w3.org/1999/xhtml" xml:lang="en" lang="en">
 <head>
  <title>
</title>
<meta http-equiv="Content-Type" content="text/html;charset=utf-8" />
  <meta name='ocr-system' content='tesseract 3.04.00' />
  <meta name='ocr-capabilities' content='ocr_page ocr_carea ocr_par ocr_line ocrx_word'/>
</head>
<body>
  <div class='ocr_page' id='page_1' title='image "./scriptoreslatini00gaisuoft/scriptoreslatini00gaisuoft_0258.png"; bbox 0 0 1962 3355; ppageno 0'>
   <div class='ocr_carea' id='block_1_1' title="bbox 323 217 1773 264">
    <p class='ocr_par' dir='ltr' id='par_1_1' title="bbox 323 217 1773 264">
     <span class='ocr_line' id='line_1_1' title="bbox 323 217 1773 264; baseline 0 0"><span class='ocrx_word' id='word_1_1' title='bbox 323 228 418 264; x_wconf 81' lang='lat'>240</span> <span class='ocrx_word' id='word_1_2' title='bbox 831 217 987 264; x_wconf 80' lang='lat' dir='ltr'>Marii</span> <span class='ocrx_word' id='word_1_3' title='bbox 1016 217 1254 264; x_wconf 77' lang='lat' dir='ltr'><em>Victorini</em></span> <span class='ocrx_word' id='word_1_4' title='bbox 1587 233 1685 263; x_wconf 76' lang='lat' dir='ltr'>Lm.</span> <span class='ocrx_word' id='word_1_5' title='bbox 1706 233 1773 264; x_wconf 88' lang='lat' dir='ltr'>1v.</span> 
     </span>
    </p>
   </div>
   <div class='ocr_carea' id='block_1_2' title="bbox 319 338 1776 1310">
    <p class='ocr_par' dir='ltr' id='par_1_2' title="bbox 319 338 1776 1310">
     <span class='ocr_line' id='line_1_2' title="bbox 322 338 1775 398; baseline -0.001 -14"><span class='ocrx_word' id='word_1_6' title='bbox 322 338 471 385; x_wconf 82' lang='lat' dir='ltr'>ausim</span> <span class='ocrx_word' id='word_1_7' title='bbox 509 338 678 395; x_wconf 82' lang='lat' dir='ltr'>dicere,</span> <span class='ocrx_word' id='word_1_8' title='bbox 703 338 751 384; x_wconf 92' lang='lat' dir='ltr'>id</span> <span class='ocrx_word' id='word_1_9' title='bbox 786 356 870 384; x_wconf 90' lang='lat' dir='ltr'>nos</span> <span class='ocrx_word' id='word_1_10' title='bbox 908 339 980 384; x_wconf 91' lang='lat' dir='ltr'>his</span> <span class='ocrx_word' id='word_1_11' title='bbox 1005 338 1329 384; x_wconf 87' lang='lat' dir='ltr'>voluminibus</span> <span class='ocrx_word' id='word_1_12' title='bbox 1354 344 1577 398; x_wconf 84' lang='lat' dir='ltr'>quattuor</span> <span class='ocrx_word' id='word_1_13' title='bbox 1611 355 1775 383; x_wconf 90' lang='lat' dir='ltr'>conse-</span> 
     </span>
     <span class='ocr_line' id='line_1_3' title="bbox 321 412 1770 476; baseline -0.001 -15"><span class='ocrx_word' id='word_1_14' title='bbox 321 423 469 468; x_wconf 89' lang='lat' dir='ltr'>cutos,</span> <span class='ocrx_word' id='word_1_15' title='bbox 494 424 548 460; x_wconf 92' lang='lat' dir='ltr'>ut</span> <span class='ocrx_word' id='word_1_16' title='bbox 572 414 609 460; x_wconf 90' lang='lat' dir='ltr'>si</span> <span class='ocrx_word' id='word_1_17' title='bbox 634 431 810 461; x_wconf 89' lang='lat' dir='ltr'>novum</span> <span class='ocrx_word' id='word_1_18' title='bbox 839 423 980 476; x_wconf 84' lang='lat' dir='ltr'>atque</span> <span class='ocrx_word' id='word_1_19' title='bbox 1017 413 1310 476; x_wconf 84' lang='lat' dir='ltr'>incognitum</span> <span class='ocrx_word' id='word_1_20' title='bbox 1340 412 1529 458; x_wconf 87' lang='lat' dir='ltr'>auribus</span> <span class='ocrx_word' id='word_1_21' title='bbox 1565 422 1770 459; x_wconf 88' lang='lat' dir='ltr'>metrum</span> 
     </span>
     <span class='ocr_line' id='line_1_4' title="bbox 322 487 1775 552; baseline -0.001 -16"><span class='ocrx_word' id='word_1_22' title='bbox 322 498 648 536; x_wconf 86' lang='lat' dir='ltr'>commentum</span> <span class='ocrx_word' id='word_1_23' title='bbox 676 507 724 535; x_wconf 92' lang='lat' dir='ltr'>se</span> <span class='ocrx_word' id='word_1_24' title='bbox 748 489 982 552; x_wconf 79' lang='lat' dir='ltr'>quispiam</span> <span class='ocrx_word' id='word_1_25' title='bbox 1010 488 1212 540; x_wconf 79' lang='lat' dir='ltr'>duxerit,</span> <span class='ocrx_word' id='word_1_26' title='bbox 1237 487 1419 533; x_wconf 84' lang='lat' dir='ltr'>inficias</span> <span class='ocrx_word' id='word_1_27' title='bbox 1449 488 1513 533; x_wconf 89' lang='lat' dir='ltr'>ire</span> <span class='ocrx_word' id='word_1_28' title='bbox 1550 506 1643 534; x_wconf 91' lang='lat' dir='ltr'>non</span> <span class='ocrx_word' id='word_1_29' title='bbox 1668 507 1775 552; x_wconf 89' lang='lat' dir='ltr'>pos-</span> 
     </span>
     <span class='ocr_line' id='line_1_5' title="bbox 322 564 1774 626; baseline -0.001 -15"><span class='ocrx_word' id='word_1_30' title='bbox 322 565 381 611; x_wconf 88' lang='lat' dir='ltr'>sit</span> <span class='ocrx_word' id='word_1_31' title='bbox 407 565 463 611; x_wconf 84' lang='lat' dir='ltr'>ad</span> <span class='ocrx_word' id='word_1_32' title='bbox 501 565 603 611; x_wconf 85' lang='lat' dir='ltr'>haec</span> <span class='ocrx_word' id='word_1_33' title='bbox 632 565 760 611; x_wconf 90' lang='lat' dir='ltr'>velut</span> <span class='ocrx_word' id='word_1_34' title='bbox 795 565 1009 610; x_wconf 89' lang='lat' dir='ltr'>omnium</span> <span class='ocrx_word' id='word_1_35' title='bbox 1043 572 1296 626; x_wconf 83' lang='lat' dir='ltr'>Zgenerum</span> <span class='ocrx_word' id='word_1_36' title='bbox 1333 564 1528 620; x_wconf 87' lang='lat' dir='ltr'>semina,</span> <span class='ocrx_word' id='word_1_37' title='bbox 1563 582 1669 626; x_wconf 85' lang='lat' dir='ltr'>quae</span> <span class='ocrx_word' id='word_1_38' title='bbox 1705 565 1774 610; x_wconf 90' lang='lat' dir='ltr'>in-</span> 
     </span>
     <span class='ocr_line' id='line_1_6' title="bbox 321 638 1775 703; baseline -0.001 -17"><span class='ocrx_word' id='word_1_39' title='bbox 321 640 548 703; x_wconf 83' lang='lat' dir='ltr'>vestigata</span> <span class='ocrx_word' id='word_1_40' title='bbox 585 658 611 686; x_wconf 88' lang='lat' dir='ltr'>a</span> <span class='ocrx_word' id='word_1_41' title='bbox 647 640 780 685; x_wconf 91' lang='lat' dir='ltr'>nobis</span> <span class='ocrx_word' id='word_1_42' title='bbox 817 649 863 684; x_wconf 90' lang='lat' dir='ltr'>et</span> <span class='ocrx_word' id='word_1_43' title='bbox 895 638 1006 684; x_wconf 91' lang='lat' dir='ltr'>huic</span> <span class='ocrx_word' id='word_1_44' title='bbox 1042 639 1384 684; x_wconf 83' lang='lat' dir='ltr'>commentario</span> <span class='ocrx_word' id='word_1_45' title='bbox 1409 639 1579 685; x_wconf 84' lang='lat' dir='ltr'>tradita</span> <span class='ocrx_word' id='word_1_46' title='bbox 1604 640 1775 702; x_wconf 89' lang='lat' dir='ltr'>reperi-</span> 
     </span>
     <span class='ocr_line' id='line_1_7' title="bbox 321 713 1774 775; baseline -0.001 -13"><span class='ocrx_word' id='word_1_47' title='bbox 321 726 479 773; x_wconf 90' lang='lat' dir='ltr'>untur,</span> <span class='ocrx_word' id='word_1_48' title='bbox 505 716 765 761; x_wconf 85' lang='lat' dir='ltr'>necessario</span> <span class='ocrx_word' id='word_1_49' title='bbox 790 715 964 768; x_wconf 87' lang='lat' dir='ltr'>referri,</span> <span class='ocrx_word' id='word_1_50' title='bbox 989 715 1047 758; x_wconf 82' lang='lat' dir='ltr'>ab</span> <span class='ocrx_word' id='word_1_51' title='bbox 1079 713 1361 775; x_wconf 74' lang='lat' dir='ltr'>iisdemque,</span> <span class='ocrx_word' id='word_1_52' title='bbox 1395 723 1445 760; x_wconf 90' lang='lat' dir='ltr'>ut</span> <span class='ocrx_word' id='word_1_53' title='bbox 1469 715 1531 760; x_wconf 80' lang='lat' dir='ltr'>ita</span> <span class='ocrx_word' id='word_1_54' title='bbox 1556 715 1774 772; x_wconf 75' lang='lat' dir='ltr'>dixerim,</span> 
     </span>
     <span class='ocr_line' id='line_1_8' title="bbox 320 788 1772 853; baseline 0 -17"><span class='ocrx_word' id='word_1_55' title='bbox 320 791 528 837; x_wconf 89' lang='lat' dir='ltr'>fontibus</span> <span class='ocrx_word' id='word_1_56' title='bbox 564 790 875 853; x_wconf 79' lang='lat' dir='ltr'>proculdubio</span> <span class='ocrx_word' id='word_1_57' title='bbox 906 788 1118 845; x_wconf 84' lang='lat' dir='ltr'>derivari,</span> <span class='ocrx_word' id='word_1_58' title='bbox 1143 797 1369 851; x_wconf 68' lang='lat' dir='ltr'>praeterea</span> <span class='ocrx_word' id='word_1_59' title='bbox 1394 798 1655 852; x_wconf 88' lang='lat' dir='ltr'>utcumque</span> <span class='ocrx_word' id='word_1_60' title='bbox 1685 792 1772 836; x_wconf 90' lang='lat' dir='ltr'>sub</span> 
     </span>
     <span class='ocr_line' id='line_1_9' title="bbox 320 864 1772 930; baseline 0 -18"><span class='ocrx_word' id='word_1_61' title='bbox 320 867 496 912; x_wconf 88' lang='lat' dir='ltr'>incerta</span> <span class='ocrx_word' id='word_1_62' title='bbox 521 875 662 927; x_wconf 85' lang='lat' dir='ltr'>atque</span> <span class='ocrx_word' id='word_1_63' title='bbox 687 866 911 928; x_wconf 84' lang='lat' dir='ltr'>ambigua</span> <span class='ocrx_word' id='word_1_64' title='bbox 937 864 1092 927; x_wconf 89' lang='lat' dir='ltr'>specie</span> <span class='ocrx_word' id='word_1_65' title='bbox 1130 874 1261 910; x_wconf 83' lang='lat' dir='ltr'>aastu</span> <span class='ocrx_word' id='word_1_66' title='bbox 1291 866 1605 928; x_wconf 89' lang='lat' dir='ltr'>proferuntur,</span> <span class='ocrx_word' id='word_1_67' title='bbox 1630 867 1772 930; x_wconf 85' lang='lat' dir='ltr'>proti-</span> 
     </span>
     <span class='ocr_line' id='line_1_10' title="bbox 319 940 1773 1006; baseline 0.001 -19"><span class='ocrx_word' id='word_1_68' title='bbox 319 960 407 988; x_wconf 92' lang='lat' dir='ltr'>nus</span> <span class='ocrx_word' id='word_1_69' title='bbox 434 942 762 1004; x_wconf 84' lang='lat' dir='ltr'>intellegamus</span> <span class='ocrx_word' id='word_1_70' title='bbox 789 940 913 1003; x_wconf 83' lang='lat' dir='ltr'>bqua</span> <span class='ocrx_word' id='word_1_71' title='bbox 938 951 1193 986; x_wconf 77' lang='lat' dir='ltr'>metrorum</span> <span class='ocrx_word' id='word_1_72' title='bbox 1222 941 1402 1005; x_wconf 81' lang='lat' dir='ltr'>origine</span> <span class='ocrx_word' id='word_1_73' title='bbox 1427 953 1684 1006; x_wconf 83' lang='lat' dir='ltr'>procreata,</span> <span class='ocrx_word' id='word_1_74' title='bbox 1702 944 1773 988; x_wconf 88' lang='lat' dir='ltr'>vel</span> 
     </span>
     <span class='ocr_line' id='line_1_11' title="bbox 319 1016 1774 1081; baseline 0.001 -17"><span class='ocrx_word' id='word_1_75' title='bbox 319 1036 412 1081; x_wconf 84' lang='lat' dir='ltr'>qua</span> <span class='ocrx_word' id='word_1_76' title='bbox 447 1018 541 1064; x_wconf 91' lang='lat' dir='ltr'>sint</span> <span class='ocrx_word' id='word_1_77' title='bbox 571 1018 752 1064; x_wconf 81' lang='lat' dir='ltr'>ratione</span> <span class='ocrx_word' id='word_1_78' title='bbox 792 1016 1002 1062; x_wconf 81' lang='lat' dir='ltr'>studiosa</span> <span class='ocrx_word' id='word_1_79' title='bbox 1035 1016 1298 1079; x_wconf 82' lang='lat' dir='ltr'>conposita,</span> <span class='ocrx_word' id='word_1_80' title='bbox 1334 1036 1429 1081; x_wconf 91' lang='lat' dir='ltr'>quo</span> <span class='ocrx_word' id='word_1_81' title='bbox 1465 1019 1605 1065; x_wconf 89' lang='lat' dir='ltr'>simul</span> <span class='ocrx_word' id='word_1_82' title='bbox 1642 1028 1689 1065; x_wconf 87' lang='lat' dir='ltr'>et</span> <span class='ocrx_word' id='word_1_83' title='bbox 1720 1037 1774 1064; x_wconf 86' lang='lat' dir='ltr'>ea</span> 
     </span>
     <span class='ocr_line' id='line_1_12' title="bbox 320 1093 1776 1158; baseline 0.001 -18"><span class='ocrx_word' id='word_1_84' title='bbox 320 1111 426 1156; x_wconf 84' lang='lat' dir='ltr'>quae</span> <span class='ocrx_word' id='word_1_85' title='bbox 459 1094 630 1139; x_wconf 82' lang='lat' dir='ltr'>fallunt</span> <span class='ocrx_word' id='word_1_86' title='bbox 659 1094 924 1138; x_wconf 83' lang='lat' dir='ltr'>inconnexa</span> <span class='ocrx_word' id='word_1_87' title='bbox 948 1093 1070 1138; x_wconf 90' lang='lat' dir='ltr'>inter</span> <span class='ocrx_word' id='word_1_88' title='bbox 1095 1111 1142 1138; x_wconf 88' lang='lat' dir='ltr'>se</span> <span class='ocrx_word' id='word_1_89' title='bbox 1177 1103 1340 1151; x_wconf 84' lang='lat' dir='ltr'>metra,</span> <span class='ocrx_word' id='word_1_90' title='bbox 1367 1095 1591 1158; x_wconf 82' lang='lat' dir='ltr'>magistra</span> <span class='ocrx_word' id='word_1_91' title='bbox 1614 1095 1776 1142; x_wconf 87' lang='lat' dir='ltr'>lectio-</span> 
     </span>
     <span class='ocr_line' id='line_1_13' title="bbox 319 1169 1774 1232; baseline 0.001 -17"><span class='ocrx_word' id='word_1_92' title='bbox 319 1170 390 1215; x_wconf 88' lang='lat' dir='ltr'>nis</span> <span class='ocrx_word' id='word_1_93' title='bbox 416 1169 726 1216; x_wconf 86' lang='lat' dir='ltr'>instructione</span> <span class='ocrx_word' id='word_1_94' title='bbox 751 1186 1017 1226; x_wconf 76' lang='lat' dir='ltr'>noscamUS,</span> <span class='ocrx_word' id='word_1_95' title='bbox 1043 1178 1089 1215; x_wconf 85' lang='lat' dir='ltr'>et</span> <span class='ocrx_word' id='word_1_96' title='bbox 1113 1169 1201 1232; x_wconf 90' lang='lat' dir='ltr'>ipsi</span> <span class='ocrx_word' id='word_1_97' title='bbox 1228 1187 1286 1216; x_wconf 85' lang='lat' dir='ltr'>ex</span> <span class='ocrx_word' id='word_1_98' title='bbox 1312 1171 1446 1216; x_wconf 91' lang='lat' dir='ltr'>nobis</span> <span class='ocrx_word' id='word_1_99' title='bbox 1481 1189 1616 1225; x_wconf 81' lang='lat' dir='ltr'>nova,</span> <span class='ocrx_word' id='word_1_100' title='bbox 1642 1172 1774 1217; x_wconf 90' lang='lat' dir='ltr'>insti-</span> 
     </span>
     <span class='ocr_line' id='line_1_14' title="bbox 320 1245 1580 1310; baseline 0.001 -18"><span class='ocrx_word' id='word_1_101' title='bbox 320 1256 461 1309; x_wconf 81' lang='lat' dir='ltr'>gante</span> <span class='ocrx_word' id='word_1_102' title='bbox 484 1247 646 1310; x_wconf 83' lang='lat' dir='ltr'>gloria,</span> <span class='ocrx_word' id='word_1_103' title='bbox 670 1246 968 1293; x_wconf 87' lang='lat' dir='ltr'>comminisci</span> <span class='ocrx_word' id='word_1_104' title='bbox 994 1264 1048 1292; x_wconf 88' lang='lat' dir='ltr'>ac</span> <span class='ocrx_word' id='word_1_105' title='bbox 1072 1245 1277 1308; x_wconf 86' lang='lat' dir='ltr'>proferre</span> <span class='ocrx_word' id='word_1_106' title='bbox 1302 1254 1319 1275; x_wconf 80' lang='lat'><strong>⁰</strong></span> <span class='ocrx_word' id='word_1_107' title='bbox 1329 1247 1580 1309; x_wconf 80' lang='lat' dir='ltr'>possimus,</span> 
     </span>
    </p>
   </div>
   <div class='ocr_carea' id='block_1_3' title="bbox 850 1365 1153 1384">
    <p class='ocr_par' dir='ltr' id='par_1_3' title="bbox 850 1365 1153 1384">
     <span class='ocr_line' id='line_1_15' title="bbox 850 1365 1153 1384; baseline 0 1971"><span class='ocrx_word' id='word_1_108' title='bbox 850 1365 1153 1384; x_wconf 95' lang='lat' dir='ltr'> </span> 
     </span>
    </p>
   </div>
   <div class='ocr_carea' id='block_1_4' title="bbox 490 1444 1611 1596">
    <p class='ocr_par' dir='ltr' id='par_1_4' title="bbox 490 1444 1611 1596">
     <span class='ocr_line' id='line_1_16' title="bbox 490 1444 1611 1513; baseline 0 -18"><span class='ocrx_word' id='word_1_109' title='bbox 490 1445 585 1496; x_wconf 69' lang='lat' dir='ltr'>Ea?</span> <span class='ocrx_word' id='word_1_110' title='bbox 609 1445 755 1495; x_wconf 78' lang='lat' dir='ltr'><em>AElz‘o</em></span> <span class='ocrx_word' id='word_1_111' title='bbox 783 1445 943 1495; x_wconf 77' lang='lat' dir='ltr'>Festo</span> <span class='ocrx_word' id='word_1_112' title='bbox 971 1444 1237 1513; x_wconf 71' lang='lat' dir='ltr'>Apthonio</span> <span class='ocrx_word' id='word_1_113' title='bbox 1264 1445 1326 1495; x_wconf 76' lang='lat' dir='ltr'>cle</span> <span class='ocrx_word' id='word_1_114' title='bbox 1352 1444 1611 1495; x_wconf 72' lang='lat' dir='ltr'>carminis</span> 
     </span>
     <span class='ocr_line' id='line_1_17' title="bbox 813 1527 1269 1596; baseline -0.004 -18"><span class='ocrx_word' id='word_1_115' title='bbox 813 1527 1269 1596; x_wconf 71' lang='lat' dir='ltr'>appellationibus.</span> 
     </span>
    </p>
   </div>
   <div class='ocr_carea' id='block_1_5' title="bbox 283 1626 1777 2448">
    <p class='ocr_par' dir='ltr' id='par_1_5' title="bbox 283 1626 1777 2448">
     <span class='ocr_line' id='line_1_18' title="bbox 386 1626 1773 1689; baseline 0.001 -18"><span class='ocrx_word' id='word_1_116' title='bbox 386 1627 486 1682; x_wconf 65' lang='lat'><strong>’9337</strong></span> <span class='ocrx_word' id='word_1_117' title='bbox 511 1635 581 1672; x_wconf 88' lang='lat' dir='ltr'>est</span> <span class='ocrx_word' id='word_1_118' title='bbox 606 1626 856 1672; x_wconf 89' lang='lat' dir='ltr'>dulcedine</span> <span class='ocrx_word' id='word_1_119' title='bbox 876 1626 976 1671; x_wconf 90' lang='lat' dir='ltr'>soni</span> <span class='ocrx_word' id='word_1_120' title='bbox 1002 1627 1197 1671; x_wconf 87' lang='lat' dir='ltr'>verbum</span> <span class='ocrx_word' id='word_1_121' title='bbox 1226 1626 1431 1672; x_wconf 78' lang='lat' dir='ltr'>elexisve</span> <span class='ocrx_word' id='word_1_122' title='bbox 1455 1626 1773 1689; x_wconf 81' lang='lat' dir='ltr'>pronuntiata.</span> 
     </span>
     <span class='ocr_line' id='line_1_19' title="bbox 319 1701 1775 1764; baseline 0 -16"><span class='ocrx_word' id='word_1_123' title='bbox 319 1703 445 1748; x_wconf 84' lang='lat' dir='ltr'>Nam</span> <span class='ocrx_word' id='word_1_124' title='bbox 482 1703 517 1748; x_wconf 88' lang='lat' dir='ltr'>si</span> <span class='ocrx_word' id='word_1_125' title='bbox 556 1703 654 1747; x_wconf 86' lang='lat' dir='ltr'>sine.</span> <span class='ocrx_word' id='word_1_126' title='bbox 679 1703 821 1747; x_wconf 82' lang='lat' dir='ltr'>verbo</span> <span class='ocrx_word' id='word_1_127' title='bbox 847 1719 987 1747; x_wconf 90' lang='lat' dir='ltr'>sonus</span> <span class='ocrx_word' id='word_1_128' title='bbox 1013 1702 1361 1763; x_wconf 81' lang='lat' dir='ltr'>pronuntietur,</span> <span class='ocrx_word' id='word_1_129' title='bbox 1393 1701 1594 1764; x_wconf 57' lang='lat' dir='ltr'>flcpofio&#39;fika</span> <span class='ocrx_word' id='word_1_130' title='bbox 1617 1702 1775 1749; x_wconf 77' lang='lat' dir='ltr'>gdice-</span> 
     </span>
     <span class='ocr_line' id='line_1_20' title="bbox 319 1777 1774 1839; baseline 0.001 -16"><span class='ocrx_word' id='word_1_131' title='bbox 319 1787 407 1823; x_wconf 91' lang='lat' dir='ltr'>tur.</span> <span class='ocrx_word' id='word_1_132' title='bbox 478 1778 622 1824; x_wconf 84' lang='lat' dir='ltr'>Unde</span> <span class='ocrx_word' id='word_1_133' title='bbox 649 1780 790 1824; x_wconf 85' lang='lat' dir='ltr'>etiam</span> <span class='ocrx_word' id='word_1_134' title='bbox 818 1779 862 1823; x_wconf 90' lang='lat' dir='ltr'>in</span> <span class='ocrx_word' id='word_1_135' title='bbox 890 1777 1081 1839; x_wconf 83' lang='lat' dir='ltr'>tropicis</span> <span class='ocrx_word' id='word_1_136' title='bbox 1119 1777 1228 1823; x_wconf 82' lang='lat' dir='ltr'>artis</span> <span class='ocrx_word' id='word_1_137' title='bbox 1262 1777 1453 1823; x_wconf 82' lang='lat' dir='ltr'>musicae</span> <span class='ocrx_word' id='word_1_138' title='bbox 1478 1778 1656 1824; x_wconf 82' lang='lat' dir='ltr'>litteras</span> <span class='ocrx_word' id='word_1_139' title='bbox 1693 1797 1774 1825; x_wconf 89' lang='lat' dir='ltr'>seu</span> 
     </span>
     <span class='ocr_line' id='line_1_21' title="bbox 319 1853 1775 1917; baseline 0.001 -18"><span class='ocrx_word' id='word_1_140' title='bbox 319 1854 452 1917; x_wconf 81' lang='lat' dir='ltr'>signa</span> <span class='ocrx_word' id='word_1_141' title='bbox 476 1854 691 1917; x_wconf 62' lang='lat' dir='ltr'>quiedam</span> <span class='ocrx_word' id='word_1_142' title='bbox 727 1864 863 1901; x_wconf 90' lang='lat' dir='ltr'>tonos</span> <span class='ocrx_word' id='word_1_143' title='bbox 901 1854 1113 1917; x_wconf 87' lang='lat' dir='ltr'>proprios</span> <span class='ocrx_word' id='word_1_144' title='bbox 1149 1853 1493 1916; x_wconf 82' lang='lat' dir='ltr'>hexprimentia</span> <span class='ocrx_word' id='word_1_145' title='bbox 1523 1854 1679 1900; x_wconf 86' lang='lat' dir='ltr'>media</span> <span class='ocrx_word' id='word_1_146' title='bbox 1704 1855 1775 1900; x_wconf 92' lang='lat' dir='ltr'>in-</span> 
     </span>
     <span class='ocr_line' id='line_1_22' title="bbox 317 1929 1775 1989; baseline 0.002 -14"><span class='ocrx_word' id='word_1_147' title='bbox 317 1929 608 1976; x_wconf 79' lang='lat' dir='ltr'>terveniente</span> <span class='ocrx_word' id='word_1_148' title='bbox 641 1930 762 1976; x_wconf 86' lang='lat' dir='ltr'>linea</span> <span class='ocrx_word' id='word_1_149' title='bbox 787 1931 853 1977; x_wconf 84' lang='lat' dir='ltr'>ita</span> <span class='ocrx_word' id='word_1_150' title='bbox 877 1931 1142 1987; x_wconf 83' lang='lat' dir='ltr'>enuntiant,</span> <span class='ocrx_word' id='word_1_151' title='bbox 1167 1930 1237 1976; x_wconf 64' lang='grc' dir='ltr'>ῑτὰ</span> <span class='ocrx_word' id='word_1_152' title='bbox 1259 1931 1331 1989; x_wconf 76' lang='grc' dir='ltr'>μὲν</span> <span class='ocrx_word' id='word_1_153' title='bbox 1354 1931 1425 1977; x_wconf 75' lang='grc' dir='ltr'>ἄνω</span> <span class='ocrx_word' id='word_1_154' title='bbox 1449 1937 1521 1987; x_wconf 73' lang='grc' dir='ltr'>τῆς</span> <span class='ocrx_word' id='word_1_155' title='bbox 1545 1932 1699 1987; x_wconf 82' lang='grc' dir='ltr'>λέξεως,</span> <span class='ocrx_word' id='word_1_156' title='bbox 1723 1932 1775 1979; x_wconf 71' lang='grc' dir='ltr'>τὰ</span> 
     </span>
     <span class='ocr_line' id='line_1_23' title="bbox 283 2006 1776 2070; baseline 0 -18"><span class='ocrx_word' id='word_1_157' title='bbox 283 2025 298 2045; x_wconf 84' lang='lat'><strong>2</strong></span> <span class='ocrx_word' id='word_1_158' title='bbox 319 2006 359 2052; x_wconf 67' lang='grc' dir='ltr'>δὲ</span> <span class='ocrx_word' id='word_1_159' title='bbox 384 2007 488 2051; x_wconf 74' lang='grc' dir='ltr'>κάτω</span> <span class='ocrx_word' id='word_1_160' title='bbox 512 2012 581 2062; x_wconf 69' lang='grc' dir='ltr'>τῆς</span> <span class='ocrx_word' id='word_1_161' title='bbox 608 2007 810 2068; x_wconf 71' lang='grc' dir='ltr'>κρούσεως.</span> <span class='ocrx_word' id='word_1_162' title='bbox 849 2006 990 2059; x_wconf 82' lang='lat' dir='ltr'>Quod</span> <span class='ocrx_word' id='word_1_163' title='bbox 1017 2013 1197 2068; x_wconf 71' lang='grc' dir='ltr'>κροῧσμα</span> <span class='ocrx_word' id='word_1_164' title='bbox 1220 2008 1425 2053; x_wconf 74' lang='lat' dir='ltr'>variatur</span> <span class='ocrx_word' id='word_1_165' title='bbox 1449 2023 1506 2052; x_wconf 85' lang='lat' dir='ltr'>eX</span> <span class='ocrx_word' id='word_1_166' title='bbox 1531 2007 1776 2070; x_wconf 79' lang='lat' dir='ltr'>rhythmo,</span> 
     </span>
     <span class='ocr_line' id='line_1_24' title="bbox 318 2082 1775 2147; baseline 0.001 -20"><span class='ocrx_word' id='word_1_167' title='bbox 318 2082 432 2127; x_wconf 90' lang='lat' dir='ltr'>dum</span> <span class='ocrx_word' id='word_1_168' title='bbox 468 2091 666 2145; x_wconf 81' lang='lat' dir='ltr'>augetur</span> <span class='ocrx_word' id='word_1_169' title='bbox 691 2093 771 2129; x_wconf 82' lang='lat' dir='ltr'>aut</span> <span class='ocrx_word' id='word_1_170' title='bbox 796 2083 1041 2140; x_wconf 89' lang='lat' dir='ltr'>minuitur,</span> <span class='ocrx_word' id='word_1_171' title='bbox 1066 2095 1113 2129; x_wconf 90' lang='lat' dir='ltr'>et</span> <span class='ocrx_word' id='word_1_172' title='bbox 1135 2084 1191 2130; x_wconf 85' lang='lat' dir='ltr'>ad</span> <span class='ocrx_word' id='word_1_173' title='bbox 1221 2102 1388 2130; x_wconf 88' lang='lat' dir='ltr'>sonum</span> <span class='ocrx_word' id='word_1_174' title='bbox 1417 2083 1678 2147; x_wconf 79' lang='lat' dir='ltr'>kdirigitur,</span> <span class='ocrx_word' id='word_1_175' title='bbox 1703 2084 1775 2129; x_wconf 92' lang='lat' dir='ltr'>vel</span> 
     </span>
     <span class='ocr_line' id='line_1_25' title="bbox 318 2158 1777 2221; baseline 0 -18"><span class='ocrx_word' id='word_1_176' title='bbox 318 2158 453 2221; x_wconf 91' lang='lat' dir='ltr'>pedis</span> <span class='ocrx_word' id='word_1_177' title='bbox 491 2159 668 2219; x_wconf 74' lang='grc' dir='ltr'>ἐμμελὲς</span> <span class='ocrx_word' id='word_1_178' title='bbox 691 2159 887 2204; x_wconf 89' lang='lat' dir='ltr'>verbum</span> <span class='ocrx_word' id='word_1_179' title='bbox 921 2159 1207 2213; x_wconf 81' lang='lat' dir='ltr'>enuntiatur,</span> <span class='ocrx_word' id='word_1_180' title='bbox 1233 2159 1420 2204; x_wconf 85' lang='lat' dir='ltr'>infinita</span> <span class='ocrx_word' id='word_1_181' title='bbox 1448 2158 1572 2203; x_wconf 86' lang='lat' dir='ltr'>enim</span> <span class='ocrx_word' id='word_1_182' title='bbox 1611 2175 1681 2203; x_wconf 93' lang='lat' dir='ltr'>res</span> <span class='ocrx_word' id='word_1_183' title='bbox 1707 2166 1777 2203; x_wconf 88' lang='lat' dir='ltr'>est</span> 
     </span>
     <span class='ocr_line' id='line_1_26' title="bbox 320 2233 1776 2297; baseline 0 -19"><span class='ocrx_word' id='word_1_184' title='bbox 320 2234 588 2295; x_wconf 84' lang='lat' dir='ltr'>rhythmos,</span> <span class='ocrx_word' id='word_1_185' title='bbox 621 2251 731 2279; x_wconf 91' lang='lat' dir='ltr'>cum</span> <span class='ocrx_word' id='word_1_186' title='bbox 768 2251 919 2295; x_wconf 88' lang='lat' dir='ltr'>usque</span> <span class='ocrx_word' id='word_1_187' title='bbox 951 2252 1046 2297; x_wconf 91' lang='lat' dir='ltr'>quo</span> <span class='ocrx_word' id='word_1_188' title='bbox 1085 2235 1212 2281; x_wconf 88' lang='lat' dir='ltr'>voles</span> <span class='ocrx_word' id='word_1_189' title='bbox 1249 2234 1376 2280; x_wconf 90' lang='lat' dir='ltr'>vocis</span> <span class='ocrx_word' id='word_1_190' title='bbox 1413 2251 1528 2279; x_wconf 91' lang='lat' dir='ltr'>sono</span> <span class='ocrx_word' id='word_1_191' title='bbox 1563 2233 1776 2289; x_wconf 82' lang='lat' dir='ltr'>dueatur,</span> 
     </span>
     <span class='ocr_line' id='line_1_27' title="bbox 319 2309 1775 2372; baseline 0 -18"><span class='ocrx_word' id='word_1_192' title='bbox 319 2309 481 2371; x_wconf 89' lang='lat' dir='ltr'>ibique</span> <span class='ocrx_word' id='word_1_193' title='bbox 505 2327 644 2371; x_wconf 78' lang='lat' dir='ltr'>cogas</span> <span class='ocrx_word' id='word_1_194' title='bbox 670 2310 909 2372; x_wconf 79' lang='lat' dir='ltr'>quiescere</span> <span class='ocrx_word' id='word_1_195' title='bbox 946 2311 1026 2356; x_wconf 87' lang='lat' dir='ltr'>ubi</span> <span class='ocrx_word' id='word_1_196' title='bbox 1065 2311 1232 2372; x_wconf 90' lang='lat' dir='ltr'>pedem</span> <span class='ocrx_word' id='word_1_197' title='bbox 1260 2309 1477 2355; x_wconf 85' lang='lat' dir='ltr'>finiturus</span> <span class='ocrx_word' id='word_1_198' title='bbox 1504 2327 1565 2355; x_wconf 87' lang='lat' dir='ltr'>es.</span> <span class='ocrx_word' id='word_1_199' title='bbox 1636 2309 1775 2360; x_wconf 78' lang='grc' dir='ltr'><em>Μέλος</em></span> 
     </span>
     <span class='ocr_line' id='line_1_28' title="bbox 320 2385 1774 2448; baseline 0.001 -18"><span class='ocrx_word' id='word_1_200' title='bbox 320 2393 479 2431; x_wconf 83' lang='lat' dir='ltr'>autem</span> <span class='ocrx_word' id='word_1_201' title='bbox 506 2385 630 2447; x_wconf 91' lang='lat' dir='ltr'>quod</span> <span class='ocrx_word' id='word_1_202' title='bbox 658 2404 714 2431; x_wconf 87' lang='lat' dir='ltr'>ex</span> <span class='ocrx_word' id='word_1_203' title='bbox 749 2386 821 2432; x_wconf 90' lang='lat' dir='ltr'>his</span> <span class='ocrx_word' id='word_1_204' title='bbox 858 2387 1083 2441; x_wconf 81' lang='lat' dir='ltr'>nascitur,</span> <span class='ocrx_word' id='word_1_205' title='bbox 1108 2386 1288 2432; x_wconf 85' lang='lat' dir='ltr'>dictum</span> <span class='ocrx_word' id='word_1_206' title='bbox 1329 2395 1498 2448; x_wconf 83' lang='lat' dir='ltr'>putant</span> <span class='ocrx_word' id='word_1_207' title='bbox 1530 2403 1555 2431; x_wconf 86' lang='lat' dir='ltr'><strong>a</strong></span> <span class='ocrx_word' id='word_1_208' title='bbox 1593 2385 1774 2431; x_wconf 90' lang='lat' dir='ltr'>Meline</span> 
     </span>
    </p>
   </div>
   <div class='ocr_carea' id='block_1_6' title="bbox 318 2557 1774 2978">
    <p class='ocr_par' dir='ltr' id='par_1_6' title="bbox 318 2557 1774 2978">
     <span class='ocr_line' id='line_1_29' title="bbox 374 2557 1774 2608; baseline -0.001 -14"><span class='ocrx_word' id='word_1_209' title='bbox 374 2566 391 2585; x_wconf 78' lang='grc' dir='ltr'>Ζ</span> <span class='ocrx_word' id='word_1_210' title='bbox 412 2560 607 2608; x_wconf 79' lang='lat' dir='ltr'>generum]</span> <span class='ocrx_word' id='word_1_211' title='bbox 629 2571 764 2608; x_wconf 80' lang='lat' dir='ltr'>genera</span> <span class='ocrx_word' id='word_1_212' title='bbox 786 2560 823 2594; x_wconf 92' lang='lat' dir='ltr'>P.</span> <span class='ocrx_word' id='word_1_213' title='bbox 980 2565 998 2584; x_wconf 85' lang='lat' dir='ltr'>a</span> <span class='ocrx_word' id='word_1_214' title='bbox 1017 2559 1116 2604; x_wconf 78' lang='lat' dir='ltr'>astu]</span> <span class='ocrx_word' id='word_1_215' title='bbox 1141 2558 1227 2594; x_wconf 56' lang='lat' dir='ltr'>astu</span> <span class='ocrx_word' id='word_1_216' title='bbox 1247 2559 1286 2594; x_wconf 90' lang='grc' dir='ltr'>Ρ.</span> <span class='ocrx_word' id='word_1_217' title='bbox 1450 2557 1469 2584; x_wconf 87' lang='lat' dir='ltr'>b</span> <span class='ocrx_word' id='word_1_218' title='bbox 1488 2559 1576 2606; x_wconf 83' lang='lat' dir='ltr'>qua]</span> <span class='ocrx_word' id='word_1_219' title='bbox 1601 2571 1712 2607; x_wconf 87' lang='lat' dir='ltr'>quam</span> <span class='ocrx_word' id='word_1_220' title='bbox 1734 2559 1774 2594; x_wconf 89' lang='lat' dir='ltr'>P.</span> 
     </span>
     <span class='ocr_line' id='line_1_30' title="bbox 321 2610 1773 2661; baseline 0 -14"><span class='ocrx_word' id='word_1_221' title='bbox 321 2618 337 2637; x_wconf 69' lang='grc' dir='ltr'><strong>θ</strong></span> <span class='ocrx_word' id='word_1_222' title='bbox 357 2612 559 2661; x_wconf 79' lang='lat' dir='ltr'>possimus]</span> <span class='ocrx_word' id='word_1_223' title='bbox 593 2624 800 2660; x_wconf 84' lang='lat' dir='ltr'>possemus.</span> <span class='ocrx_word' id='word_1_224' title='bbox 860 2611 951 2647; x_wconf 83' lang='lat' dir='ltr'>AElii</span> <span class='ocrx_word' id='word_1_225' title='bbox 979 2610 1076 2647; x_wconf 88' lang='lat' dir='ltr'>Festi</span> <span class='ocrx_word' id='word_1_226' title='bbox 1101 2611 1281 2659; x_wconf 89' lang='lat' dir='ltr'>Apthonii</span> <span class='ocrx_word' id='word_1_227' title='bbox 1303 2625 1333 2647; x_wconf 86' lang='lat' dir='ltr'>v.</span> <span class='ocrx_word' id='word_1_228' title='bbox 1357 2626 1393 2661; x_wconf 89' lang='lat' dir='ltr'>p.</span> <span class='ocrx_word' id='word_1_229' title='bbox 1423 2612 1468 2647; x_wconf 90' lang='lat' dir='ltr'>de</span> <span class='ocrx_word' id='word_1_230' title='bbox 1497 2611 1623 2647; x_wconf 87' lang='lat' dir='ltr'>metris</span> <span class='ocrx_word' id='word_1_231' title='bbox 1650 2612 1773 2647; x_wconf 89' lang='lat' dir='ltr'>omni-</span> 
     </span>
     <span class='ocr_line' id='line_1_31' title="bbox 320 2664 1772 2713; baseline -0.001 -12"><span class='ocrx_word' id='word_1_232' title='bbox 320 2665 390 2701; x_wconf 90' lang='lat' dir='ltr'>bus</span> <span class='ocrx_word' id='word_1_233' title='bbox 419 2664 567 2712; x_wconf 79' lang='lat' dir='ltr'>explicit</span> <span class='ocrx_word' id='word_1_234' title='bbox 595 2665 657 2700; x_wconf 90' lang='lat' dir='ltr'>lib.</span> <span class='ocrx_word' id='word_1_235' title='bbox 680 2665 773 2701; x_wconf 90' lang='lat' dir='ltr'><strong>IIII.</strong></span> <span class='ocrx_word' id='word_1_236' title='bbox 797 2664 963 2700; x_wconf 83' lang='lat' dir='ltr'>feliciter.</span> <span class='ocrx_word' id='word_1_237' title='bbox 992 2673 1094 2699; x_wconf 86' lang='lat' dir='ltr'>utere</span> <span class='ocrx_word' id='word_1_238' title='bbox 1125 2665 1312 2712; x_wconf 77' lang='lat' dir='ltr'>Stephane</span> <span class='ocrx_word' id='word_1_239' title='bbox 1342 2665 1499 2713; x_wconf 81' lang='lat' dir='ltr'>scriptor</span> <span class='ocrx_word' id='word_1_240' title='bbox 1525 2672 1563 2700; x_wconf 85' lang='lat' dir='ltr'>et</span> <span class='ocrx_word' id='word_1_241' title='bbox 1588 2665 1707 2700; x_wconf 90' lang='lat' dir='ltr'>lector</span> <span class='ocrx_word' id='word_1_242' title='bbox 1733 2665 1772 2700; x_wconf 90' lang='lat' dir='ltr'>P.</span> 
     </span>
     <span class='ocr_line' id='line_1_32' title="bbox 321 2716 1774 2767; baseline -0.001 -13"><span class='ocrx_word' id='word_1_243' title='bbox 321 2717 495 2766; x_wconf 84' lang='lat' dir='ltr'>Sequitur</span> <span class='ocrx_word' id='word_1_244' title='bbox 514 2718 552 2753; x_wconf 90' lang='lat' dir='ltr'>in</span> <span class='ocrx_word' id='word_1_245' title='bbox 582 2718 621 2753; x_wconf 88' lang='lat' dir='ltr'>P.</span> <span class='ocrx_word' id='word_1_246' title='bbox 645 2725 846 2753; x_wconf 82' lang='lat' dir='ltr'>metrorum</span> <span class='ocrx_word' id='word_1_247' title='bbox 871 2716 1163 2753; x_wconf 79' lang='lat' dir='ltr'>Horatianorum</span> <span class='ocrx_word' id='word_1_248' title='bbox 1192 2717 1301 2753; x_wconf 87' lang='lat' dir='ltr'>index</span> <span class='ocrx_word' id='word_1_249' title='bbox 1323 2730 1347 2765; x_wconf 87' lang='lat'>9</span> <span class='ocrx_word' id='word_1_250' title='bbox 1372 2732 1434 2767; x_wconf 85' lang='lat' dir='ltr'>pp.</span> <span class='ocrx_word' id='word_1_251' title='bbox 1456 2726 1647 2754; x_wconf 80' lang='lat' dir='ltr'>constans.</span> <span class='ocrx_word' id='word_1_252' title='bbox 1695 2717 1774 2753; x_wconf 90' lang='lat' dir='ltr'>De-</span> 
     </span>
     <span class='ocr_line' id='line_1_33' title="bbox 321 2769 1774 2820; baseline -0.001 -14"><span class='ocrx_word' id='word_1_253' title='bbox 321 2770 407 2806; x_wconf 86' lang='lat' dir='ltr'>inde</span> <span class='ocrx_word' id='word_1_254' title='bbox 438 2770 523 2806; x_wconf 92' lang='lat' dir='ltr'>Ode</span> <span class='ocrx_word' id='word_1_255' title='bbox 554 2778 610 2806; x_wconf 87' lang='lat' dir='ltr'>est</span> <span class='ocrx_word' id='word_1_256' title='bbox 637 2779 707 2806; x_wconf 87' lang='lat' dir='ltr'>etc.</span> <span class='ocrx_word' id='word_1_257' title='bbox 845 2777 861 2796; x_wconf 87' lang='lat' dir='ltr'>e</span> <span class='ocrx_word' id='word_1_258' title='bbox 892 2770 1026 2806; x_wconf 85' lang='lat' dir='ltr'>lexisve</span> <span class='ocrx_word' id='word_1_259' title='bbox 1055 2770 1316 2818; x_wconf 78' lang='lat' dir='ltr'>pronunciata]</span> <span class='ocrx_word' id='word_1_260' title='bbox 1352 2771 1432 2820; x_wconf 88' lang='lat' dir='ltr'>lege</span> <span class='ocrx_word' id='word_1_261' title='bbox 1459 2783 1523 2806; x_wconf 83' lang='lat' dir='ltr'>sua</span> <span class='ocrx_word' id='word_1_262' title='bbox 1550 2769 1774 2818; x_wconf 83' lang='lat' dir='ltr'>pronuncia-</span> 
     </span>
     <span class='ocr_line' id='line_1_34' title="bbox 319 2821 1772 2871; baseline -0.001 -12"><span class='ocrx_word' id='word_1_263' title='bbox 319 2832 397 2859; x_wconf 86' lang='lat' dir='ltr'>tum</span> <span class='ocrx_word' id='word_1_264' title='bbox 422 2824 462 2859; x_wconf 93' lang='lat' dir='ltr'>P.</span> <span class='ocrx_word' id='word_1_265' title='bbox 574 2821 590 2848; x_wconf 86' lang='lat' dir='ltr'>f</span> <span class='ocrx_word' id='word_1_266' title='bbox 605 2824 766 2871; x_wconf 78' lang='grc' dir='ltr'>κροῧσμα]</span> <span class='ocrx_word' id='word_1_267' title='bbox 790 2836 937 2859; x_wconf 84' lang='lat' dir='ltr'>crusma</span> <span class='ocrx_word' id='word_1_268' title='bbox 956 2823 995 2858; x_wconf 93' lang='lat' dir='ltr'>P.</span> <span class='ocrx_word' id='word_1_269' title='bbox 1018 2831 1055 2858; x_wconf 89' lang='lat' dir='ltr'>et</span> <span class='ocrx_word' id='word_1_270' title='bbox 1075 2822 1128 2858; x_wconf 77' lang='lat' dir='ltr'>sic</span> <span class='ocrx_word' id='word_1_271' title='bbox 1150 2836 1244 2859; x_wconf 79' lang='lat' dir='ltr'>mox.</span> <span class='ocrx_word' id='word_1_272' title='bbox 1353 2831 1374 2858; x_wconf 86' lang='lat' dir='ltr'>g</span> <span class='ocrx_word' id='word_1_273' title='bbox 1394 2823 1554 2871; x_wconf 83' lang='lat' dir='ltr'>dicetur]</span> <span class='ocrx_word' id='word_1_274' title='bbox 1578 2822 1713 2859; x_wconf 88' lang='lat' dir='ltr'>dicitur</span> <span class='ocrx_word' id='word_1_275' title='bbox 1734 2824 1772 2858; x_wconf 88' lang='grc' dir='ltr'>Ρ.</span> 
     </span>
     <span class='ocr_line' id='line_1_35' title="bbox 318 2874 1774 2925; baseline -0.001 -13"><span class='ocrx_word' id='word_1_276' title='bbox 318 2875 337 2901; x_wconf 77' lang='lat' dir='ltr'>h</span> <span class='ocrx_word' id='word_1_277' title='bbox 358 2875 621 2925; x_wconf 85' lang='lat' dir='ltr'>exprimentia]</span> <span class='ocrx_word' id='word_1_278' title='bbox 645 2876 887 2924; x_wconf 83' lang='lat' dir='ltr'>exprimentia</span> <span class='ocrx_word' id='word_1_279' title='bbox 910 2875 1028 2911; x_wconf 80' lang='lat' dir='ltr'>media</span> <span class='ocrx_word' id='word_1_280' title='bbox 1049 2877 1090 2911; x_wconf 93' lang='lat' dir='ltr'>P.</span> <span class='ocrx_word' id='word_1_281' title='bbox 1224 2874 1232 2901; x_wconf 82' lang='lat' dir='ltr'>i</span> <span class='ocrx_word' id='word_1_282' title='bbox 1253 2878 1288 2911; x_wconf 69' lang='grc' dir='ltr'>τὸ</span> <span class='ocrx_word' id='word_1_283' title='bbox 1309 2877 1459 2922; x_wconf 74' lang='grc' dir='ltr'>μὲν-τὸ</span> <span class='ocrx_word' id='word_1_284' title='bbox 1480 2877 1529 2922; x_wconf 75' lang='grc' dir='ltr'>δὲ]</span> <span class='ocrx_word' id='word_1_285' title='bbox 1551 2879 1596 2912; x_wconf 76' lang='grc' dir='ltr'>τὰ</span> <span class='ocrx_word' id='word_1_286' title='bbox 1615 2876 1774 2922; x_wconf 75' lang='grc' dir='ltr'>μὲν-τὰ</span> 
     </span>
     <span class='ocr_line' id='line_1_36' title="bbox 319 2927 954 2978; baseline -0.002 -13"><span class='ocrx_word' id='word_1_287' title='bbox 319 2929 351 2965; x_wconf 81' lang='grc' dir='ltr'>δὲ</span> <span class='ocrx_word' id='word_1_288' title='bbox 375 2929 414 2964; x_wconf 88' lang='grc' dir='ltr'>Ρ.</span> <span class='ocrx_word' id='word_1_289' title='bbox 526 2927 546 2954; x_wconf 90' lang='lat' dir='ltr'><strong>k</strong></span> <span class='ocrx_word' id='word_1_290' title='bbox 566 2928 754 2978; x_wconf 84' lang='lat' dir='ltr'>dirigitur]</span> <span class='ocrx_word' id='word_1_291' title='bbox 773 2928 895 2978; x_wconf 83' lang='lat' dir='ltr'>dirigit</span> <span class='ocrx_word' id='word_1_292' title='bbox 915 2930 954 2964; x_wconf 93' lang='lat' dir='ltr'>P.</span> 
     </span>
    </p>
   </div>
  </div>
 </body>
</html>
