1962 3355
322 203 383 242 38
834 195 990 242 Marii
1019 196 1249 242 Victorini
1620 210 1715 240 LIB.
1736 209 1769 239 1.

323 316 586 378 plerunque
616 316 741 380 apud
769 316 971 379 tragicos
993 334 1074 363 seu
1099 317 1306 363 comicos
1331 326 1350 355 P
1366 316 1641 380 repperitur.
1681 315 1772 361 Vel

325 391 361 437 si
387 409 446 437 ex
470 392 737 455 composito
762 391 980 455 accipiaS‚

463 467 645 514 Uvz'dus
670 468 868 514 hiberna
890 468 1022 514 venit
1046 468 1102 514 de
1122 468 1303 532 glande
1327 468 1597 515 Menalcas.

266 551 304 583 5⁴
325 542 506 588 Rursus
531 542 635 589 duae
660 544 782 589 inter
808 561 855 589 se
879 544 1061 589 vocales
1077 544 1272 607 jugatae,
1292 562 1345 591 ae
1371 546 1458 591 sub
1482 544 1621 590 unius
1646 542 1773 588 vocis

323 619 648 664 enuntiatione
668 619 876 682 prolatae,
903 620 1133 682 syllabam
1162 621 1341 667 faciunt
1366 630 1531 667 natura
1566 620 1774 682 longam,

323 712 468 756 quam
496 695 650 740 Graeci
676 694 1043 758 qdiphthongon
1081 706 1262 752 vocant,
1287 697 1431 743 veluti
1465 696 1667 759 geminae
1693 711 1775 739 vo-

266 788 303 820 55
324 770 388 816 cis
425 787 571 815 unum
607 787 792 827 sonum,
819 779 869 816 ut
895 787 964 826 ae,
989 788 1056 828 oe,
1082 788 1158 817 aa.
1229 772 1320 818 His
1362 789 1442 818 seu
1478 770 1774 834 simplicibus

324 864 404 892 seu
447 846 710 907 conjunctis
748 855 1008 893 rconnexae
1051 849 1239 909 reliquae
1280 847 1462 903 litterae,
1499 844 1656 908 Squod
1703 862 1775 889 so-

323 939 438 967 num
490 921 646 966 tvocis
695 931 898 984 augeant
945 922 1288 984 crassioresque
1340 922 1563 977 efficiant,
1611 937 1775 965 conso-

324 1005 487 1042 nantes
513 1005 765 1049 vocantur3
805 1015 910 1059 quae
946 997 995 1043 in
1021 997 1136 1043 duas
1161 1006 1316 1061 partes
1348 997 1611 1059 diremptae,
1636 996 1774 1040 semi-

322 1072 506 1118 vocales
535 1072 767 1134 uquidem
793 1089 867 1118 vu
894 1073 1091 1130 dabunt,
1116 1073 1162 1119 id
1196 1082 1280 1129 est,
1298 1072 1350 1137 j
1372 1072 1390 1118 l
1412 1090 1457 1118 m
1482 1090 1514 1118 η
1549 1090 1576 1118 r
1599 1088 1622 1117 s
1645 1086 1692 1127 x,
1717 1087 1776 1115 ex

324 1148 496 1210 quibus
523 1148 729 1210 liquidae,
755 1167 871 1210 quas
895 1157 926 1178 w
939 1148 1208 1210 ἀμεταβὸλας
1233 1149 1328 1194 sive
1363 1149 1484 1211 ὑγρὰς
1520 1147 1672 1194 Graeci
1698 1163 1778 1191 vo-

324 1233 448 1279 cant,
478 1233 589 1270 sunt
623 1234 846 1287 quattuor
883 1225 902 1270 l
930 1243 976 1271 m·
999 1243 1029 1272 n
1053 1243 1096 1282 r,
1133 1225 1334 1287 ideoque
1370 1224 1593 1286 subjectae
1630 1221 1777 1269 mutis

323 1301 505 1358 litteris,
529 1319 634 1363 quae
671 1301 717 1346 in
755 1301 892 1347 tertio
927 1301 1164 1347 habentur
1200 1310 1295 1347 tam
1334 1300 1499 1346 ordine
1523 1316 1664 1361 quam
1693 1315 1777 1361 po-

325 1385 509 1431 testate,
549 1393 657 1438 quae
697 1387 808 1423 sunt
845 1378 870 1423 b
896 1395 919 1423 c
943 1378 976 1424 d
997 1396 1034 1441 g
1059 1378 1088 1423 Ιι
1119 1378 1148 1424 lc
1173 1395 1208 1439 p
1241 1396 1269 1441 q
1304 1384 1336 1435 t,
1376 1377 1423 1422 in
1462 1375 1778 1422 declinatione

324 1452 575 1498 verborum
613 1471 693 1498 seu
734 1454 982 1499 nominum
1016 1463 1312 1516 Xnumquam
1343 1471 1368 1498 a
1393 1452 1583 1516 proprio
1615 1461 1778 1497 tenore

327 1546 380 1574 ac
420 1528 634 1591 legitimo
675 1530 926 1592 positionis
968 1548 1061 1576 suae
1099 1530 1262 1575 ordine
1303 1528 1512 1583 divulsae,
1549 1536 1689 1589 atque
1730 1527 1775 1572 in

328 1605 520 1650 alteram
560 1605 819 1650 litterarum
861 1606 1254 1668 commigratione
1286 1605 1523 1651 translatae
1557 1603 1778 1666 speciem,

329 1688 379 1726 ut
418 1680 506 1726 alia
542 1680 850 1728 deflectantur
885 1692 1026 1744 atque
1065 1690 1324 1737 mutentur,
1360 1698 1454 1742 qua
1494 1679 1780 1735 conditione,

327 1756 468 1802 etiam
496 1757 543 1802 in
570 1757 731 1803 metris
757 1775 1034 1804 communes
1060 1758 1262 1821 syllabas
1287 1756 1481 1802 faciunt.

476 1887 614 1938 CAP.
639 1888 738 1939 VI.
785 1888 871 1939 De
902 1888 1277 1939 Emmtiatz'one
1305 1887 1653 1938 Litterarum.

397 1986 582 2033 Placuit
622 1998 799 2045 autern,
836 1998 943 2035 ante
983 2007 1124 2052 quam
1165 1989 1223 2035 de
1269 1998 1436 2034 natura
1475 1986 1780 2050 syllabarum,

329 2081 434 2125 quae
460 2082 587 2110 nunc
618 2064 770 2127 longae
802 2083 929 2111 nunc
954 2066 1118 2111 breves
1144 2065 1190 2110 in
1218 2065 1377 2111 metris
1403 2070 1686 2114 asseruntur,
1712 2059 1782 2105 di-

330 2158 432 2185 cere
470 2140 710 2203 incipiam,
734 2141 862 2204 prius
887 2141 944 2187 de
969 2142 1293 2189 enuntiatione
1329 2140 1622 2202 singularum
1656 2137 1783 2183 litte-

332 2233 487 2261 rarum
522 2225 568 2261 et
600 2234 729 2272 sono,
754 2216 833 2277 qui
872 2217 915 2261 iu
954 2235 1032 2262 ore
1065 2225 1224 2262 nostro
1255 2217 1381 2263 vario
1410 2215 1616 2277 quodam
1653 2212 1780 2258 vocis

296 2293 428 2338 zictu
466 2295 665 2355 nisuque
701 2294 976 2349 aformatur,
1000 2295 1245 2340 exordium
1288 2309 1487 2339 sumere.
1557 2289 1669 2335 Non
1711 2306 1782 2333 so-

332 2369 428 2414 lum
469 2378 624 2415 autem
653 2386 742 2415 vox
777 2388 976 2417 sonusve
1012 2371 1105 2417 icto
1142 2374 1259 2426 aere,
1284 2378 1335 2414 ut
1369 2367 1602 2421 audimus,
1627 2364 1782 2428 expri-

387 2542 406 2569 Ι)
427 2535 675 2584 reperiuntur]
701 2535 905 2585 repperitur
924 2538 965 2572 P.
1183 2543 1202 2570 q
1223 2534 1476 2584 diphtongon]
1499 2533 1715 2582 dyptongon
1739 2531 1779 2566 P.

333 2595 348 2614 r
368 2588 561 2633 conuexae]
584 2600 732 2625 conexae
753 2590 791 2625 P.
975 2596 989 2615 s
1009 2589 1125 2638 quod]
1149 2602 1229 2637 quae
1250 2590 1290 2625 P⁰
1467 2586 1482 2611 t
1502 2585 1618 2632 vocis]
1644 2583 1720 2619 voci
1741 2584 1779 2618 Ρ.

334 2659 354 2677 Π
374 2652 541 2700 quidem]
564 2640 613 2702 (ᾗ
633 2654 680 2689 P.
896 2660 924 2678 W
952 2653 1306 2700 ἀμετάὸοὶια-ὑγρὰ]
1339 2652 1710 2697 αμεταβολας-ιγρας
1738 2649 1780 2684 P.

332 2712 352 2730 Χ
374 2707 582 2754 nunquam]
609 2718 810 2754 numquam
834 2706 872 2741 P.
1015 2713 1034 2732 a
1052 2705 1249 2751 formatur]
1272 2705 1480 2741 formantur
1499 2703 1539 2738 P.

390 2855 451 2890 55.
484 2842 630 2878 Finter
659 2841 900 2877 semivocales
930 2849 1029 2877 vete·
1085 2841 1277 2876 hementer
1297 2838 1490 2876 contendit
1518 2851 1598 2875 esse
1627 2847 1780 2874 mutam.

330 2908 390 2932 rcs
420 2904 636 2945 posuerunt,
657 2895 720 2931 sed
745 2893 952 2931 Priscianus
974 2907 1032 2930 ven
1086 2894 1281 2930 CAMER.
