1962 3355
148 185 246 213 CAP.
271 185 367 211 VIII.

603 169 671 210 De
692 176 824 210 metro
843 171 1137 211 choriambico.

1517 172 1597 211 551

146 285 214 324 Ex
237 298 285 323 eo
308 291 446 323 autem
468 297 587 322 versu
619 281 824 337 dactylico
854 281 1110 331 hexametro,
1133 295 1257 336 quem
1288 281 1474 336 quinque
1503 282 1599 322 dac·
1624 296 1640 328 7

146 350 220 406 tyli
242 359 282 391 et
303 349 500 404 spondius
520 349 585 389 vel
606 348 810 389 trochaeus
832 347 972 397 efficit,
995 347 1189 402 adempta
1210 347 1367 403 syllaba
1387 348 1533 403 prima,
1556 350 1601 389 fit

146 417 439 472 anapaesticum
463 416 730 456 hexametron
752 414 962 456 Vcolobon.

1026 414 1168 469 Hujus
1189 414 1450 470 exemplum:

360 488 448 522 wAt
470 487 555 522 tuba
576 486 770 521 terribilem
789 487 943 521 sonitum
959 486 1088 532 procul
1108 497 1176 520 cere
1196 497 1340 521 canoro.

147 555 327 594 Remota
347 553 503 609 syllaba
524 552 669 608 prima,
690 552 736 592 fit
759 567 898 592 versus
918 552 1044 607 hujus
1065 551 1175 591 modi
1195 568 1203 591 :

393 623 495 658 Tuba
516 623 709 658 terribilem
729 624 882 657 sonitum
899 622 1028 668 procul
1047 633 1115 656 oere
1136 632 1278 656 canoro.

147 693 304 732 Versus
326 700 580 745 pentameter
600 690 872 746 anapaesticus
893 689 1086 730 Xcolobos
1105 689 1152 730 fit
1173 688 1231 729 ita
1248 705 1257 730 ε

470 760 570 796 Tziba
593 761 761 795 terribilis
776 760 907 807 procul
925 771 995 795 cere
1014 770 1159 794 canoro.

149 829 255 868 Item
280 836 514 868 tetrameter
531 826 802 882 anapaesticus
823 826 988 867 colobos
1009 827 1055 866 fit
1075 825 1155 866 ita:

580 897 710 932 Sonuit
726 897 855 943 procul
874 909 943 932 cere
964 908 1108 931 canoro.

151 966 256 1005 Item
281 964 463 1004 trimeter
483 963 754 1019 anapaesticus
774 963 938 1004 colobos
959 964 1006 1004 fit
1026 963 1107 1004 ita:

635 1034 771 1068 Procul
790 1045 858 1068 cere
879 1045 1022 1068 canoro,

468 1144 575 1183 CAP.
600 1143 730 1182 VIII.
764 1143 830 1182 De
852 1148 979 1182 metro
1000 1142 1286 1182 choriambico.

207 1229 379 1282 yAtque
399 1226 487 1266 haec
508 1225 675 1281 quidem
698 1236 877 1280 quatuor
899 1234 1043 1275 metra,
1067 1240 1161 1280 quae
1183 1240 1307 1280 supra
1323 1225 1602 1280 exposuimUS,
1627 1247 1638 1268 ι

151 1295 192 1335 id
224 1304 283 1335 est
316 1293 581 1349 dactylicum,
610 1293 845 1344 iambicum,
867 1292 1118 1333 trochaicum
1153 1303 1192 1333 et
1228 1294 1521 1347 anapaesticum
1552 1309 1602 1334 ex

150 1361 362 1418 disyllabis
374 1371 457 1402 yyet
474 1361 692 1417 trisyllabis
708 1361 883 1416 pedibus
899 1359 1145 1409 efficiuntur,
1159 1370 1176 1388 z
1188 1370 1311 1416 prout
1331 1361 1453 1401 unius
1468 1361 1605 1417 cujus-

152 1485 182 1523 si
203 1499 267 1535 per
286 1485 385 1535 leges
406 1484 577 1521 metricas
597 1483 631 1520 id
656 1484 732 1521 fieri
754 1483 847 1521 licu-

152 1538 251 1575 isset.
293 1538 364 1575 His
384 1537 684 1585 itajubentibus‚
707 1538 847 1579 statim,

152 1606 265 1641 quum
286 1592 357 1628 ista
377 1591 537 1641 primum
560 1591 736 1641 legerem,
758 1592 848 1626 nivi-

154 1647 216 1681 bus
263 1659 328 1695 pro
365 1646 516 1681 riuvibiis
562 1644 848 1682 substituebam.

154 1699 259 1734 Solet
292 1698 445 1734 Mallius
483 1706 677 1748 poetarum
710 1710 847 1741 versus,

154 1765 254 1788 nunc
284 1751 470 1792 addendo,
496 1763 595 1787 nunc
625 1750 848 1794 omittendo,

154 1805 320 1854 pluribus
341 1803 466 1840 metris
495 1803 546 1840 ita
565 1812 702 1853 aptare,
724 1812 765 1840 ut
785 1816 848 1853 pe-

155 1858 243 1893 dum
277 1857 406 1907 magis,
429 1870 538 1906 quam
569 1856 763 1893 sententiae
794 1869 850 1892 ra-

154 1911 294 1947 tionem
318 1911 463 1947 habeat.
488 1909 584 1947 Vide
604 1923 684 1959 cap.
702 1911 770 1947 IV.
793 1921 850 1956 13.

157 1965 200 1999 V.
226 1976 260 2013 7.
287 1977 346 2011 13.
403 1963 579 2000 Judicent
608 1962 731 2000 idonei
753 1963 849 1999 arbi-

155 2018 214 2061 tri,
250 2026 350 2053 totus
383 2017 486 2053 locus
517 2030 562 2052 an
594 2016 645 2052 ita
673 2015 850 2052 constitui

155 2071 300 2112 debeat,
331 2072 387 2106 Ex
417 2071 576 2106 omnibus
607 2075 727 2106 autem
762 2083 853 2105 anci-

149 2126 271 2172 paesti‘s
295 2125 448 2172 pulcher
468 2137 510 2159 oc
535 2136 683 2159 sonorus
698 2124 751 2171 fit
775 2136 851 2158 *ver-

155 2190 226 2219 sus,
262 2178 326 2213 hoc
359 2179 488 2212 modo:
529 2176 686 2213 Nivibus
725 2189 853 2225 super-

155 2229 297 2267 eminet
316 2231 436 2266 AEtna
455 2235 520 2266 cet.
553 2230 707 2266 HEUS.

220 2291 239 2309 v
286 2285 450 2331 eolobon]
502 2283 615 2319 MSS.
667 2283 852 2330 colophon.

157 2337 313 2374 HEUS.

211 2397 238 2415 w
264 2391 316 2425 At
348 2391 433 2425 tuba
466 2390 675 2437 terribilem]
715 2389 853 2425 Versus

157 2442 298 2493 Virgilii
329 2456 371 2479 ex
400 2443 493 2479 AEn.
514 2443 586 2479 IX.
609 2453 699 2491 503.
723 2441 802 2490 jam
833 2456 854 2479 a

156 2495 386 2532 Terentiano
420 2495 466 2530 ad
498 2495 759 2532 declarandam
795 2509 852 2532 ra·

157 2550 299 2585 tionem
334 2548 507 2584 carminis
541 2549 753 2598 anapaestici
788 2550 852 2585 ad-

158 2601 298 2638 hibitus
336 2615 373 2651 p.
416 2613 532 2648 2423.
571 2610 609 2638 et
650 2613 762 2651 2425.
803 2602 855 2639 ita

157 2664 296 2698 tamen,
328 2663 373 2690 ut.
394 2653 455 2690 hic
484 2656 582 2690 dedit
617 2668 682 2703 pro
711 2658 852 2703 procul,

160 2717 315 2757 utroque
346 2715 469 2744 autem
505 2708 588 2744 loco
614 2721 682 2744 cere
709 2721 855 2744 recurvo

157 2762 313 2811 legatur.
380 2761 566 2797 Eumdem
607 2773 749 2796 versum
790 2774 851 2798 eo·

159 2816 257 2859 dem,
279 2828 354 2864 quo
374 2813 527 2850 Mallius
552 2813 590 2850 id
621 2813 720 2855 fecit,
743 2814 854 2851 modo

159 2869 392 2905 decurtatum
409 2867 453 2903 ad
475 2874 680 2916 anapaestos
701 2866 855 2904 transire

153 2921 266 2967 jussit
313 2919 526 2957 Victorinus
575 2919 637 2956 lib.
678 2921 727 2956 II.
775 2921 855 2957 Art.

905 1483 1114 1520 Grammat.
1136 1497 1173 1533 p.
1193 1493 1308 1532 2520.
1339 1484 1458 1520 Aliter
1477 1492 1602 1521 autem

905 1537 1010 1573 Beda
1031 1537 1076 1573 de
1095 1537 1224 1573 metris
1245 1551 1281 1587 p.
1299 1547 1413 1585 2375.
1445 1540 1496 1574 At
1517 1540 1603 1574 tuba

906 1591 1100 1627 terribilem
1129 1593 1284 1626 sonitum
1310 1592 1440 1638 procul
1470 1593 1602 1627 excitat

906 1644 1065 1680 horrida.
1124 1644 1228 1680 Beda
1266 1657 1311 1680 ex
1346 1657 1448 1680 more
1479 1645 1601 1681 Mallii

906 1705 942 1732 et
979 1697 1308 1746 grammaticorum
1340 1697 1491 1744 Virgilii
1526 1711 1602 1734 ver-

906 1762 986 1785 sum
1008 1751 1201 1793 schemati,
1222 1750 1320 1799 quod
1350 1750 1602 1788 declaraturus

906 1811 995 1846 erat,
1022 1802 1333 1845 accommodavit,
1356 1816 1424 1841 nec
1444 1803 1506 1840 ille
1527 1817 1602 1841 ver-

906 1869 967 1892 sus
1005 1870 1026 1892 a
1064 1855 1147 1892 Nic.
1188 1855 1348 1892 Heinsio
1389 1857 1434 1892 ad
1474 1857 1601 1907 Virgil.

907 1910 1044 1957 Georg.
1083 1910 1156 1946 ΙΙΙ.
1197 1921 1287 1957 449.
1340 1922 1406 1958 pro
1453 1910 1603 1947 alterius

907 1968 1026 2012 poetae
1046 1975 1151 1998 versu
1179 1962 1304 1999 haberi
1330 1962 1469 1999 debuit.
1527 1964 1603 2000 Pro

908 2018 958 2052 At
988 2017 1073 2052 cuba
1101 2015 1223 2052 Mallii
1250 2015 1397 2052 codices
1425 2017 1605 2053 exhibent

907 2070 969 2105 Acl
1010 2070 1107 2113 tuba,
1148 2069 1193 2105 de
1230 2082 1302 2118 qua
1340 2069 1606 2119 orthographia

909 2122 981 2159 dixi
1003 2122 1048 2158 ad
1071 2122 1209 2171 praefat.
1227 2136 1263 2158 n.
1281 2132 1317 2169 7.
1341 2123 1496 2159 HEUS.

963 2183 983 2202 Χ
1016 2177 1171 2223 colobos]
1205 2175 1362 2212 Codices
1393 2184 1430 2212 et
1462 2176 1535 2218 hic,
1568 2184 1606 2212 et

909 2229 946 2265 in
981 2230 1234 2278 sequentibus,
1270 2229 1475 2265 obtrudunt
1507 2231 1603 2265 colo-

906 2284 1017 2331 phon.
1047 2281 1134 2319 vid.
1157 2282 1203 2318 ad
1223 2295 1255 2318 0.
1272 2282 1315 2318 V.
1336 2295 1373 2329 4.
1404 2283 1563 2319 HEUS.

963 2343 982 2370 Y
997 2336 1133 2383 Atque]
1153 2335 1268 2372 MSS.
1286 2337 1425 2383 Adque.
1449 2336 1604 2372 HEUS.

963 2397 1002 2424 YY
1044 2395 1078 2425 et
1122 2389 1334 2436 trisyllabis]
1391 2389 1485 2425 Haec
1532 2389 1606 2425 duo

908 2443 1035 2485 verba,
1058 2442 1094 2478 in
1117 2442 1278 2492 Guelph.
1297 2449 1436 2479 temere
1455 2442 1604 2486 omissa,

909 2503 1143 2532 accesserunt
1188 2508 1233 2532 ex
1279 2503 1437 2545 utroque
1492 2497 1605 2533 Paris.

913 2550 1066 2586 HEUS.

963 2609 981 2629 Ζ
1005 2608 1118 2651 prout
1148 2605 1253 2638 unius
1281 2601 1466 2650 cujusque]
1495 2602 1605 2639 Paris.

910 2669 981 2692 sec.
998 2669 1067 2704 pro
1088 2658 1193 2692 unius
1212 2655 1391 2702 cujusque.
1425 2657 1579 2692 HEUS.

965 2716 984 2735 a
1017 2711 1295 2757 qziadrisyllabis
1322 2710 1485 2756 pedibus]
1514 2710 1604 2744 Pos-

910 2761 1024 2798 terius
1042 2762 1275 2804 vocabulum,
1290 2762 1388 2810 quod
1405 2775 1425 2796 a
1441 2761 1605 2811 Guelph.

910 2815 1050 2857 aberat,
1086 2828 1186 2852 nunc
1220 2828 1263 2851 ex
1297 2824 1454 2863 utroque
1488 2814 1606 2851 Paris.

912 2869 1067 2905 restitui.
1098 2869 1252 2906 HEUS.
