1962 3355
335 225 426 284 196
841 225 998 272 Marii
1027 224 1269 272 Victorini
1593 234 1691 266 Lm.
1709 234 1778 265 ιν.

276 362 310 394 15
331 347 649 395 choriambus,
735 347 917 393 Rursus
959 363 1016 392 ex
1058 345 1259 391 dimetro
1295 340 1597 405 anapaestico,
1632 348 1679 386 et
1711 339 1782 386 di-

333 432 483 470 metro
507 423 715 469 iambico
741 422 1030 472 catalectico,
1056 421 1138 477 sic,

333 499 444 562 Age
463 498 648 545 conscia
664 498 817 544 Musa
833 514 993 544 sacros
1009 495 1214 557 scopulis
1228 492 1361 558 refer
1375 508 1583 556 sanaque
1600 498 1782 539 cantus.

467 575 579 638 Age
604 575 789 621 conscia
811 572 963 620 Musa
985 589 1148 619 sacros
1171 569 1391 632 scopulis,

334 650 589 697 dimetrum
617 649 952 712 anapaesticum
975 667 984 694 t

534 721 685 786 Refer
707 739 916 785 sonoque
940 727 1121 777 cantus,

280 813 317 844 16
335 800 592 846 dimetrum
625 799 883 844 iambicum
922 796 1266 845 catalecticum.
1338 795 1459 840 Item
1492 811 1550 840 ex
1582 793 1786 841 dimetro

336 875 540 922 iambico
569 874 872 928 hacatalectO,
898 883 946 920 et
975 874 1177 920 dimetro
1213 871 1454 917 trochaico
1496 870 1787 925 catalectico,

337 951 417 1007 sic,

469 1027 654 1074 Beatus
677 1025 761 1073 ille
783 1026 866 1089 qui
881 1024 1066 1088 procul,
1090 1024 1230 1071 tollor
1254 1024 1303 1070 in
1326 1029 1507 1070 ‘montes
1530 1039 1698 1086 vagus.

336 1104 482 1159 Nam,

470 1179 657 1225 Beatus
680 1177 764 1225 ille
788 1179 870 1242 qui
886 1177 1074 1240 procul,

338 1255 596 1302 dimetrum
621 1264 693 1301 est
717 1254 975 1301 iambicum
1001 1254 1338 1300 acatalectum:

477 1331 641 1377 Tollor
664 1331 713 1377 in
738 1337 919 1377 montes
942 1348 1110 1394 vagch,

284 1407 599 1453 ¹7dimetrum
640 1416 710 1453 est
750 1407 1046 1453 trochaicum
1083 1403 1445 1451 icatalecticum.
1531 1401 1665 1448 Adeo
1700 1403 1791 1449 foe-

341 1483 523 1530 cundus
549 1483 770 1529 varietate
795 1483 1057 1529 carminum
1085 1491 1132 1528 et
1157 1479 1404 1544 singularis
1431 1478 1615 1525 artificii
1639 1478 1685 1523 in
1712 1496 1793 1524 ex-

341 1558 604 1621 cogitandis
645 1559 774 1605 novis
812 1559 973 1605 metris
1016 1558 1094 1605 bic
1136 1566 1297 1604 auctor
1334 1564 1418 1612 est,
1459 1564 1512 1601 ut
1544 1564 1591 1601 et
1627 1555 1791 1601 ceteris

340 1635 526 1681 vatibus
554 1635 833 1681 imitationis
861 1654 955 1682 suae
995 1636 1041 1681 in
1076 1632 1400 1697 conponendis
1438 1633 1600 1677 metris
1636 1632 1794 1677 obser-

285 1721 322 1751 18
341 1712 550 1758 vantiam
575 1730 738 1775 parem
765 1712 973 1758 studiosa
1000 1710 1303 1757 aemulatione
1327 1707 1610 1771 praestiterit.
1661 1708 1791 1753 Nam

340 1787 554 1852 plerique
579 1788 819 1849 sequentis
845 1787 929 1833 aevi
957 1787 1031 1833 his
1057 1786 1299 1832 informati
1338 1793 1595 1830 metrorum
1622 1786 1796 1847 figura-

342 1864 567 1921 tionibus,
592 1872 638 1909 et
663 1863 948 1925 quibusdam
975 1862 1061 1908 viis
1099 1871 1288 1908 auctore
1312 1860 1621 1915 Archilocho,
1645 1860 1795 1906 varias

344 1957 646 1985 numerorum
675 1939 852 2003 species
877 1948 923 1985 et
948 1939 1036 2002 ipsi
1074 1938 1334 1985 commenti
1371 1937 1570 2001 posteris
1595 1935 1798 1982 tradide-

344 2026 466 2072 runt,
491 2016 615 2062 unde
652 2015 1009 2062 innumerabilis
1046 2012 1632 2077 incomprehensibilisque
1670 2012 1798 2058 venit

288 2105 325 2135 ¹9
346 2092 390 2137 in
419 2109 585 2138 manus
606 2091 755 2155 copia.
791 2091 922 2138 Nam
942 2090 996 2137 ke
1015 2091 1230 2137 trimetro
1248 2089 1454 2135 iambico
1472 2088 1797 2143 Archilochio,

348 2167 578 2213 iambicus
604 2167 725 2230 pede
748 2167 915 2222 minor,
936 2184 1078 2229 quem
1101 2167 1245 2212 etiam
1265 2164 1597 2227 decasyllabon
1614 2173 1799 2221 vocant,

347 2245 575 2306 figuratus
601 2251 671 2288 est
697 2243 755 2288 ab
779 2242 958 2297 Alcaeo,
986 2242 1110 2288 unde
1134 2252 1181 2287 et
1204 2241 1425 2287 Alcaicus
1450 2240 1637 2296 dicitur,
1665 2249 1730 2297 ut,

479 2319 665 2365 Beatus
691 2317 772 2364 ille
794 2334 934 2379 quem
950 2324 1118 2380 potens
1142 2318 1296 2363 Deus.

348 2394 474 2440 Item
524 2394 886 2456 beptasyllabon
924 2392 1314 2449 Anacreontium,
1351 2390 1553 2456 primam
1596 2391 1799 2437 lhabens

350 2472 540 2534 longam
569 2468 793 2526 additam,
818 2477 886 2525 ut,

482 2545 630 2592 qunc
653 2544 849 2591 llsacras
872 2545 938 2590 ite
963 2544 1028 2590 ad
1047 2561 1172 2590 aras.

298 2635 338 2656 ²0
352 2622 474 2668 Item
503 2639 560 2668 ex
586 2621 800 2667 trimetro
826 2620 1031 2666 iambico
1055 2620 1386 2676 meatalectico,
1414 2619 1571 2666 medio
1595 2619 1804 2666 trochaeo

352 2698 566 2755 inmisso,
593 2697 675 2753 sic,

405 2811 427 2839 h
446 2812 668 2859 acatalecto]
693 2811 874 2848 catalecto
896 2811 935 2847 P.
1134 2809 1145 2838 i
1166 2810 1439 2859 catalecticum]
1462 2811 1738 2848 acatalecticum
1761 2811 1802 2848 P.

353 2865 374 2893 k
395 2879 415 2903 e
435 2865 620 2912 trimetro]
643 2877 664 2901 e
683 2877 756 2900 om.
778 2865 821 2900 P.
961 2861 973 2889 1
993 2863 1150 2910 habens]
1174 2864 1311 2901 habent
1333 2866 1372 2901 P.
1536 2863 1560 2891 11
1579 2877 1698 2901 sacras
1727 2864 1797 2911 ite]

354 2918 509 2957 sacraire
528 2919 569 2956 P.
678 2924 709 2943 m
727 2916 961 2964 catalectico]
986 2915 1222 2954 acatalectico
1244 2918 1284 2954 P.
