1962 3355
148 184 256 216 CAP.
279 167 354 216 26.
722 169 805 215 De
828 169 1042 216 iambico.
1356 225 1358 227 ‚
1510 179 1607 227 479

516 294 634 340 CAP.
660 294 849 342 XXVI.
906 295 988 341 DE
1015 310 1246 342 IAMfflco.

212 371 388 417 Versus
425 371 651 417 ternarius
688 371 936 426 iambicus,
960 388 1056 433 quo
1080 372 1324 435 tragoediae
1350 381 1397 418 et
1428 390 1608 418 comoe-

146 447 235 493 diae
282 448 566 505 scribuntur,
608 448 697 512 ipsi
746 447 950 511 ¹'jugiter
997 447 1156 494 iambo
1198 459 1244 495 et
1286 449 1386 495 sinc
1433 449 1607 495 auxilio

148 523 312 587 Opedis
350 523 538 569 alterius
572 532 772 581 constat,
798 542 823 570 a
847 541 942 586 quo
969 524 1267 579 nominatur3
1306 524 1385 571 sed
1413 525 1610 571 varicta-

146 599 206 644 tis
245 616 409 645 caussa
449 600 645 664 precipit
680 599 941 664 dactylum,
980 600 1260 663 spondeum,
1298 609 1609 665 anapaestum,

146 675 436 737 tribrachyn.
507 676 650 723 Fiunt
675 677 834 740 itaque
860 693 1057 722 numero
1082 676 1308 739 quinque,
1333 678 1414 740 qui
1442 695 1610 724 conve-
1628 703 1645 724 2

147 750 344 806 nienter,
362 761 502 815 prout
521 753 639 798 ratio
661 753 983 816 postulaverit,
1000 753 1151 799 ‘linter
1169 772 1217 800 se
1235 754 1501 801 variantur:
1529 754 1610 800 sed

148 827 197 873 in
236 828 433 874 sinistris
471 829 673 892 pedibus
721 830 877 894 ipsum
923 830 1097 876 rdebet
1137 830 1343 893 recipere
1381 831 1611 888 iambum,

147 912 228 950 aut
268 904 559 969 tribrachyn,
597 914 678 952 aut
714 906 1077 969 pyrrhichium;
1131 916 1297 969 quarta
1340 917 1499 953 tamen
1543 925 1612 953 re-

146 980 301 1042 gione,
339 981 493 1044 ipsum
534 990 765 1046 perpetuo
806 981 1088 1029 dominum:
1142 983 1189 1028 in
1227 982 1403 1029 dextris
1444 1001 1610 1046 quem-

148 1057 281 1113 libet,
307 1065 357 1102 ut
394 1057 516 1104 Sfors
554 1058 794 1114 obtulerit,
819 1057 877 1104 de
913 1076 1052 1122 supra
1082 1060 1369 1107 memoratis.
1439 1060 1499 1106 In
1535 1078 1647 1111 (ΞΟ-3

149 1132 338 1179 moediis
377 1151 484 1178 vero
523 1133 663 1179 latius
704 1134 933 1188 funditur,
969 1139 1036 1180 tet
1073 1136 1183 1181 licet
1218 1145 1374 1182 currat
1406 1136 1528 1182 sicut
1563 1136 1610 1182 in

148 1209 392 1273 tragoediis
418 1211 626 1257 senarius
654 1212 856 1267 iambus,
883 1220 1070 1257 vtamen
1097 1212 1266 1275 recipit
1297 1212 1440 1275 pedes
1470 1230 1612 1276 spon-

147 1286 288 1331 deum
317 1295 361 1332 et
386 1286 648 1350 dactylum,
674 1296 984 1350 anapaestum,
1011 1288 1505 1350 proceleusmaticum,
1532 1288 1612 1334 tri-

147 1363 375 1425 brachyn,
411 1363 759 1426 pyrrhichium,
785 1373 833 1410 et
860 1364 1016 1427 ipsum
1043 1374 1074 1393 w
1088 1364 1338 1410 (lominum
1377 1365 1610 1422 iambum,

145 1438 256 1484 Xsed
283 1439 329 1484 in
355 1438 532 1485 dextris
560 1439 775 1502 pedibus.
843 1439 900 1486 In
927 1439 1164 1486 comoedia
1189 1458 1525 1503 quemcunque
1551 1459 1609 1487 ex

148 1514 219 1559 his
244 1515 322 1560 yin
349 1514 562 1572 sinistris,
586 1516 902 1581 Ztribrachyn,
927 1516 1277 1580 pyrrhichium,
1299 1525 1345 1563 et
1370 1518 1577 1581 seipsum
1598 1537 1609 1571 3

146 1590 401 1653 aliquando
426 1591 473 1637 in
513 1591 721 1638 secundo
746 1601 793 1639 et
829 1601 989 1639 asexto
1014 1593 1134 1648 loco,
1160 1602 1207 1639 et
1231 1602 1526 1657 anapaestum
1565 1603 1612 1640 et

148 1668 641 1729 proceleusmaticum.
713 1670 898 1722 Quarto
927 1688 1052 1725 vero,
1079 1679 1159 1715 aut
1196 1670 1296 1733 ipse
1332 1679 1413 1715 aut
1449 1687 1611 1733 proce-

150 1744 458 1790 leusmaticus
501 1745 632 1791 besse
673 1746 830 1801 debet,
873 1746 1024 1808 magis
1070 1746 1119 1791 in
1158 1754 1391 1807 quantum
1438 1754 1609 1808 potest,

149 1820 283 1883 cipse
315 1821 548 1866 catalexin
587 1822 700 1867 facit
735 1821 782 1867 in
819 1822 1033 1867 bacchio.
1104 1821 1292 1867 Feritur
1314 1838 1504 1883 quoque
1540 1835 1648 1867 se-4

150 1896 305 1941 narius
339 1895 571 1942 iambicus
612 1898 895 1944 combinatis
934 1897 1134 1961 pedibus
1173 1896 1291 1955 dter,
1328 1908 1373 1943 et
1411 1898 1608 1961 singulis

149 1972 583 2018 combinationibus
632 1974 922 2037 praeponitur
951 1974 1203 2036 requilibet
1244 1991 1327 2037 pes
1370 1973 1428 2020 de
1468 1992 1609 2038 supra

151 2048 421 2094 memoratis
455 2047 695 2111 fquinque
721 2050 935 2113 pedibus.
1006 2050 1130 2096 Item
1158 2049 1462 2114 subjungitur
1488 2068 1607 2097 unus

202 2258 222 2277 n
237 2250 424 2300 jungitur]
439 2251 584 2298 jugiter
603 2252 697 2288 A.B.
873 2258 888 2273 0
910 2252 1059 2289 alterius
1078 2254 1201 2303 pedis]
1219 2256 1323 2301 pedis
1343 2255 1492 2290 alterius
1510 2255 1605 2293 A.B.

147 2311 167 2339 P
188 2304 333 2353 recipit]
359 2307 488 2352 recepit
508 2306 553 2340 A.
665 2312 684 2339 q
707 2306 743 2340 in
768 2306 822 2353 se]
847 2308 940 2342 inter
958 2320 994 2342 se
1014 2308 1058 2342 Β.
1189 2314 1203 2333 1‘
1220 2307 1358 2344 debent
1378 2309 1521 2357 rapere]
1546 2310 1606 2344 de-

150 2359 204 2393 bet
227 2360 383 2405 recipere
402 2359 496 2393 A.B.
656 2365 670 2384 S
692 2359 785 2407 fors]
799 2359 905 2407 fores
924 2361 972 2397 A.
1149 2360 1163 2386 ἴ
1182 2360 1267 2397 licet
1288 2362 1411 2397 'currat
1431 2360 1546 2410 sicut]
1573 2367 1608 2398 et

151 2412 233 2446 levit
253 2413 366 2446 currit
385 2413 489 2447 sicuti
511 2414 543 2446 in
566 2412 609 2447 A.
633 2417 665 2449 el
688 2414 768 2447 licet
789 2416 901 2448 currit
932 2416 1037 2449 sicuti
1060 2416 1094 2448 ιή
1116 2414 1159 2449 Β.
1217 2415 1310 2450 Mox
1339 2416 1490 2449 senariis
1515 2417 1607 2451 iam-

151 2465 212 2499 bus
233 2465 328 2499 Ven.
469 2471 489 2490 V
510 2464 658 2513 Recipit
679 2465 777 2501 enim
800 2467 929 2515 pedes]
954 2472 1072 2502 tamen
1093 2469 1225 2515 recepit
1249 2468 1393 2515 (recipit
1413 2468 1478 2514 B.)
1500 2470 1607 2516 perles

148 2518 335 2564 spondium
355 2519 561 2552 dactilicum
584 2519 785 2566 (dactylum
808 2521 871 2566 B.)
895 2521 989 2557 A.B.
1011 2522 1103 2556 enim
1123 2533 1197 2556 om.
1220 2522 1316 2557 Ven.
1437 2528 1466 2546 W
1486 2520 1524 2557 in
1545 2534 1604 2558 se-

148 2569 271 2605 cundo
292 2570 505 2617 dominum]
532 2572 568 2605 z'n
587 2574 740 2607 secundo
761 2586 836 2608 oni.
858 2575 903 2609 A.
1045 2581 1065 2599 X
1085 2582 1122 2609 et
1142 2573 1181 2609 in
1202 2573 1357 2620 dextris]
1380 2576 1442 2610 sed
1463 2576 1498 2610 in
1518 2577 1604 2610 dex-

150 2624 234 2658 teris
253 2623 300 2658 A.
320 2624 381 2657 sed
403 2624 438 2657 ἱη
457 2624 591 2658 cleoetris
611 2624 706 2660 Ven.
763 2626 856 2662 Mox
877 2639 1094 2674 quaecunque
1116 2627 1208 2663 Ven.
1330 2634 1350 2662 Y
1370 2626 1544 2676 sinistris]
1568 2630 1605 2663 in

148 2678 301 2711 sinistris
319 2675 417 2711 A.B.
565 2682 583 2701 Ζ
604 2676 827 2726 tribrachyn,
849 2679 1120 2728 pyrrhichium]
1148 2680 1338 2716 tribrachz's
1357 2686 1391 2716 et
1406 2682 1605 2727 pyrricium

148 2729 243 2764 A.B.
381 2734 400 2754 a
421 2729 457 2763 in
479 2735 583 2764 sexto
603 2729 704 2777 loco]
737 2736 834 2766 sexto
856 2733 931 2767 loco
960 2738 995 2767 et
1024 2739 1236 2780 anapestum
1264 2739 1298 2769 et
1323 2734 1603 2780 proceleumati-

149 2795 229 2817 cum
248 2782 342 2817 A.B.
453 2779 472 2807 b
493 2782 603 2818 debet
623 2783 721 2829 esse]
750 2796 822 2818 esse
841 2785 943 2820 (lebet
960 2785 1059 2821 A.B.
1083 2787 1177 2822 Ven.
1306 2792 1323 2812 c
1344 2786 1439 2834 ipse]
1463 2787 1539 2832 ipsa
1558 2786 1602 2821 A.

149 2832 168 2860 ‘1
188 2843 226 2871 et
247 2833 420 2883 singulis]
445 2839 498 2869 ter
517 2839 551 2870 et
570 2836 720 2882 singulis
739 2837 782 2872 A.
894 2844 910 2863 e
930 2837 990 2886 qui
1010 2837 1121 2886 libet]
1148 2841 1208 2887 qui
1229 2841 1309 2875 licet
1332 2839 1377 2874 B.
1463 2836 1478 2863 f
1494 2837 1604 2886 quin-

150 2889 241 2936 que]
267 2889 422 2935 quinqzte
438 2888 587 2934 pedibus
605 2889 700 2925 A.B.
