1962 3355
146 193 252 224 CAP.
274 189 350 226 25.
600 178 686 224 De
710 177 844 241 elego
864 183 1180 240 pentametro.
1506 183 1600 234 477

146 306 371 362 Pspectat,
395 297 657 362 prudentiae
694 305 788 343 tuae
823 296 1037 341 sensibus
1071 295 1349 359 explanasse
1385 294 1602 342 sufficiat.

146 375 317 421 Cetera
351 393 460 422 vero
495 384 659 429 metra,
694 391 800 436 quae
832 381 944 419 sunt
981 372 1203 419 tortuosis
1237 371 1603 418 obscuritatibus

147 451 434 515 qimplicata,
470 469 524 498 ac
564 450 823 496 multarum
864 466 1019 496 rerum
1059 447 1329 495 diversitate
1364 448 1604 512 perplexa,

146 528 427 591 opportunis
470 526 764 591 temporibus
807 543 860 572 ac
901 525 1038 572 certis
1080 525 1341 571 rationibus
1378 523 1603 570 edocebo.

148 605 268 657 Quae
295 604 487 666 quidem
514 604 675 651 omnia
701 603 740 649 si
773 603 878 666 quis
904 602 1148 667 profundis
1175 602 1389 647 sensibus
1414 600 1606 646 intima-

148 681 222 737 rit,
249 700 301 728 ac
334 682 513 728 sincera
537 681 712 727 mentis
747 679 1033 726 rintentione
1069 677 1375 742 perspexerit,
1400 685 1448 723 et
1472 693 1605 722 com-

147 758 328 822 petenti
373 757 529 804 studio
568 756 933 821 sdiligentiaque
979 755 1244 811 servaverit,
1284 771 1376 800 non
1415 761 1603 799 tantum

148 835 248 898 ipse
277 834 324 880 in
359 833 633 897 tpangenda
656 833 999 879 versificatione
1034 831 1247 896 pollebit,
1271 847 1433 877 verum
1459 829 1602 876 etiam

147 911 232 957 vde
257 911 455 957 aliorum
489 909 793 967 carminibus,
817 909 1036 972 quotiens
1070 908 1260 954 libitum
1288 907 1445 961 fuerit,
1462 905 1605 968 justis

149 987 408 1034 rationibus
428 995 514 1033 wet
530 986 927 1049 irreprehensibili
951 984 1183 1031 sententia
1200 983 1605 1046 judicabit‚xquae

150 1074 298 1111 metra
324 1064 496 1126 quibus
521 1063 720 1127 pedibus
746 1073 979 1127 regantur.

369 1216 487 1262 CAP.
513 1216 676 1262 XXV.
734 1216 816 1262 DE
841 1231 1001 1262 ELEGo
1029 1229 1383 1261 PENTAMETRO.

214 1304 418 1366 Elegum
453 1313 659 1349 metrum
697 1303 819 1349 binis
851 1303 1062 1349 versibus
1095 1311 1295 1357 constat,
1329 1301 1607 1347 hexametro

148 1380 381 1436 yheroico,
406 1379 663 1441 subjuncto
687 1378 919 1442 quinario,
987 1379 1120 1425 Prior
1142 1378 1287 1443 pedes
1309 1375 1511 1424 zheroici
1537 1392 1607 1422 re-

148 1457 280 1520 cipit,
316 1456 546 1520 posterior
580 1465 895 1520 pentameter,
927 1455 975 1502 id
1016 1464 1088 1502 est
1127 1454 1388 1518 quinariuS,
1423 1451 1609 1499 scandi-

149 1542 226 1578 tur
263 1533 492 1579 zzduabus
531 1532 897 1596 semiquinariis,
936 1532 999 1579 ita
1041 1542 1095 1579 ut
1135 1531 1368 1596 posterius
1417 1546 1609 1576 comma

148 1608 267 1655 duos
292 1609 505 1673 dactylos
532 1610 704 1656 habeat
728 1619 775 1655 et
801 1610 1109 1673 semipedem,
1135 1607 1264 1671 quod
1293 1624 1442 1670 genus
1478 1625 1610 1654 scan-

151 1686 294 1731 sionis
331 1695 402 1732 est
439 1686 670 1732 usitatius,
739 1686 835 1731 Alii
872 1704 982 1732 vero
1025 1686 1090 1732 sic
1128 1685 1392 1732 scandunt:
1446 1684 1610 1730 feritur

151 1762 418 1824 quinquies,
443 1763 489 1808 in
517 1762 682 1826 primis
708 1762 891 1808 duabus
917 1762 1234 1824 gressionibus
1267 1760 1476 1807 admittit
1501 1760 1610 1806 dac-

152 1839 304 1901 tylum
333 1846 379 1883 et
405 1838 685 1901 spondeum,
711 1847 807 1884 tam
847 1839 1049 1884 invicem
1084 1839 1208 1884 inter
1232 1855 1279 1883 se
1304 1837 1610 1901 compositos,

152 1923 324 1977 aquam
371 1932 470 1960 sese
507 1914 745 1972 iterantes,
782 1923 923 1977 prout
961 1914 1079 1960 ratio
1126 1913 1464 1978 postulaverit3
1519 1923 1609 1959 ter-

152 1991 265 2036 tiam
310 1991 548 2053 regionem
590 1991 690 2036 sine
731 1990 878 2036 dubio
918 2000 1148 2054 perpetuo
1189 1990 1426 2054 spondeus
1468 1990 1610 2036 debet

154 2069 341 2114 habere.
411 2067 503 2113 bEt
529 2068 567 2112 si
600 2068 845 2114 memorati
882 2067 1016 2132 pedis
1048 2069 1236 2114 brevem
1274 2067 1479 2132 priorem
1517 2067 1610 2131 syl-

206 2273 226 2300 P
246 2273 402 2315 spectat,
423 2265 629 2314 prudentiae
661 2273 733 2302 tuae
759 2267 849 2303 satis
876 2266 1094 2315 explanasse
1124 2264 1298 2313 sufficiat]
1333 2270 1497 2313 expectat
1516 2278 1609 2313 pru-

152 2321 281 2356 dentice
313 2324 382 2355 tuce
418 2319 575 2355 sensibus
607 2321 816 2367 explanasse
849 2320 944 2356 ΑΒ.
1021 2320 1131 2369 Seqq.
1163 2319 1339 2369 leguntur
1372 2331 1482 2369 supra
1515 2331 1548 2355 c.
1577 2331 1608 2355 1.

152 2380 172 2407 q
193 2371 373 2421 implicita
392 2384 434 2407 ac
455 2371 675 2420 multarum]
697 2374 882 2420 implicata
904 2386 947 2409 ac
965 2374 1166 2409 multarum
1185 2385 1305 2409 rerum
1327 2373 1371 2409 B.
1514 2379 1531 2398 r
1551 2370 1608 2408 in—

153 2425 342 2472 tentione]
369 2427 576 2461 intentionis
596 2426 641 2462 B.
785 2432 800 2452 s
820 2425 1056 2477 diligenterq3
1079 2425 1294 2473 servaverit]
1317 2427 1513 2473 diligentia?
1533 2438 1610 2473 quce

152 2481 307 2515 servavit
328 2480 372 2514 A.
391 2479 549 2514 distentio
569 2492 636 2527 que
653 2481 807 2516 servarit
827 2480 872 2517 B.
1007 2480 1022 2507 t
1042 2480 1270 2530 peragenda]
1294 2480 1491 2528 pangenda
1510 2479 1608 2515 A.B.

153 2539 171 2558 V
192 2540 229 2567 et
250 2530 425 2576 aliorum]
448 2533 491 2567 de
508 2533 663 2569 aliorum
681 2534 725 2569 A.
731 2533 776 2569 B.
901 2539 930 2558 W
951 2534 1005 2581 et]
1028 2535 1071 2570 cle
1091 2535 1186 2570 Ven.
1314 2540 1334 2559 Χ
1355 2531 1508 2582 quibus]
1533 2545 1610 2580 quoe

154 2590 270 2621 metra
291 2585 416 2632 quibus
435 2586 480 2620 A.
484 2585 530 2620 B.
722 2593 741 2620 y
760 2587 910 2622 heroico
931 2587 1148 2646 subj-uncto]
1172 2588 1278 2623 heroo
1299 2592 1334 2622 et
1354 2585 1542 2632 subjuncto
1561 2587 1608 2621 Β.

154 2646 172 2665 2
192 2638 333 2675 heroici
363 2636 506 2686 recipit,
528 2638 710 2696 posterior
736 2640 972 2688 pentametri
1009 2640 1038 2676 is
1056 2649 1114 2677 est
1136 2639 1339 2689 quinarius.
1398 2638 1607 2679 Scanditur,

157 2699 197 2728 ut
216 2692 296 2728 duae
325 2689 608 2750 semiquinariae‚
630 2690 682 2726 ita
700 2699 742 2727 ut
762 2694 962 2740 posterius]
1000 2694 1097 2730 heroi
1123 2696 1256 2754 recepit
1280 2694 1460 2740 posterior
1477 2697 1608 2739 penta-

154 2750 266 2781 meter
286 2746 323 2780 id
342 2750 393 2780 est
408 2745 606 2791 quinarius.
649 2746 837 2780 scanditur
862 2747 935 2781 (lua
955 2749 1230 2808 sertzz‘quz'nariis,
1254 2748 1290 2782 id
1310 2751 1349 2782 ut
1366 2746 1545 2793 posterior
1561 2744 1607 2779 A.

155 2800 192 2834 id
211 2803 260 2834 est
282 2799 479 2845 quinarias.
508 2798 696 2832 scanditur
715 2799 840 2834 diabus
857 2801 1132 2847 semiquinariis,
1151 2801 1186 2836 id
1199 2805 1251 2836 est
1271 2804 1311 2835 ut
1327 2812 1366 2845 p.
1387 2799 1434 2834 B.
1508 2803 1546 2823 ²2
1568 2804 1609 2832 ut

156 2851 346 2888 duae—ita
366 2851 422 2896 ut]
445 2851 616 2885 cluae—id
635 2855 687 2885 est
707 2856 748 2885 ut
770 2851 863 2887 Ven.
1046 2860 1066 2879 a
1084 2865 1194 2902 quam
1215 2865 1254 2888 se
1274 2850 1476 2897 irritantes]
1502 2861 1610 2898 quam

155 2917 227 2941 sese
247 2906 418 2941 iterantes
438 2903 530 2939 AB.
662 2900 682 2929 b
703 2902 732 2939 si
754 2904 964 2953 memorati]
990 2911 1025 2942 et
1044 2908 1074 2942 si
1094 2906 1280 2942 memorati
1299 2906 1343 2941 A.
1346 2905 1392 2940 Β.
