1962 3355
331 190 421 238 160
836 189 994 236 Marii
1022 188 1266 236 Victorini
1576 201 1673 232 Lm.
1697 201 1772 232 111.

323 311 482 358 tractis
507 311 782 357 hexametro
807 328 900 356 non
929 320 980 356 ut
1006 310 1242 373 superiore
1269 308 1465 360 ultimis,
1491 305 1571 351 sed
1608 306 1773 369 primis

324 387 507 434 duobus
533 387 1086 451 pedibus,ytetra1netros
1114 383 1386 445 hujusmodi
1407 381 1611 438 induxit,
1628 382 1773 440 velut,

523 463 779 510 Damoetas
804 469 851 508 et
881 462 1082 525 Lyctius
1105 460 1283 523 AEgon.

323 538 534 601 dempto,

527 612 805 660 Cantabunt
829 611 946 658 mihi

324 688 449 750 quod
477 698 547 734 est
572 689 737 750 δίμοιρον
762 686 912 734 ἐπικόνε
948 686 1080 742 item,

522 764 591 809 Et
615 763 756 826 longo
774 769 883 824 post
909 768 1115 823 tempore
1137 760 1266 807 venit

325 841 526 895 sublato,

522 915 752 976 Respexit
777 921 935 960 tamen

267 1014 299 1034 11
323 991 459 1037 aliam
501 989 639 1052 epodi
676 989 884 1052 speciem
919 987 1203 1043 informavit,
1245 1005 1270 1033 e
1307 1004 1402 1049 quo
1440 1005 1609 1051 genere
1648 987 1772 1052 apud

322 1065 579 1112 Horatium
606 1064 720 1110 tales
747 1063 885 1126 epodi
911 1062 1216 1120 inducuntur,
1240 1072 1293 1109 ut
1319 1062 1366 1108 in
1391 1063 1488 1121 illo,

390 1140 686 1187 Laudabunt
712 1138 797 1185 alii
822 1138 1003 1185 claram
1032 1140 1233 1186 Rhodon
1259 1146 1344 1186 aut
1368 1139 1660 1204 Mitylenen,

322 1218 396 1264 cui
423 1217 698 1263 hexametro
722 1216 873 1261 Zhanc
897 1215 1083 1278 epodon
1110 1215 1336 1271 subdidit,

394 1292 542 1358 [stAzct
566 1290 834 1356 Ephesum]
868 1291 1120 1338 bimarisve
1143 1292 1164 1320 b
1179 1292 1402 1339 Corinthi

322 1378 376 1416 ut
401 1369 608 1415 diximus
634 1385 658 1413 e
683 1376 956 1413 tetrametro
981 1367 1293 1431 compositam
1315 1386 1325 1413 t
1364 1367 1554 1424 dehinc,

389 1444 592 1498 Maenia,
618 1444 693 1490 vel
714 1444 906 1490 Baccho
934 1443 1132 1499 Thebas,
1156 1443 1234 1490 vel
1255 1443 1484 1506 Apolline
1508 1442 1726 1505 Delphos

321 1530 442 1585 post,

524 1596 734 1659 Insignis
759 1604 842 1643 aut
873 1596 1102 1643 Thessala
1134 1597 1320 1660 Tempe.

268 1694 303 1715 12
324 1673 493 1734 Itaque
518 1672 581 1717 ⁰si
608 1673 784 1736 primos
809 1672 926 1719 duos
952 1673 1106 1737 epodo
1131 1674 1276 1737 pedes
1303 1672 1510 1734 adjicias,
1528 1673 1611 1718 fiet
1630 1671 1773 1718 hexa-

323 1758 472 1794 meter
497 1748 617 1805 talis,
643 1758 697 1794 ut
720 1749 766 1794 in
788 1750 971 1803 eodem,

388 1824 688 1871 Laudabunt
713 1825 798 1871 alii
823 1825 1004 1872 claram
1032 1826 1233 1872 Rhodon
1258 1832 1346 1871 aut
1371 1823 1659 1887 Mitylenen,

390 1900 444 1946 Si
460 1898 783 1963 proficisceris
808 1908 892 1947 aut
917 1902 1139 1964 Epheson
1166 1902 1415 1948 bimarisve
1443 1899 1662 1947 Corinthi

388 1975 592 2033 Maenia,
616 1977 694 2023 vel
715 1977 906 2023 Baccho
940 1978 1141 2034 Thebas,
1166 1978 1243 2024 vel
1263 1976 1498 2040 Apolline
1522 1976 1740 2038 Delphos

388 2053 611 2114 Aspicies
634 2053 791 2115 magis
815 2054 1019 2116 insignis
1043 2061 1128 2100 aut
1162 2053 1394 2100 Thessala
1428 2053 1614 2114 Tempe.

269 2149 303 2177 13
324 2127 458 2174 Idem
479 2128 794 2174 Archilochus
819 2130 1095 2191 penultimis
1118 2130 1245 2175 heroi
1268 2129 1532 2174 hexametri
1558 2128 1773 2191 partibus

324 2202 505 2264 adjecta
540 2202 721 2265 syllaba
750 2203 1020 2264 hujusmodi
1049 2222 1233 2250 versum
1272 2204 1480 2261 induxit,
1504 2203 1584 2265 qui
1621 2212 1773 2248 metro

323 2278 588 2342 ccphallico,
609 2278 655 2323 id
680 2287 750 2323 est
773 2279 922 2324 tribus
938 2280 1155 2326 trochaeis
1178 2279 1371 2333 ultimis,
1393 2279 1701 2334 clauderetur,
1720 2289 1773 2325 ut

323 2364 409 2410 est,

389 2430 465 2477 At
488 2430 603 2477 tuba
627 2429 893 2477 terribilem
916 2431 1121 2477 sonitum
1149 2431 1278 2478 dedit
1301 2447 1390 2478 cere
1415 2447 1600 2477 canoro.

321 2506 522 2568 Adjecta
545 2505 698 2552 denim
727 2515 834 2552 ante
861 2507 1053 2552 ultimos
1080 2506 1222 2570 pedes
1245 2506 1332 2553 sed
1354 2507 1550 2570 syllaba,
1574 2507 1671 2561 fiet,

374 2688 394 2716 Y
415 2682 665 2728 tetrametros]
690 2689 945 2717 tetrametrum
971 2681 1010 2716 P.
1139 2687 1157 2707 Ζ
1175 2680 1422 2730 compositam
1446 2689 1662 2718 tetrametro
1680 2695 1771 2732 epo-

323 2734 396 2770 don
419 2734 536 2781 addit]
561 2734 656 2769 hanc
678 2734 840 2784 epodum
862 2732 1027 2770 subdidit
1047 2734 1086 2769 P.
1291 2735 1403 2770 aAut
1414 2735 1612 2794 Ephesum
1629 2748 1704 2771 om.
1727 2736 1769 2771 P.

322 2785 342 2812 b
376 2786 563 2834 Corinthi]
603 2786 785 2822 Corinthi.
862 2788 915 2823 Ut
948 2786 1108 2822 diximus
1140 2799 1160 2822 e
1194 2793 1409 2823 tetrametro
1446 2788 1693 2837 compositam
1729 2789 1769 2824 P.

323 2847 339 2867 0
358 2840 472 2889 pedes
491 2839 521 2876 si
540 2840 679 2888 primos
699 2840 791 2876 duos
806 2840 958 2888 Epodo]
977 2839 1006 2875 si
1028 2839 1168 2898 primus
1188 2839 1362 2889 duepodo
1383 2840 1494 2889 pedes
1514 2841 1554 2878 P.
1611 2848 1645 2868 cc
1663 2841 1771 2891 phal-

322 2893 411 2940 lico]
437 2892 614 2942 phalaecio
636 2892 730 2942 vulg.
751 2901 788 2928 et
811 2892 862 2928 sic
883 2905 967 2928 mox
989 2892 1131 2941 saepius.
1243 2890 1262 2919 d
1279 2893 1400 2940 enim]
1426 2893 1516 2929 nihil
1538 2895 1581 2931 P.
