1962 3355
94 197 200 227 CAP.
227 192 269 228 4.
663 181 747 226 De
762 180 981 243 pedibus.
1448 189 1540 227 335

93 303 278 349 iambus
319 319 375 349 ex
418 302 544 349 brevi
583 310 630 348 et
669 303 826 364 longa,
866 301 1122 356 trochaeus,
1164 318 1304 362 quem
1348 302 1543 364 quidam

94 379 289 426 chor-ion
333 379 586 443 appellant,
622 396 680 425 ex
722 379 864 441 longa
904 387 951 424 et
998 378 1140 423 brevi.
1211 379 1276 424 Et
1314 380 1543 442 trisyllabi

93 465 226 501 octo:
263 456 494 519 dactyIUS,
520 472 580 501 ex
615 455 756 517 longa
779 462 826 500 et
857 454 1041 500 duabus
1078 455 1336 510 ‘brevibus‚
1362 473 1547 519 anapae-

94 541 192 576 stus
230 550 289 578 ex
325 532 507 578 duabus
543 530 763 577 brevibus
801 539 847 576 et
880 531 1034 593 longa,
1072 532 1269 577 creticus
1312 549 1368 577 ex
1406 532 1546 595 longa

92 614 169 653 vet
205 609 331 654 brevi
358 618 405 655 et
440 609 596 672 longa,
621 606 991 671 amphibrachys
1024 625 1082 654 cx
1120 608 1246 653 brevi
1283 616 1368 654 wet
1405 608 1547 672 longa

92 693 140 729 et
175 685 318 739 brevi,
345 685 670 732 antibacchius
707 702 762 730 ex
796 684 922 730 brevi
949 693 995 729 et
1020 685 1205 730 duabus
1242 684 1409 748 longis,
1441 686 1548 731 bac-

92 761 227 807 chius
263 781 323 808 ex
359 763 542 809 duabus
584 763 734 826 longis
766 771 813 808 et
850 762 991 819 brevi,
1031 762 1260 808 molossus
1302 780 1362 809 ex
1397 763 1546 810 tribus

91 837 259 900 longis,
284 839 549 903 tribrachys
576 858 633 886 ex
659 839 806 885 tribus
834 839 1067 885 brevibus.
1129 839 1281 901 Igitur
1306 838 1545 902 simplices
1567 860 1583 881 2

91 913 318 977 duplicati
356 916 534 962 faciunt
572 916 860 980 compositos
896 915 1038 979 pedes
1079 932 1175 969 sex,
1207 915 1286 977 qui
1324 925 1434 961 sunt
1470 916 1547 961 hi:

91 1008 148 1036 ex
187 991 396 1053 spondeo
421 1001 467 1038 et
503 993 780 1056 pyrrhichio
805 993 987 1039 ionicus
1022 992 1098 1038 ἀπὸ
1133 993 1320 1053 μείζονος,
1344 1011 1399 1038 ex
1439 1012 1549 1057 pyr-

90 1066 276 1112 rhichio
312 1077 358 1113 et
394 1068 602 1131 spondeo
639 1069 819 1114 ionicus
856 1068 931 1114 ἀπὸ
965 1070 1193 1120 ἐλάσσονος,
1220 1086 1276 1115 ex
1314 1070 1476 1115 chorio
1501 1079 1547 1116 et

91 1142 250 1188 iambo
276 1143 594 1199 choriambus,
619 1162 678 1190 ex
713 1145 872 1190 iambo
899 1155 945 1190 et
971 1145 1133 1191 chorio
1159 1147 1462 1209 antispastus,
1487 1164 1543 1192 ex

90 1219 299 1264 trochaeo
324 1229 370 1264 et
395 1219 672 1282 pyrrhichio
697 1229 863 1282 -Vpaeon
885 1221 1081 1283 primm,
1108 1238 1163 1265 ex
1187 1221 1347 1266 iambo
1368 1232 1412 1267 et
1440 1240 1548 1285 pyr-

89 1295 275 1340 rhichio
299 1304 454 1359 Zpaeon
483 1296 670 1357 δεύτερος,
696 1303 781 1341 aex
807 1296 1083 1359 pyrrhichio
1105 1307 1149 1342 et
1178 1298 1383 1343 trochaeo
1409 1316 1545 1361 paeon

88 1372 234 1435 τρίτος,
259 1389 317 1417 ex
343 1372 619 1436 pyrrhichio
645 1381 690 1418 et
716 1373 876 1418 iambo
902 1390 1036 1435 paeon
1056 1374 1258 1435 τέταρτος,
1278 1391 1334 1419 cx
1361 1373 1546 1420 duobus

88 1449 306 1495 trochaeis
345 1448 646 1504 ditrochaeus,
682 1465 741 1494 ex
777 1447 963 1494 duobus
996 1448 1165 1494 iambis
1202 1449 1454 1506 diiambus,
1489 1469 1546 1497 ex

88 1525 273 1571 duobus
315 1525 536 1588 spondeis
581 1525 884 1589 dispondeus,
923 1543 979 1571 ex
1028 1525 1212 1571 duobus
1258 1527 1546 1589 pyrrhichiis

88 1601 550 1665 proceleusmaticuS,
575 1619 635 1647 ex
660 1602 820 1647 iambo
846 1611 893 1647 et
929 1602 1139 1664 spondeo
1165 1602 1414 1666 bepitritus
1452 1605 1547 1667 pri-

88 1696 211 1735 mus,
249 1697 308 1724 ex
346 1680 553 1725 trocliaeo
596 1688 643 1724 et
685 1678 895 1742 spondeo
936 1679 1153 1742 epitritus
1202 1679 1451 1737 secundus,
1488 1698 1545 1726 ex

90 1756 301 1819 spondeo
326 1766 371 1802 et
408 1756 567 1802 iambo
593 1756 809 1819 epitritus
842 1757 1024 1813 tertius,
1049 1773 1105 1802 ex
1144 1756 1354 1820 spondeo
1379 1767 1426 1803 et
1455 1766 1547 1803 tro-

89 1834 221 1879 chaeo
245 1832 461 1896 epitritus
487 1842 696 1895 quartus.

155 1908 286 1972 Ergo
306 1926 413 1954 cum
438 1926 560 1954 unus
588 1926 668 1971 pes
695 1909 899 1972 simplex
921 1908 990 1954 bis
1015 1908 1196 1972 positus
1223 1909 1543 1972 compositum
1564 1935 1582 1963 3

88 1986 259 2050 pedem
297 1985 474 2041 fecerit,
501 1984 666 2030 Graece
703 1983 886 2045 συζυγία,
912 1984 1084 2030 Latine
1122 1983 1395 2048 conjugatio
1431 1985 1547 2032 dici-

88 2072 177 2108 tur.
250 2061 375 2107 Haec
400 2071 557 2106 autem
584 2077 693 2106 cum
721 2059 837 2106 duos
865 2060 1006 2123 pedes
1033 2060 1208 2106 similes
1225 2061 1388 2123 jungit
1412 2068 1546 2108 Clau-

88 2138 292 2200 topode'a,
317 2154 425 2183 curn
452 2136 657 2182 diversos
684 2137 874 2198 clipodia
901 2137 1175 2201 appellatur.
1235 2137 1303 2183 Hi
1331 2147 1440 2184 sunt
1465 2139 1546 2200 qui

88 2217 133 2262 in
171 2231 309 2261 usum
337 2222 538 2276 excepto
564 2213 754 2276 dactylo
778 2215 997 2260 omnium
1035 2214 1301 2260 carminum
1335 2215 1546 2270 veniunt,

87 2292 168 2354 qui
195 2291 431 2354 gressibus
457 2289 725 2336 dalternatis
747 2291 878 2352 quasi
898 2291 1140 2348 incedunt,
1160 2309 1243 2355 per
1265 2308 1423 2338 versus
1445 2309 1546 2337 mo-

87 2376 270 2414 ventur.
320 2366 417 2413 Hic
443 2376 512 2412 est
538 2376 695 2413 motus
722 2376 768 2413 et
793 2367 1036 2430 ingressio,
1063 2384 1207 2429 quam
1233 2368 1385 2421 Graeci
1414 2368 1547 2415 basin

142 2532 151 2552 t
174 2532 334 2566 brevibus
352 2543 428 2567 om.
452 2532 495 2567 V.
605 2538 624 2556 v
646 2533 757 2579 brevi]
783 2538 817 2568 et
838 2533 933 2569 brevi
955 2533 1000 2569 V.
1115 2540 1144 2558 w
1164 2534 1290 2580 longa]
1315 2539 1348 2569 et
1369 2536 1477 2582 longa
1501 2535 1544 2572 V.

89 2591 107 2609 Χ
129 2583 308 2620 Ordinem
332 2584 569 2633 periodorum
593 2586 728 2621 mutavi
750 2598 833 2622 cum
858 2586 901 2621 V.
1013 2593 1032 2620 y
1049 2599 1150 2634 pepon
1167 2587 1323 2634 primus]
1344 2600 1446 2635 poeon
1461 2604 1543 2635 πρω-

88 2653 139 2679 τος
159 2637 206 2673 V.
318 2644 335 2662 Ζ
355 2637 536 2683 discolius]
562 2650 667 2686 paeon
690 2641 826 2687 δευτερος
846 2639 891 2675 V.
991 2646 1010 2666 a
1024 2652 1066 2675 ea:
1082 2640 1292 2686 pyrrhichio
1309 2653 1410 2688 paeon
1432 2657 1543 2689 τριτος,

89 2703 131 2725 er
148 2690 356 2738 pyrrhichio
377 2695 411 2725 et
432 2691 547 2725 iambo
565 2702 669 2736 pepon
689 2708 842 2740 τεταρτος
862 2705 904 2727 ex
923 2693 1058 2728 dnobus
1081 2694 1241 2728 trvckoeis
1260 2695 1485 2735 ditrochaeus,
1504 2707 1546 2729 ea:

89 2745 225 2779 duobus
244 2744 369 2778 iambis
388 2746 510 2784 διπλους
535 2744 670 2778 iambus
689 2744 735 2779 V.
766 2758 832 2794 pro
853 2745 915 2781 Ex
931 2747 1141 2792 pyrrhichio
1164 2774 1171 2781 .
1196 2774 1203 2780 .
1226 2775 1233 2782 .
1255 2748 1373 2782 iambo
1394 2759 1436 2782 ex
1455 2748 1543 2782 (Iuo-

90 2798 152 2831 bus
190 2797 351 2832 trochoeis
383 2825 390 2832 .
417 2825 425 2832 .
448 2823 455 2831 .
482 2808 524 2831 ea*
558 2797 766 2842 pyrrhichio
798 2804 832 2833 et
862 2827 869 2833 .
890 2826 898 2834 .
923 2827 930 2835 .
961 2812 1003 2834 ex
1035 2800 1171 2835 (luobus
1201 2801 1327 2835 iambis
1355 2800 1543 2835 diiambus.

88 2847 109 2875 b
130 2852 292 2897 epitritos
309 2849 462 2897 primus]
488 2851 653 2895 epitritus
672 2852 808 2897 δευτερος
829 2852 874 2887 V.
977 2858 993 2877 ⁰
1015 2854 1244 2900 tautopodia]
1269 2854 1483 2899 cautopodia
1498 2853 1544 2888 V.

90 2900 107 2927 ‘¹
130 2905 339 2950 alternatis]
365 2904 537 2937 alternati
558 2901 604 2936 V.
