1962 3355
161 194 265 226 CAP.
288 187 311 226 5
322 216 331 225 .
717 177 800 223 De
825 175 1051 223 Pedibus.
1515 187 1611 235 429

160 307 429 345 astrenuum
467 298 635 345 ducem
672 297 879 350 tradunt,
910 296 991 359 qui
1024 312 1134 342 cum
1172 295 1395 341 crebriter
1429 313 1611 358 pugnas

160 376 313 430 iniret,
338 384 385 421 et
420 376 568 422 telum
604 392 712 422 cum
748 374 954 420 clamore
989 380 1243 435 torqueret,
1274 371 1380 418 bo'mb
1415 379 1484 419 τοῦ
1515 373 1610 418 ἰέναι

159 452 288 508 βάδην
313 451 508 498 Iambus
544 451 821 515 appellatur.
900 447 1084 494 Idcirco
1121 465 1178 494 ex
1217 449 1346 494 brevi
1387 456 1432 494 et
1468 448 1612 510 longa

159 527 329 590 pedem
369 527 499 573 hunc
536 544 636 572 esse
667 525 1002 590 compositum,
1028 525 1154 588 quod
1187 525 1261 571 chi
1288 525 1369 587 qui
1398 525 1613 586 jaculen-

160 611 237 648 tur
261 620 317 648 ex
345 603 470 649 brevi
497 621 683 650 accessu
710 603 758 649 in
784 611 1033 649 extensum
1069 619 1258 665 passum
1296 601 1613 665 proferuntur,

159 677 242 724 dut
279 679 535 742 promtiore
573 679 678 726 nisu
716 680 820 725 telis
859 679 1006 725 ictum
1049 680 1349 725 confirment.
1431 677 1613 724 Auctor

160 755 302 817 hujus
334 756 596 803 librationis
621 756 869 803 eArctinus
896 757 1092 803 Graecus
1119 755 1191 801 his
1216 754 1427 802 versibus
1454 754 1611 818 perhi-

160 832 311 887 betur,

887 900 904 944 ὅ
928 897 980 944 Ὗ
999 895 1175 959 Ἴαμβος

359 974 400 1028 ἐξ
424 974 558 1035 ὀλίγον
583 974 730 1028 διαβὰς
755 972 935 1037 προφᾶρῳ
958 972 1044 1020 ποδὶ
1070 973 1155 1037 ὄφρ’
1181 973 1218 1020 οἷ
1237 979 1334 1034 γυῖα

358 1050 559 1111 τεινόμενα
580 1049 711 1113 ῥώοιτο
734 1049 801 1095 καὶ
826 1050 1000 1102 εὐσθενὲς
1025 1046 1124 1101 εἶδος
1148 1048 1283 1110 ἕχησι.

228 1137 381 1198 Igitur
416 1137 545 1183 hunc
580 1136 749 1200 pedem
788 1136 859 1182 vel
895 1135 1180 1182 giambicum
1220 1152 1432 1198 gressum
1471 1134 1612 1199 prisci

161 1215 307 1278 Apuli
355 1214 620 1269 Dauniurn,
663 1231 687 1258 a
734 1212 853 1258 duce
903 1229 987 1258 suo
1032 1211 1244 1268 Daunio,
1289 1211 1614 1275 prodiderunt,

161 1289 317 1352 hquod
345 1290 381 1336 is
406 1290 587 1353 primus
620 1306 769 1351 quum
806 1287 1025 1334 adversus
1059 1305 1214 1334 acrem
1240 1287 1493 1333 Diomedis
1526 1305 1615 1350 pu-

161 1384 301 1429 gnam
344 1367 523 1412 bellum
559 1382 776 1428 asperum
817 1364 1011 1420 iniisset,
1042 1363 1220 1426 gradali
1257 1381 1417 1428 pugna
1452 1362 1614 1409 l²¹¹suos

160 1442 384 1488 dimicare
410 1441 632 1496 instituit,
657 1440 723 1487 iet
754 1441 941 1487 conlato
973 1440 1108 1504 pede,
1133 1439 1401 1503 assequenti
1437 1440 1616 1503 paulla-

160 1519 245 1564 tim
274 1517 467 1564 dextero
491 1517 712 1575 distento,
727 1526 773 1563 et
797 1516 1115 1581 progredienti
1142 1518 1262 1564 laevo
1287 1526 1334 1563 et
1357 1516 1486 1562 brevi
1511 1534 1616 1562 suc-

162 1613 310 1650 cessu,
336 1604 382 1641 et
406 1595 549 1657 longo
581 1594 788 1641 distentu
828 1593 999 1657 gradus
1032 1593 1173 1640 simul
1199 1603 1246 1641 et
1270 1593 1430 1640 knisus
1457 1595 1617 1641 firma-

162 1682 315 1725 retur3
369 1671 492 1718 unde
539 1689 634 1717 non
683 1671 923 1717 immerito
978 1670 1135 1717 melon
1186 1671 1314 1717 hunc
1355 1670 1613 1716 iambicum

164 1748 414 1794 Gradalem
442 1747 633 1810 quidam
675 1747 990 1810 lnuncupant‚
1015 1746 1319 1808 Gradivoque
1349 1745 1495 1791 Marti
1534 1764 1616 1792 au-

163 1834 347 1887 gurant‚
388 1823 515 1886 quod
563 1823 788 1887 gradariae
836 1839 1008 1886 pugnae
1052 1822 1195 1883 hujus
1242 1822 1410 1868 effectu
1457 1839 1616 1869 move-

164 1910 314 1947 antur.

218 2056 236 2075 a
256 2058 409 2086 strenuo
429 2050 538 2097 duce]
562 2056 745 2086 strenuum
765 2051 890 2085 (lucem
909 2049 1003 2085 Α.Β.
1023 2050 1178 2085 εένὲηίυο
1198 2049 1297 2085 Ven.
1489 2045 1509 2073 b
1527 2051 1617 2096 παρὰ

162 2104 199 2139 τὸ
229 2104 270 2139 ι’ὂν
298 2104 453 2150 βάλλειν]
476 2120 499 2138 α
521 2108 623 2138 ΡΟΤυ
651 2115 722 2141 ειη]
754 2108 905 2139 ΚαιΒαΝ
930 2103 1024 2139 A.B.
1054 2099 1225 2150 παρᾶτοιον
1253 2103 1394 2145 ,Βαλλειη
1426 2100 1522 2138 Ven.
1553 2102 1615 2136 ἀπὸ

162 2161 216 2192 τοῦ
236 2157 315 2192 ἰέναι
334 2158 436 2200 βάδην
454 2157 510 2192 Μ.
544 2156 757 2192 Victorinus
778 2169 887 2205 supra
908 2169 942 2205 p.
963 2166 1023 2203 57.
1167 2162 1183 2181 ⁰
1203 2154 1303 2204 quod
1323 2154 1345 2204 ij
1368 2153 1428 2202 qui
1445 2153 1614 2203 jaculan-

163 2210 240 2256 tur]
264 2212 357 2256 quod
378 2210 414 2245 hi
430 2208 714 2258 qaijaculentur
734 2209 1050 2255 A.B.jaczclentur
1065 2209 1161 2245 Ven.
1257 2205 1277 2233 d
1297 2215 1338 2243 ut
1358 2206 1508 2243 fortiore
1529 2206 1616 2243 nixu

163 2261 228 2298 teli
248 2263 384 2309 ictum]
408 2269 441 2298 et
462 2264 657 2310 promtiore
676 2264 754 2298 nisu
774 2264 852 2298 telis
871 2264 979 2298 ictum
1000 2262 1043 2298 A.
1061 2263 1280 2310 promotiore
1299 2263 1377 2297 nisu
1397 2261 1443 2296 Β.
1452 2260 1614 2308 fortiore

162 2317 244 2351 vixu
260 2317 339 2352 telis
349 2316 445 2352 Ven.
475 2316 568 2352 Mox
586 2317 794 2352 bibrationis
806 2317 849 2352 A.
907 2322 923 2341 e
934 2314 1124 2366 Agretius]
1140 2314 1378 2351 Arctinz'usA.
1395 2315 1561 2350 Artim'us
1570 2314 1614 2350 B.

162 2371 347 2416 agretinus
368 2370 460 2405 Ven.
581 2367 597 2394 f
612 2371 758 2416 ὃιιάμβος
777 2367 813 2410 ἐξ
831 2368 936 2416 ὀλίγον
955 2371 1073 2414 διαβὰς
1091 2369 1249 2417 προφέρω]
1273 2380 1292 2403 o
1307 2368 1442 2404 iambos
1456 2380 1499 2403 ex
1518 2369 1617 2413 oligu

163 2423 288 2457 (habas
313 2423 464 2470 profero
488 2424 595 2469 podio
612 2422 705 2470 frao
726 2425 783 2470 z'gv
804 2424 871 2458 iati
889 2435 1015 2458 women
1045 2423 1150 2458 aravi
1177 2437 1212 2457 το
1237 2437 1293 2457 και
1313 2426 1390 2456 eust
1414 2421 1617 2457 henesz'ffllos

163 2490 268 2520 εχησι.
300 2476 412 2521 igitur
428 2476 521 2510 hunc
537 2477 580 2510 A.
603 2489 622 2511 0
638 2477 773 2511 iambos
788 2488 830 2511 ezr
846 2477 942 2522 oligo
958 2476 1084 2512 diabas
1098 2475 1246 2524 prefero
1261 2476 1371 2522 podio
1381 2474 1488 2522 fraoi
1503 2476 1617 2521 ἕνέπεὶ

162 2540 290 2563 nomen
305 2529 446 2563 aravito
466 2527 604 2573 Kuejus
622 2529 819 2565 thenesidos
839 2530 942 2576 exhg.
963 2530 1076 2576 igitur
1095 2529 1141 2564 Β.
1178 2527 1378 2564 Santenius
1396 2528 1442 2563 ad
1462 2528 1612 2563 Terent.

163 2581 286 2616 Maur.
308 2594 344 2629 p.
362 2581 424 2628 67.
449 2586 472 2600 “
493 2580 530 2616 in
553 2581 672 2629 primo
692 2581 902 2631 pyrrhichio
923 2586 946 2618 δ’
968 2595 1012 2618 ex
1032 2580 1194 2630 antiquis
1213 2581 1296 2617 edd.
1318 2580 1466 2617 inserui.
1524 2581 1615 2616 Post

164 2640 188 2653 ‘⁶
210 2634 393 2669 Luzacius
420 2633 581 2669 malebat
615 2636 790 2681 τεινομένῳ,
822 2634 1069 2672 Ruhnkenius
1104 2648 1171 2683 pro
1202 2632 1276 2676 εἶδος
1306 2633 1465 2671 restituit
1494 2633 1614 2680 'lxvogss'

163 2686 248 2722 Vid.
272 2686 447 2737 Scaliger.
470 2686 515 2722 ad
535 2687 674 2724 Euseb.
697 2700 733 2735 p.
752 2688 814 2735 69.
898 2695 919 2723 g
937 2688 1139 2725 iambicum
1159 2688 1345 2737 gressum]
1368 2688 1476 2723 iambi
1495 2699 1612 2732 egres—

160 2753 237 2776 sum
261 2740 306 2775 B.
469 2738 490 2764 h
511 2752 546 2787 q,
569 2739 598 2774 is
617 2752 702 2775 cum
723 2739 883 2789 primus]
909 2744 1003 2789 quod
1028 2743 1058 2777 is
1078 2743 1218 2789 primus
1237 2743 1331 2788 qaod
1350 2741 1444 2777 AB.
1466 2741 1560 2787 quod
1586 2740 1614 2773 is

159 2795 298 2841 primus
316 2794 412 2829 Ven.
470 2793 561 2827 Mox
579 2794 734 2839 gladiali
753 2794 848 2828 Ven.
1022 2792 1067 2820 hh
1087 2794 1179 2830 duos
1198 2793 1388 2840 dimicare]
1410 2805 1489 2828 suos
1509 2793 1613 2827 climi-

162 2848 238 2882 cari
261 2847 303 2882 Β.
426 2843 436 2871 i
458 2853 496 2881 ut
515 2845 668 2892 collato]
691 2851 726 2881 et
746 2846 888 2881 conlato
906 2847 1002 2883 A.B.
1024 2852 1059 2882 et
1077 2849 1209 2884 collato
1231 2848 1327 2884 Ven.
1451 2843 1472 2870 k
1490 2843 1608 2891 visus]

161 2901 257 2935 nisus
276 2899 372 2936 AB.
508 2897 520 2926 1
541 2897 753 2946 nominant]
777 2904 985 2946 nuncupant
1002 2900 1093 2936 Α.Β.

1635 702 1669 722 12

1635 1150 1671 1180 ¹3
