1962 3355
323 222 412 260 182
811 217 971 264 Marii
997 217 1234 264 Victorini
1565 230 1660 261 LIB.
1687 229 1766 261 111.

318 335 474 397 gimus
512 335 656 382 heroo
691 338 1037 401 sesquipedem,
1076 339 1140 384 ita
1178 347 1230 384 ut
1259 338 1304 383 in
1338 335 1571 399 principio
1607 352 1767 381 versus

319 411 547 473 syllabam
574 412 762 474 longam
789 414 998 459 locemus
1028 422 1143 459 tunc
1171 412 1393 467 maxime,
1418 411 1455 456 si
1481 411 1527 455 in
1553 428 1608 456 eo
1634 427 1768 455 versu

317 486 457 533 fuerit
482 488 660 550 primus
685 488 918 552 dactylus,
945 489 1031 534 hac
1055 489 1181 533 enim
1214 486 1371 532 addita
1395 485 1590 549 syllaba,
1614 486 1769 531 omnis

319 563 449 609 heroi
487 564 621 610 metri
660 565 777 610 ratio
802 564 1199 610 commutabitur:
1237 580 1344 607 nam
1379 579 1435 607 ex
1473 561 1664 625 dactylo
1687 579 1771 624 per

319 638 628 698 adjectionem
669 640 920 702 semipedis
957 641 1038 685 fiet
1075 638 1328 702 spondeuS,
1358 637 1531 684 dehinc
1559 655 1663 700 quae
1700 656 1771 683 se-

318 723 527 775 quuntur
550 714 653 760 duae
681 716 839 760 breves
863 716 1127 778 proximam
1150 715 1380 777 syllabam
1400 714 1608 776 longam,
1634 722 1768 775 nquae

316 788 502 834 fuerant
524 789 714 852 dactyli,
739 792 1056 854 occupabunt,
1077 801 1128 837 ut
1155 793 1235 836 fiat
1260 801 1539 854 anapaestus,
1564 799 1611 835 et
1636 790 1769 835 dein-

264 886 299 907 η
318 882 427 927 ceps
459 864 648 927 reliquae
684 865 806 910 idem
844 867 1031 913 facient.
1103 868 1157 913 In
1193 885 1411 930 suprema
1444 877 1599 913 autem
1638 875 1770 929 parte

318 958 490 996 versus,
526 940 572 986 id
613 950 684 986 est
730 952 837 987 ante
877 944 1101 989 ultimum
1145 943 1427 1006 spondeum,
1465 960 1560 1005 quo
1599 942 1769 987 herous

318 1015 565 1073 clauditur,
597 1026 643 1062 et
665 1018 884 1079 quintum
922 1019 1108 1082 pedem,
1142 1019 1485 1082 interponimus
1511 1018 1769 1080 dactylum,

318 1101 442 1153 0quo
480 1109 561 1155 pes
598 1094 828 1156 septimus
867 1105 1129 1158 anapaestus
1168 1094 1411 1150 efficiatur,
1455 1094 1770 1157 superfluente

319 1167 572 1230 semipede,
597 1169 757 1224 veluti,

449 1243 649 1290 Peliaco
674 1246 907 1307 quondam
927 1254 1183 1310 prognata>
1205 1247 1383 1293 vertice
1399 1246 1560 1308 pinus.

265 1340 300 1369 13
319 1317 508 1380 Adjieio
526 1321 677 1366 versui
698 1321 905 1384 primam
933 1323 1160 1386 syllabam
1183 1323 1371 1384 longam
1394 1331 1510 1377 ⁰⁰ex,
1527 1321 1638 1367 item
1662 1329 1770 1366 ante

319 1394 543 1440 ultimum
571 1412 695 1457 pono
723 1395 888 1457 pedem
913 1397 1173 1461 perfreta,
1199 1399 1280 1443 fiet
1304 1397 1423 1451 talis,

320 1469 400 1515 Ex
417 1469 617 1517 Peliaco
635 1472 868 1534 quondam
886 1481 1144 1536 prognata?
1157 1474 1334 1521 vertice
1344 1490 1436 1535 per
1441 1472 1590 1537 freta
1607 1472 1769 1534 pinus.

319 1545 461 1600 Item,

386 1621 662 1685 Jamferus
687 1625 927 1687 Hesperia
954 1626 1149 1674 dabitur·
1178 1628 1502 1690 Capricornus
1526 1627 1576 1672 in
1598 1627 1743 1673 unda.

266 1714 302 1743 14
320 1698 482 1759 Jungo
507 1697 564 1743 ad
591 1699 775 1746 initium
812 1708 899 1759 Pet,
918 1712 1025 1748 ante
1052 1704 1272 1750 ultimum
1301 1713 1459 1750 autem
1488 1721 1616 1766 pono
1640 1720 1772 1750 ama-

321 1780 413 1827 tus,
438 1774 533 1830 fiet,

319 1848 381 1888 Et
384 1849 484 1902 jam
487 1850 621 1903 jerus
637 1851 851 1907 Hesperia
871 1855 1068 1894 qdubitur
1086 1856 1372 1910 Capricornus
1393 1861 1557 1895 amatus
1577 1856 1622 1894 in
1644 1856 1770 1895 unda.

319 1920 419 1966 Aut
443 1921 477 1966 si
505 1922 686 1984 primus
711 1925 947 1987 spondeus
981 1927 1055 1981 sit,
1080 1928 1380 1990 insequentes
1417 1928 1638 1991 anapaesti
1676 1945 1772 1983 seX,

320 1997 560 2061 semipede
583 2000 769 2046 ultimo.
838 2002 979 2057 Item,

404 2074 581 2114 Admota
602 2076 730 2116 labris
752 2078 849 2118 tuba
871 2079 1094 2118 terribilem
1115 2081 1296 2120 sonitum
1316 2079 1428 2119 dedit
1450 2093 1529 2119 cere
1549 2093 1713 2118 canoro.

265 2166 299 2195 15
322 2145 419 2191 Hic
446 2163 602 2193 versus
637 2167 720 2212 per
752 2150 1065 2210 adjectionem
1094 2162 1320 2213 quattuor
1354 2152 1638 2214 syllabarum
1679 2151 1772 2214 pri-

321 2238 505 2267 marum
544 2224 735 2271 admota
772 2225 935 2279 labris,
968 2244 1024 2272 ex
1065 2228 1208 2273 heroo
1244 2227 1551 2290 anapaesticus
1579 2227 1769 2273 effectus

320 2307 391 2343 est
415 2308 713 2346 tetrametrus
746 2303 1063 2359 catalecticus,
1096 2303 1335 2348 scanditur
1370 2320 1452 2366 per
1479 2302 1692 2365 dipodias
1725 2312 1771 2348 et

321 2374 602 2421 terminatur
624 2394 707 2439 per
732 2378 1038 2441 semipedem,
1064 2378 1144 2434 sic,

405 2450 582 2490 Admota
602 2452 730 2492 labris
752 2454 849 2493 tuba
870 2454 1090 2493 terribilem
1114 2454 1295 2494 sonitum
1316 2453 1427 2493 dedit
1448 2467 1527 2493 cere
1547 2468 1712 2493 canoro.

267 2535 303 2565 16
321 2521 445 2566 Item
479 2522 568 2568 alia
595 2523 653 2569 de
689 2524 965 2571 hexametro
998 2525 1096 2586 ejus
1130 2526 1307 2588 species
1340 2543 1398 2571 ex
1431 2525 1596 2571 eodem
1633 2524 1770 2570 dum-

321 2604 452 2642 taxat
476 2614 626 2654 versu,
652 2599 697 2644 in
724 2618 818 2662 quo
843 2611 1009 2663 praeter
1039 2601 1262 2646 ultimum
1289 2619 1454 2647 omnes
1479 2602 1654 2665 dactyli
1691 2620 1772 2665 pe-

321 2671 402 2718 des
428 2673 536 2730 sint,
562 2684 628 2731 ut,

418 2749 494 2795 At
518 2751 633 2797 tuba
657 2752 919 2799 terribilem
943 2753 1149 2799 sonitum.
1175 2753 1304 2799 dedit
1326 2770 1423 2799 oere
1446 2771 1658 2800 recurvo.

375 2875 395 2926 1}
415 2870 512 2917 quae]
534 2866 557 2919 ἶ]
579 2872 617 2906 Ρ.
729 2880 747 2898 0
767 2873 857 2922 quo]
880 2875 942 2922 qui
963 2875 1002 2910 P.
1112 2881 1151 2900 00
1171 2875 1233 2920 ex]
1258 2883 1296 2911 et
1315 2876 1355 2911 P.
1378 2875 1437 2912 ed.
1456 2876 1561 2911 Cam.
1672 2881 1690 2908 P
1711 2875 1766 2920 et]

321 2929 358 2956 et
379 2934 449 2957 lam
474 2923 512 2958 P.
535 2924 593 2960 ed.
616 2926 719 2960 Cam.
831 2934 850 2961 q
869 2926 1033 2974 dabitur]
1056 2926 1189 2963 labitur
1211 2928 1250 2963 P.
