1962 3355
847 185 1007 232 lVIar-iz‘
1035 184 1280 232 Victorini

341 197 429 235 102
1608 198 1704 229 LIB.
1731 199 1783 230 ΙΙ.

332 318 381 356 et
412 307 831 372 ²Arist0phanium
872 314 1091 352 vocatur:
1128 314 1248 350 anon
1289 303 1399 366 quia
1434 304 1648 350 conditor
1684 304 1784 366 ejus

334 385 460 432 idem
485 384 589 442 fuit,
613 401 725 430 nam
753 393 800 429 et
823 381 1071 445 aaEupolis
1096 389 1144 426 et
1167 380 1386 426 Cratinus
1414 389 1461 426 et
1497 379 1576 426 alii
1609 380 1786 444 priores

333 463 404 509 usi
442 470 551 508 sunt
583 479 653 518 eo,
678 477 839 506 verum
867 459 978 522 quia
1013 458 1245 522 plurimus
1283 456 1327 502 in
1366 457 1457 503 hoe
1493 465 1645 503 metro
1679 457 1788 502 Ari-

333 537 589 602 stophanes
614 544 698 591 est,
724 543 790 590 ut,

331 615 460 655 Mare
479 627 562 653 non
582 625 688 660 amo,
709 609 817 665 quod
837 609 952 649 modo
971 623 1063 649 eum
1078 610 1243 665 placido
1262 612 1374 651 stetit
1395 624 1567 666 cequore,
1587 610 1711 650 litora
1731 609 1865 650 ccedz‘t.

276 704 313 725 12
335 681 443 727 Erit
466 697 577 742 ergo
602 677 880 740 exemplum
906 675 926 704 b
942 677 1227 740 pentametri
1253 678 1513 734 acatalecti,

336 759 495 795 Celebret
516 756 689 792 cPhoelms
708 755 850 790 cithara
869 767 1014 802 superos
1034 757 1303 803 omnipotentes,
1321 761 1528 803 resonetque
1548 756 1656 791 melos
1678 755 1794 790 Musis
1808 756 1962 802 placitur

277 838 313 868 ι3
332 821 655 867 Tetrametrus
681 826 857 874 autem,

335 896 517 938 celebret
537 895 715 934 Phoebas
736 894 900 934 eithara
919 908 1091 949 superos
1111 896 1419 950 omnipotentes,
1439 900 1676 950 resonetque
1697 894 1831 935 melos.

277 984 315 1013 ¹4
333 963 598 1009 Trimetrus
623 979 748 1015 vero,

404 1038 622 1086 Celebret
639 1037 855 1085 Plzoebas
881 1037 1071 1084 eithara
1093 1055 1292 1100 superos
1313 1038 1660 1101 omnipotentis,

277 1130 311 1162 15
334 1116 583 1163 Dimetrus
610 1123 787 1170 autem,

406 1191 625 1238 celebret
644 1191 860 1238 Phoebas
885 1190 1072 1236 cithara
1096 1208 1306 1252 superos.

278 1283 317 1314 16
333 1269 449 1315 Tres
480 1279 639 1315 autem
666 1267 823 1332 pedes,
847 1266 1049 1331 tripodia
1076 1275 1127 1312 ut
1152 1267 1306 1313 Graeci
1331 1267 1510 1326 dicunt,
1535 1268 1789 1315 dimetrum

335 1345 800 1409 brachycatalectum
828 1343 1022 1398 faciunt,
1049 1344 1129 1400 ita,

402 1421 560 1484 Super
584 1419 928 1485 ardaafertar
953 1420 1096 1483 equis.

279 1519 313 1550 ιγ
335 1498 495 1544 Placet
541 1516 666 1544 nunc
714 1497 882 1543 eodem
925 1496 1103 1551 ordine,
1146 1513 1242 1558 quo
1282 1495 1669 1559 dpentametrum
1710 1515 1792 1561 per

336 1583 485 1621 metra
522 1574 707 1637 singula
747 1573 1070 1619 eden-actione
1106 1572 1281 1636 pedum
1317 1573 1375 1619 ad
1415 1572 1670 1620 dimetrum
1709 1573 1790 1620 de-

326 1650 573 1707 duximus,
597 1649 812 1696 fsursum
838 1667 997 1696 versus
1035 1667 1217 1696 rursum
1256 1650 1513 1697 dimetrum
1548 1650 1646 1714 pari
1687 1651 1789 1713 lege

334 1727 392 1774 ad
417 1735 769 1791 pentametrum
795 1725 1066 1790 perducere,
1087 1725 1231 1783 velut,

403 1803 586 1866 Lyrico
611 1809 796 1849 resonet
820 1820 925 1849 mea
949 1801 1100 1849 fflasa
1117 1809 1300 1864 potens.

401 1879 560 1926 &Delo
585 1896 707 1926 nova
733 1879 946 1926 earmina
966 1896 1188 1942 pangere
1208 1880 1377 1943 gestio.

402 1955 576 2003 hAdsis
601 1973 708 2020 age,
735 1958 976 2018 deprecor,
1002 1954 1047 2002 ἰο
1071 1955 1189 2002 mihi
1212 1955 1515 2019 Melpomene
1537 1957 1707 2004 nescio.

392 2079 410 2098 Ζ
430 2071 753 2121 Aristophanium]
777 2071 1070 2121 Aristophanion
1092 2072 1132 2108 P.

338 2125 452 2175 polis]
478 2125 682 2174 AEschylus
702 2125 785 2162 edd.
807 2125 963 2182 esclylus
985 2126 1023 2161 P.

340 2179 445 2215 metri
466 2177 692 2214 acatalectici
715 2179 755 2214 P.
899 2185 916 2204 0
936 2178 1114 2224 Phoebus]
1141 2186 1180 2214 nt
1202 2178 1363 2214 Phoebus
1383 2178 1424 2215 P.
1562 2177 1581 2204 d
1602 2188 1794 2228 pentame-

339 2232 454 2278 trum]
479 2238 714 2280 pentametro
735 2232 774 2267 P.
903 2237 919 2257 θ
939 2230 1186 2276 detractione]
1210 2230 1481 2267 detractatione
1502 2232 1544 2268 P.
1682 2231 1698 2258 f
1714 2246 1793 2269 sur-

338 2286 440 2332 sum]
466 2297 592 2320 susum
614 2285 655 2320 P.
767 2291 787 2319 g
807 2284 925 2331 Delo]
950 2283 1055 2320 Melo
1074 2284 1113 2319 P.
1234 2282 1255 2309 h
1274 2283 1394 2331 Assis]
1417 2284 1525 2320 Adsis
1546 2285 1588 2321 P.
1672 2283 1682 2311 i
1705 2285 1795 2322 mihi

338 2337 581 2386 Melpomene
603 2338 746 2384 nescio]
771 2350 792 2373 o
814 2337 903 2372 mihi
924 2337 1169 2386 Melpomene
1189 2337 1230 2374 P.

1245 2080 1263 2099 a
1285 2073 1378 2119 non]
1402 2085 1488 2108 nam
1512 2073 1553 2109 P.
1657 2080 1697 2100 aa
1714 2074 1794 2110 Eu-

1164 2123 1184 2150 b
1206 2124 1427 2174 pentametri
1449 2125 1657 2173 acatalecti]
1682 2134 1794 2163 tetra-

385 2429 397 2452 1
412 2429 424 2452 1
437 2446 444 2453 .
459 2416 565 2452 Mare
579 2417 663 2464 &c.]
680 2417 786 2465 Lege
801 2428 943 2452 versum
957 2416 1038 2451 Ari-

339 2471 587 2519 stophaneum
617 2469 680 2511 ita,
710 2470 817 2505 Mare
846 2482 914 2505 non
943 2482 1037 2511 amo,

340 2525 557 2571 quodmodo
587 2535 666 2558 cam
692 2524 838 2570 placido
866 2524 962 2558 stetit
991 2535 1037 2558 ce-

340 2589 450 2625 quore
472 2578 595 2612 littora
617 2577 729 2611 ca’clit.
774 2576 858 2612 Hoc
879 2575 1038 2611 multum

340 2638 378 2666 et
408 2630 566 2666 libenter
586 2642 672 2664 usus
692 2628 978 2678 Aristophanes,
999 2637 1039 2664 ut

340 2682 511 2724 NebllllS,
531 2684 586 2718 καὶ
617 2687 680 2723 τοῖς
712 2686 856 2729 αἰσχροῖς
886 2684 1039 2728 αἰσχύνε-

340 2739 432 2779 σθαι,
454 2736 514 2771 κᾶν
543 2738 676 2782 σκώπτῃ
707 2738 754 2776 τίς
780 2751 818 2770 σε
838 2736 1038 2783 φλέγεσθαι,

343 2791 405 2824 Καὶ
425 2793 486 2824 τῶν
506 2792 609 2824 θακῶν
634 2793 698 2829 τοῖς
716 2789 936 2835 πρεσβυτέροις
955 2792 1038 2823 ὑπα-

340 2845 519 2878 νίστασθαι
538 2847 708 2879 προσιοῦσι.
741 2841 938 2876 CAMER.

401 2907 459 2942 17.
495 2895 628 2944 Lyrico
649 2894 735 2940 δια]
761 2894 943 2943 Exempla
963 2895 1037 2930 haec

342 2948 541 2999 depravata
561 2961 603 2984 ac
626 2947 757 2984 mutila
786 2947 836 2984 ita
868 2947 1039 2984 resarcire

1096 2423 1256 2452 conatur
1267 2416 1558 2460 Camerarius,ut
1565 2417 1613 2454 sit
1626 2418 1794 2464 dimeter,

1096 2469 1228 2516 Lyrico
1263 2475 1401 2506 resonet
1431 2483 1510 2506 mea
1538 2484 1639 2507 musa
1654 2478 1794 2519 potens.

1095 2522 1296 2566 Trimeter,
1309 2524 1405 2559 Delo
1419 2536 1510 2559 nova
1527 2527 1687 2561 carmina
1701 2539 1794 2573 pon-

1095 2589 1180 2624 gere
1201 2578 1315 2623 gestio
1347 2577 1542 2613 dulcisona.
1597 2578 1791 2615 Tetrame-

1096 2638 1164 2672 ter,
1195 2631 1294 2664 Assis
1326 2642 1404 2677 age,
1437 2632 1618 2678 deprecor,
1653 2644 1672 2666 ο
1705 2633 1793 2668 mihi

1098 2683 1321 2730 Melpomene
1337 2683 1404 2731 ser
1433 2696 1532 2730 opem
1561 2685 1713 2721 scribere
1727 2699 1788 2721 ne-

1095 2738 1179 2772 scio.
1230 2736 1481 2777 Pentameter‚
1506 2738 1636 2785 Lyrieo
1654 2744 1792 2775 resonet

1093 2802 1171 2825 mea
1194 2801 1292 2824 musa
1315 2795 1444 2836 potens
1474 2791 1571 2825 Delo
1595 2804 1687 2826 noea
1713 2805 1791 2827 ear-

1094 2844 1191 2877 mina
1236 2855 1395 2889 pangere
1436 2845 1551 2890 gestio
1592 2845 1789 2882 dulcisona.

1094 2895 1267 2931 COMM.
