1962 3355
336 183 435 223 320
815 176 960 223 Atilii
983 177 1326 224 Fortunatiam'
1627 195 1737 226 PAR.
1757 196 1789 226 1.

278 306 316 337 18
337 296 430 343 Sed
455 297 683 360 quoniam
720 297 799 345 hic
823 315 996 356 versus,
1021 299 1147 361 quod
1171 298 1340 345 iMatri
1381 317 1510 345 sacer
1541 308 1613 346 est
1636 300 1791 358 Idaeae,

334 373 516 419 vibrare
551 373 778 431 videatur,
805 374 1078 438 proximum
1106 376 1164 420 ab
1187 375 1357 420 ultimo
1382 375 1550 438 pedem
1592 376 1792 440 brachy-

336 451 550 514 syllabon
576 452 790 498 fecerunt
822 462 868 498 et
902 452 1103 505 kGraeci‚
1129 461 1175 498 et
1213 451 1289 496 bic
1325 451 1424 515 ipse
1457 452 1711 509 Maecenas,
1735 453 1790 498 iis

333 545 451 590 quos
476 528 619 574 modo
643 528 778 574 retuli
807 529 1094 591 proximum,
1121 527 1201 583 sic,

504 605 637 645 Latus
657 605 825 644 horreat
828 604 1024 659 flagello,
1040 605 1230 644 comitum
1253 603 1401 644 chorus
1423 605 1562 645 ululet.

332 677 398 723 Et
422 677 653 731 Catullus,

502 753 742 808 Phrygium
764 766 909 793 nemus·
929 754 1093 806 ci(ta)to
1113 753 1260 808 cupide
1284 753 1424 809 (pede)
1450 755 1603 810 tetigit.

330 825 395 870 Et
419 824 516 870 lille
543 824 731 870 alterius
758 825 980 882 auctoris,

503 902 538 941 O
557 902 629 956 qui.
650 901 793 955 chelyn
814 915 1007 941 canoram
1025 901 1182 956 plectro
1204 903 1318 956 regit
1337 902 1447 942 Italo
1460 918 1473 942 .·

330 982 383 1019 ut
409 973 445 1018 si
478 972 621 1020 facias
648 973 764 1019 illud
790 991 847 1019 ex
872 974 1181 1037 mLepidiano
1208 983 1359 1020 metro
1384 974 1440 1020 ad
1468 974 1591 1021 hanc
1615 975 1786 1037 legem,

498 1051 601 1091 Asea
630 1052 799 1091 Vatiena.
820 1052 979 1100 amabo,
999 1065 1087 1091 mea
1108 1065 1226 1100 cura,
1245 1065 1331 1091 mea
1355 1053 1501 1100 Venus,

330 1123 547 1170 Catullus
574 1123 622 1169 in
648 1124 1027 1180 nAnacreonteo,

498 1201 607 1240 Ades
627 1201 764 1255 inquit
784 1215 807 1240 ο
830 1201 991 1256 Cybele.

272 1294 308 1326 19
329 1274 490 1319 Potest
515 1273 670 1319 adhuc
697 1273 795 1318 fieri
825 1273 1036 1336 crispior,
1061 1272 1096 1318 si
1125 1291 1208 1336 pro
1234 1291 1328 1320 uno
1361 1273 1520 1319 iambo
1553 1271 1786 1336 0brachy-

328 1351 562 1413 syllabum
589 1349 886 1413 posuerimus
910 1350 955 1395 in
984 1350 1112 1396 hunc
1139 1350 1353 1408 modum,

497 1427 599 1466 Mea
622 1427 723 1474 vita,
740 1439 829 1465 mea
851 1426 1055 1481 voluptas,
1074 1440 1161 1466 mea
1182 1441 1298 1473 cura,
1320 1440 1432 1466 meus
1453 1440 1581 1465 amor.

328 1498 426 1546 Hic
463 1516 619 1544 versus
657 1498 799 1543 babet
834 1498 1040 1561 primum
1079 1498 1248 1562 pedem
1285 1507 1592 1561 anapaestum,
1618 1515 1783 1543 secun-

326 1575 441 1622 dum
480 1593 602 1639 saepe
649 1575 881 1628 iambum,
924 1592 1267 1637 nonnunquam
1317 1574 1639 1637 Ptribrachyn,
1689 1583 1780 1620 ter-

324 1651 444 1698 tium
494 1651 724 1708 iambum,
766 1651 1058 1714 semipedem
1095 1651 1266 1713 accipit
1311 1649 1537 1707 medium,
1571 1649 1682 1713 quia
1722 1668 1782 1696 ex

324 1728 509 1774 duobus
557 1728 875 1774 commatibus
923 1737 1133 1774 constat:
1187 1745 1385 1789 sequens
1425 1744 1613 1773 comma
1663 1728 1782 1773 acci-

323 1804 393 1868 pit
425 1804 746 1868 pariambum,
777 1804 1038 1851 trochaeum
1080 1803 1515 1867 brachysyllabum‚
1542 1803 1782 1866 semipede

265 1904 304 1926 20
324 1881 541 1927 cluditur.
612 1880 661 1926 Si
710 1880 815 1943 quis
857 1889 1015 1926 autem
1059 1879 1310 1942 quaesierit,
1353 1879 1468 1941 quid
1507 1879 1588 1937 ita,
1628 1897 1779 1942 quum

324 1958 384 2003 sit
409 1957 752 2004 Galliambicus
788 1975 964 2014 versus,
991 1956 1181 2003 iambici
1221 1973 1410 2019 quoque
1443 1973 1619 2002 nomen
1652 1975 1781 2003 acce-

322 2034 472 2098 perit?
510 2034 602 2080 hoc
632 2051 783 2091 versu,
808 2034 888 2096 qui
915 2043 987 2080 est
1022 2033 1146 2097 apud
1173 2033 1505 2090 Maecenatem,
1536 2033 1674 2088 lecto,
1710 2033 1782 2079 in-

323 2110 515 2173 telleget
537 2128 645 2157 eum
673 2128 732 2156 ex
758 2111 964 2157 iambico
989 2128 1179 2173 quoque
1204 2110 1348 2164 nasci,

493 2187 546 2225 H
546 2188 582 2226 ic
603 2187 786 2242 nympha
805 2188 942 2242 cingit
961 2188 1093 2227 omnis
1115 2186 1335 2227 Acheloum
1356 2200 1506 2226 senem.

324 2259 520 2320 qujice
547 2260 778 2322 syllabam
806 2260 1038 2317 Acheloo,
1062 2262 1143 2306 fiet
1169 2259 1514 2306 Galliambicus
1541 2259 1620 2316 sic,

492 2336 581 2376 Hic
601 2336 784 2391 nympha
804 2337 940 2392 cingit
959 2337 1094 2377 omnis
1109 2336 1345 2376 Acheloium
1365 2349 1515 2375 senem.

263 2438 295 2460 21
321 2409 439 2455 Esse
480 2418 636 2455 autem
687 2409 800 2456 huic
847 2418 998 2456 metro
1045 2410 1379 2473 cognationem
1419 2426 1527 2456 cum
1573 2408 1778 2455 Sotadeo

322 2505 664 2550 cognoscamus
709 2487 821 2533 hinc
860 2487 983 2539 licet,
1020 2487 1130 2548 quia
1171 2486 1296 2532 facta
1330 2486 1636 2532 translatione
1679 2503 1779 2532 mo-

321 2563 440 2619 dica,
477 2572 523 2609 et
559 2562 790 2609 Sotadeus
827 2563 908 2624 qui
944 2561 1036 2609 fuit
1072 2563 1240 2608 transit
1278 2562 1325 2608 in
1364 2562 1706 2618 Galliambum,
1731 2571 1778 2608 et

374 2704 384 2732 i
405 2708 514 2742 matri
533 2718 634 2741 sacer
653 2710 704 2741 est
724 2706 817 2741 Idea>
836 2710 876 2741 ut
895 2705 1052 2751 vibrare]
1079 2705 1183 2746 Quod
1202 2707 1328 2740 matris
1347 2717 1429 2740 acer
1449 2707 1467 2741 ἓ
1487 2707 1550 2741 (lec
1570 2705 1711 2740 vibrare
1727 2705 1773 2740 V.

320 2758 341 2785 k
363 2765 398 2795 et
424 2760 554 2806 Groeci]
579 2765 617 2794 ut
640 2760 755 2794 Groeci
777 2759 820 2794 V.
917 2757 927 2783 l
950 2759 1056 2805 illud]
1080 2759 1140 2794 illc
1159 2758 1206 2793 V.
1228 2766 1265 2794 et
1287 2771 1373 2793 mox
1393 2759 1528 2805 chelym
1551 2771 1616 2806 pro
1638 2758 1773 2805 chelyn.

321 2821 351 2840 m
373 2812 588 2861 Lepicliano]
614 2813 751 2847 leviano
772 2812 818 2847 V.
1110 2818 1129 2836 n
1150 2813 1431 2859 Anacreonteio]
1458 2814 1706 2848 Anacreonteo
1729 2812 1772 2847 V.

321 2873 339 2892 0
361 2865 690 2913 brachysyllabum]
715 2865 1025 2912 brachysyllabzmz
1040 2867 1263 2911 posnerinms
1285 2865 1329 2900 V.
1503 2871 1520 2898 Ρ
1542 2864 1768 2913 tribrachyn]

323 2920 543 2956 tribrachum
557 2919 603 2954 V.
786 2925 806 2952 q
825 2917 968 2964 Adjice]
993 2919 1095 2953 adice
1117 2917 1161 2953 V.
1180 2926 1217 2953 et
1239 2919 1383 2966 moxfit
1403 2918 1559 2967 profiet.
