1962 3355
137 185 243 217 cAP.
263 169 308 217 6.
577 170 658 216 De
681 175 830 216 metro
854 168 1150 230 anapaestico.
1493 176 1585 215 285

138 309 278 338 unam
318 292 424 356 plus
450 283 687 354 ⁴syllabam
724 290 910 353 accipit,
935 307 988 335 ac
1019 289 1054 335 si
1086 306 1171 353 pro
1196 288 1405 335 trochaeo
1428 287 1590 351 dacty-

135 367 234 414 lum
262 376 451 432 ⁰ponas.

241 509 323 555 De
340 514 642 571 pentametro
668 508 950 570 anapoestico
975 506 1249 553 catalectico
1272 504 1491 568 simplici.

203 595 468 643 PFecerunt
492 595 630 642 multi
656 595 796 642 etiam
821 601 1131 659 pentametra
1155 594 1458 657 anapaestico,
1482 609 1591 654 quae

138 680 357 718 constant
379 681 603 735 quattuor
626 672 872 736 anapaestis
897 680 944 718 et
968 671 1259 735 pyrrhichi0‚
1285 670 1333 716 id
1369 678 1441 716 est
1470 668 1592 732 pari-

139 748 280 793 ambo

284 785 296 803 ³
341 814 463 854 Tuba
484 814 708 854 terribilem
728 814 909 854 sonitum
921 813 1075 869 procul
1096 825 1176 852 cere
1198 811 1281 852 dat.

221 962 305 1008 De
329 969 609 1009 tetrametro
635 961 1041 1026 brachycatalecto
1070 960 1309 1006 Laconico
1333 959 1526 1023 duplici.

205 1050 317 1097 Hoc
353 1060 556 1097 metrum
585 1050 880 1097 Laconicum
915 1058 1101 1096 constat
1135 1048 1341 1112 dactylo,
1369 1048 1594 1112 spondeo,

138 1136 425 1189 qanapaesto,
463 1127 689 1190 spondeo,
722 1127 906 1172 duobus
949 1125 1215 1189 anapaestiS,
1250 1134 1329 1171 ret
1367 1124 1593 1189 spondeo.

137 1202 180 1249 T
182 1202 362 1248 rabitur
397 1203 524 1248 enim
563 1204 620 1248 ab
649 1201 989 1265 Aristophanio
1022 1210 1297 1248 tetrametro
1334 1201 1595 1265 brachyca-

137 1278 324 1335 talectO,
359 1278 418 1324 de
453 1296 548 1340 quo
583 1278 725 1341 paulo
773 1287 881 1324 ante
924 1278 1197 1334 monstravi,
1236 1277 1364 1340 quod
1409 1284 1596 1322 constat

137 1354 343 1418 dactylo,
368 1354 593 1417 spondeo,
620 1364 877 1418 anapaesto,
901 1355 1126 1418 spondeo,
1160 1354 1309 1401 tribus
1344 1352 1594 1417 anapaestis

137 1439 184 1476 et
210 1431 405 1494 syllaba.
475 1430 568 1476 Sed
594 1431 778 1477 sublata
817 1431 999 1494 syllaba
1030 1431 1300 1488 novissima,
1326 1438 1372 1476 et
1397 1429 1596 1475 novissi-

139 1525 218 1553 mo
254 1516 517 1570 Sanapaesto
553 1507 598 1553 in
638 1507 902 1572 spondeum
941 1516 1141 1562 mutato,
1173 1509 1227 1553 fit
1260 1515 1465 1553 metrum
1502 1506 1594 1552 hoc

137 1584 427 1630 Laconicum
456 1592 578 1630 ante.

197 1661 358 1708 Quidve
377 1660 516 1700 dolens
535 1662 595 1700 sic
623 1661 787 1700 Veneris
807 1667 933 1701 natas
953 1662 1130 1702 calamos
1150 1660 1305 1700 caliclos
1325 1673 1482 1699 armas.

140 1735 369 1788 Quamvis
395 1744 579 1798 poteras
612 1740 694 1781 tex
719 1735 869 1781 titulis
902 1735 1018 1781 scire
1051 1751 1304 1780 numerum
1341 1735 1502 1790 istum,
1526 1741 1594 1778 ta-

141 1828 250 1856 men
274 1820 514 1873 anapaesto
540 1810 660 1874 pede
684 1811 756 1856 bis
782 1829 905 1858 senae
930 1820 1039 1857 sunt
1063 1811 1258 1875 species,
1283 1818 1360 1856 uet
1383 1827 1492 1855 una.

155 1992 287 2043 CAP.
311 1991 439 2042 VII.
495 1993 579 2043 De
606 1992 952 2043 choriambico
980 2000 1145 2043 metro
1171 1999 1221 2043 et
1246 1990 1363 2059 ejas·
1387 1990 1581 2060 specie-

734 2077 830 2127 bus
858 2095 982 2126 XXI.

211 2185 595 2232 Choriambicam
620 2193 824 2231 metrum
852 2185 1068 2248 quamvis
1093 2184 1152 2230 de
1185 2183 1306 2247 pede
1330 2184 1596 2247 composito

141 2271 339 2317 constet,
377 2270 536 2307 tamen
585 2262 789 2325 simplex
828 2271 898 2308 est
938 2262 1168 2326 incipiens
1205 2279 1230 2307 a
1265 2261 1594 2314 vchoriambO,

140 2338 356 2384 desinens
393 2338 441 2384 in
477 2338 721 2402 dactylum
747 2339 820 2385 vel
851 2337 1313 2401 Wpalimbacchium,
1336 2337 1406 2383 vel
1444 2337 1490 2383 in
1528 2346 1595 2383 ta-

140 2416 235 2460 lem
261 2416 450 2478 qualem
476 2416 699 2462 catalexis
722 2415 977 2479 Xexegerit.

196 2613 214 2632 0
235 2607 367 2655 ponas]
394 2605 453 2643 Sic
475 2607 520 2644 L.
537 2620 715 2654 ponamus
734 2607 942 2644 Putschius.
1052 2615 1072 2642 P
1091 2608 1294 2654 Fecerunt]
1304 2607 1478 2655 fecerunt
1493 2612 1527 2642 et
1547 2606 1591 2641 L.

142 2667 162 2694 (1
182 2664 375 2706 anapoesto,
392 2661 544 2706 spondeo
563 2668 800 2697 accesserunt
819 2674 862 2697 ex
883 2661 928 2697 L.
1111 2668 1126 2687 Γ
1145 2669 1182 2697 et
1202 2661 1387 2709 spondeo]
1412 2660 1472 2696 Sic
1492 2660 1537 2695 L.
1560 2664 1594 2694 et

142 2726 219 2749 om.
242 2711 449 2747 putschius.
560 2719 575 2738 s
595 2714 801 2762 anapaesto]
824 2713 886 2750 Sic
901 2714 947 2749 L.
969 2726 1039 2750 uno
1060 2719 1241 2761 anapaesto
1261 2712 1471 2749 Putschius.
1501 2713 1593 2747 Mox

141 2767 295 2812 spondeo
314 2769 453 2799 mutato
474 2764 520 2800 L.
698 2765 714 2791 t
733 2778 777 2802 ex
797 2766 932 2813 titulis]
955 2779 997 2802 ex
1017 2780 1090 2802 om.
1111 2767 1156 2802 L.
1342 2773 1365 2791 u
1384 2771 1435 2801 est
1455 2777 1527 2800 una
1547 2764 1591 2799 L.

141 2825 161 2844 v
182 2818 416 2853 choriambico
438 2816 534 2866 vulg.
642 2825 670 2844 W
691 2818 1021 2867 palimbacchium]
1047 2820 1108 2856 Sic
1127 2819 1174 2855 L.
1195 2819 1418 2867 paliambum
1440 2817 1591 2854 Putsch.

143 2877 163 2896 X
183 2872 351 2917 exegerit.
390 2870 462 2905 Sed
476 2870 651 2917 simplicia
671 2873 880 2908 catalectico
902 2872 947 2908 L.

1611 516 1650 546 14

1615 982 1651 1015 ¹5
