1962 3355
154 232 260 264 CAP.
286 224 358 275 17.
592 217 674 262 De
698 215 877 262 duobus
902 215 1079 261 Ionicis
1105 214 1189 275 850.
1510 221 1600 269 187

151 338 431 384 divisionem
451 355 572 395 eam,
588 355 731 400 quam
748 345 764 362 ‘'
777 336 1228 400 hephthemimeren
1244 334 1467 391 diximus,
1482 343 1603 379 tam-

150 431 311 476 quam,

348 489 507 535 Arma
531 490 780 553 virumque
803 505 919 534 cano
951 487 1115 550 Trqjce.

149 574 378 628 superest,

354 641 455 691 Qui
473 642 663 703 primus
687 642 746 687 ab
769 642 878 688 oris.

150 717 291 772 Item,

350 794 467 840 Inde
491 800 593 840 toro
610 801 755 856 pater
770 792 983 839 AEneas.

148 868 337 925 dehinc,

349 945 431 991 Sic
453 963 591 992 orsus
614 946 673 992 ab
698 945 810 991 alto.

149 1020 206 1066 Id
243 1020 279 1066 si
318 1022 645 1084 geminaveris,
678 1030 724 1067 et
761 1020 1059 1084 pariambum
1100 1020 1311 1066 medium
1351 1020 1638 1066 inserueris4

147 1097 316 1151 versui,
354 1098 562 1143 ionicum
604 1097 679 1143 ἀπὸ
720 1097 890 1157 μείζονος
928 1105 1253 1142 tetrametrum
1294 1096 1602 1159 brachycata-

147 1172 321 1219 lectum
350 1174 590 1236 figmabis,
615 1182 667 1219 ut
692 1181 808 1236 puta
844 1171 879 1216 si
908 1171 1089 1217 medius
1115 1172 1402 1234 pariambus.
1472 1172 1602 1234 Ergo

145 1249 385 1310 geminata
411 1250 514 1295 cola
542 1249 669 1295 heroi
696 1265 855 1293 versus
882 1257 1086 1294 metrum
1113 1265 1170 1294 ex
1197 1266 1244 1293 se
1270 1248 1362 1293 tale
1386 1265 1603 1311 procrea-

147 1324 282 1380 bunt,
306 1333 375 1381 ut,

351 1400 450 1450 Qui
466 1401 656 1462 primus
675 1400 734 1446 ab
758 1400 868 1446 oris.

147 1475 288 1533 Item,

344 1552 504 1601 dDam
529 1553 750 1600 conderet
773 1552 951 1599 urbem.

145 1629 221 1676 Sit
245 1630 455 1677 medium
477 1638 613 1693 puto,
639 1633 721 1676 fiet
745 1648 921 1684 versus,

279 1707 410 1756 eQui
427 1708 619 1770 primus
642 1707 700 1753 ab
723 1707 837 1763 oris,
856 1713 993 1768 puto,
1014 1706 1149 1752 Dum
1176 1706 1397 1753 conderet
1421 1708 1601 1755 urbem,

146 1783 277 1845 Ergo
313 1784 583 1845 pariambus
616 1784 662 1829 in
704 1783 858 1829 media
895 1782 1004 1828 sede
1041 1782 1240 1828 duorum
1277 1783 1635 1831 hemistichio-5

147 1876 251 1904 rum
289 1860 470 1922 positus
507 1860 601 1906 duo
638 1860 739 1905 cola
776 1859 937 1912 nectit,
963 1858 1170 1921 facitque
1197 1868 1248 1904 ut
1274 1859 1394 1905 inter
1419 1878 1467 1905 se
1492 1878 1602 1906 con-

148 1945 335 1997 gruant,
382 1934 510 1998 fquae
559 1936 658 1981 sine
706 1943 857 1980 metro
905 1942 1042 1980 antea
1089 1933 1393 1980 dissidebant.
1478 1936 1602 1982 Sane

147 2010 313 2056 cadere
355 2028 696 2073 nonnunquam
742 2011 790 2056 in
830 2010 953 2057 hanc
989 2011 1196 2074 speciem
1234 2020 1281 2056 et
1310 2011 1598 2058 trochaicam

147 2087 297 2142 basin,
323 2105 427 2150 quae
453 2088 659 2134 secunda
683 2087 873 2150 regione
902 2096 1012 2150 post
1036 2087 1240 2133 ionicam
1277 2088 1479 2151 primam
1517 2105 1602 2151 po-

147 2163 284 2209 sitam
324 2164 578 2210 Praxilium
619 2173 824 2210 metrum
866 2164 1025 2221 efficit,
1066 2164 1387 2211 intimandum
1436 2165 1598 2211 lectori

147 2257 246 2285 esse
265 2258 350 2303 par
367 2240 498 2295 duxi,
516 2258 574 2286 ne
595 2241 758 2286 gvelut
774 2248 935 2286 contra
957 2240 1109 2304 legem
1136 2240 1399 2287 ionicorum
1426 2240 1599 2287 factam

147 2314 484 2372 hexistimaret,
509 2316 673 2371 veluti,

288 2393 356 2438 Te
378 2410 504 2439 mmo
528 2410 644 2457 rogo
668 2392 850 2440 Phoebe
874 2392 1011 2440 dulce
1034 2393 1190 2440 melos.

199 2549 216 2568 ⁰
235 2543 573 2592 hephthemimere]
595 2544 919 2594 ephthemimeren
939 2546 978 2581 P.
1128 2543 1147 2572 d
1166 2545 1255 2582 dum
1276 2546 1457 2583 conderet
1474 2547 1599 2583 urbem

145 2609 222 2633 om.
245 2597 286 2632 P.
308 2597 367 2634 ed.
391 2598 495 2633 Cam.
588 2605 604 2624 e
624 2598 685 2647 qui
707 2598 848 2646 primus
868 2598 914 2635 ab
935 2599 1008 2634 oris
1028 2611 1104 2635 om.
1127 2599 1170 2635 P.
1192 2599 1251 2636 ed.
1274 2601 1380 2635 Cam.
1465 2597 1481 2625 f
1498 2602 1597 2648 quae]

146 2662 256 2698 quam
277 2650 318 2686 P.
428 2657 449 2685 g
469 2650 584 2698 velut]
607 2650 718 2687 veluti
737 2652 778 2688 P.
889 2650 910 2678 h
930 2651 1174 2701 existimaret]
1199 2651 1453 2689 existimarent
1474 2653 1514 2689 P.

200 2784 239 2816 4.
263 2770 320 2805 Sit
339 2772 493 2807 medium
515 2772 627 2820 puto]
650 2771 769 2807 Totus
790 2771 846 2807 lo·
889 2772 961 2820 fiet
998 2784 1142 2807 versus:
1176 2772 1246 2812 Qui
1278 2774 1418 2819 primus
1455 2772 1498 2807 ab
1531 2772 1601 2805 oris

147 2835 212 2859 cus
231 2831 397 2859 exaratus
411 2825 463 2860 sic
476 2825 680 2861 scribatur:
704 2832 756 2868 ut,
777 2825 847 2866 Qui
899 2830 990 2872 puto
1023 2827 1107 2860 (lum
1146 2826 1313 2861 conderet
1347 2826 1481 2860 urbem.
1516 2824 1598 2859 CA-

147 2878 283 2923 primus
302 2877 348 2912 ab
370 2879 450 2913 oris.
509 2878 620 2922 Item,
644 2879 746 2913 Dum
767 2891 847 2913 con·
903 2877 1034 2914 MER.

149 2930 248 2964 (leret
284 2930 416 2965 urbem.
478 2931 535 2966 Sit
573 2932 726 2966 medium
756 2936 847 2977 puto

975 2993 1114 3038 ssb2
