1962 3355
339 253 426 291 128
850 241 1010 287 [Marii
1037 240 1277 287 Victorini
1608 256 1705 287 Lm.
1732 256 1784 286 11.

280 383 315 404 ¹2
334 365 560 428 perficiet.
629 365 806 411 Verum
850 364 940 409 hoc
981 373 1095 409 tunc
1143 362 1329 418 accidit,
1373 380 1482 408 cum
1531 379 1675 425 purus
1716 370 1787 407 est

335 441 355 469 b
371 441 720 487 choriambicus
739 457 913 486 versus
945 440 1010 484 At
1029 439 1156 484 enim
1183 448 1344 484 contra
1364 455 1471 483 cum
1493 437 1785 500 interpositae

333 517 549 564 iambicae
574 516 930 580 conjugationes
957 515 1303 577 repperiuntur,
1329 514 1404 558 lex
1431 513 1511 558 illa
1535 513 1786 574 cquadruae

333 593 648 657 amplexionis
690 592 976 654 infringitur,
1009 589 1303 650 ddiversique
1351 588 1533 650 generis
1576 589 1787 635 admixta

333 669 633 732 amplexione
659 668 868 714 nascitur
897 667 984 712 ista
1008 665 1220 721 varietas,
1244 673 1297 710 ut
1323 665 1590 727 praecedens
1626 666 1785 712 colum

332 763 439 791 cum
483 762 582 790 esse
630 761 739 789 sena
778 752 993 804 tempora
1033 741 1078 785 in
1127 740 1322 803 singulis
1370 742 1786 805 conjugationibus

332 830 560 883 oporteat,
599 831 930 882 pentasemum
976 817 1072 871 fiat,
1113 834 1313 878 sequens
1352 835 1461 863 vero
1510 819 1788 881 heptasemo

296 911 314 939 3
333 896 570 942 subsistat.
610 895 801 957 Recipit
826 902 984 940 autem
1013 893 1269 938 molossum
1298 903 1343 939 et
1369 904 1681 956 anapaestum,
1705 895 1786 940 sed

276 1372 314 1400 14

279 2041 313 2070 15

332 989 435 1017 raro
464 971 634 1033 juncto
672 969 918 1033 pariambo
954 980 1000 1014 et
1032 968 1293 1032 dactylum,
1317 969 1483 1015 feritur
1513 980 1672 1016 autem
1705 988 1788 1034 per

331 1047 573 1110 dipodian.
643 1046 732 1091 Est
755 1045 913 1108 itaque
937 1044 1193 1091 dimetrum
1221 1046 1532 1092 acatalectum
1557 1047 1666 1101 tale,

535 1123 677 1170 Vir-et
702 1122 799 1169 alte
823 1131 983 1168 ecoma
1008 1121 1117 1168 lato.

331 1200 622 1246 Trimetrum
650 1216 758 1245 vero
785 1198 1073 1259 hujusmodi,

463 1276 731 1322 Procerum
756 1275 863 1338 quis
891 1273 1113 1321 Cererem
1137 1292 1227 1320 mm
1254 1274 1378 1321 eolat
1401 1275 1549 1338 agris.

330 1353 678 1398 Tetrametrum
705 1368 893 1413 quoque
919 1351 1207 1411 hujusmodi,

350 1429 498 1474 ,Modo
523 1427 645 1491 fqaoe
666 1444 821 1489 prona
840 1444 933 1488 per
960 1424 1282 1490 Hceylzifitgit
1307 1435 1351 1473 et
1369 1445 1551 1489 pascua
1575 1429 1748 1475 tondet.

330 1506 681 1551 Tetrametrum
713 1513 869 1549 autem
909 1504 1236 1549 catalecticum
1269 1504 1516 1567 copiosum
1555 1514 1626 1550 est
1664 1505 1786 1565 apud

331 1581 690 1644 gPhryniehum
735 1589 973 1626 auctorem
1012 1578 1033 1608 ¹¹
1044 1579 1293 1625 comoediae
1336 1580 1519 1636 veteris,
1552 1580 1678 1642 quod
1718 1589 1788 1626 est

333 1658 441 1713 tale,

405 1723 561 1769 Vocat
584 1723 782 1770 iAEtnoe
805 1739 950 1784 super
973 1721 1126 1768 altum
1153 1727 1295 1783 caput
1319 1722 1447 1767 acris
1473 1722 1681 1768 chorea&

332 1810 622 1856 Trimetrum
641 1827 751 1855 sane
772 1809 1207 1872 hyper-catalectum
1230 1827 1323 1854 non
1345 1810 1580 1873 repperias
1597 1827 1787 1874 purum,

333 1885 524 1948 quando
550 1886 596 1931 in
624 1887 717 1931 fine
750 1885 1034 1948 antispastus
1060 1885 1277 1941 occurrit,
1302 1886 1426 1931 unde
1462 1887 1523 1931 ob
1562 1887 1653 1932 hoc
1687 1887 1787 1947 ejus

334 1953 508 1998 vitatur
533 1951 770 2015 asperitas.

402 2029 571 2090 Itaque.
610 2027 699 2073 hoc
736 2036 938 2073 metrum
969 2035 1016 2071 et
1048 2043 1107 2072 cx
1136 2026 1265 2089 puris
1298 2027 1478 2082 ionicis,
1503 2036 1556 2073 ut
1581 2026 1788 2073 ostendi-

338 2122 458 2159 muS,
484 2112 683 2157 constat,
708 2113 755 2149 et
780 2103 1003 2149 admixtis
1028 2103 1310 2164 quibusdam
1339 2104 1537 2166 pedibus
1563 2104 1787 2167 conjuga-

336 2190 436 2225 tur:
483 2179 571 2224 hoc
613 2178 765 2224 Graeci
806 2179 1022 2239 ἐπίμικτον,
1065 2197 1148 2224 nos
1197 2181 1396 2226 mixtam
1436 2180 1654 2235 dicimus,
1693 2197 1788 2241 quo

336 2254 626 2318 frequentius
652 2265 829 2300 veteres
855 2272 998 2316 quam
1022 2255 1232 2316 juniores
1258 2256 1329 2301 usi
1356 2266 1628 2310 noscuntur,
1654 2255 1787 2317 cujus

336 2349 485 2395 pauca
517 2330 738 2393 exempla
776 2330 1039 2390 subjiciam.
1108 2332 1400 2378 Trimetruin
1440 2342 1596 2378 autem
1636 2341 1788 2378 acata-

334 2409 511 2454 lectum
538 2406 791 2452 inconditae
816 2406 1172 2469 compositionis
1197 2408 1288 2452 tale
1314 2416 1398 2463 est,

538 2482 789 2529 Salamina
814 2483 919 2546 agit
942 2484 1140 2545 (equoris
1157 2483 1398 2545 procellis.

337 2575 458 2618 Item
486 2571 566 2632 qui
595 2588 619 2615 a
643 2569 899 2615 ditrochaeo
924 2570 1107 2633 incipit,

466 2647 639 2694 kCoede
657 2647 861 2708 puberes
885 2663 1010 2692 meos
1036 2646 1236 2692 Sicania:
1261 2646 1458 2692 colonos.

390 2797 409 2825 b
429 2797 719 2844 choriambicus]
745 2796 981 2833 choriambus
1004 2799 1044 2833 P.
1135 2804 1150 2822 ⁰
1170 2796 1338 2845 quadrae]
1363 2796 1537 2845 quadruae
1559 2796 1599 2831 P.
1690 2793 1708 2821 d
1730 2796 1785 2831 di-

338 2852 519 2899 versique]
545 2850 768 2899 diversisque
792 2851 830 2886 P.
983 2857 998 2875 e
1019 2862 1126 2886 coma
1145 2850 1239 2896 lato]
1263 2849 1453 2885 comulato
1477 2850 1513 2884 Ρ.
1651 2847 1666 2873 f
1683 2849 1782 2897 quae]

337 2905 398 2954 qui
416 2906 456 2940 P.
566 2910 586 2938 g
606 2903 874 2952 Plirynicliutn]
903 2903 1126 2950 Plirynicum
1148 2903 1187 2937 P.
1296 2900 1317 2927 h
1337 2901 1466 2937 veteris
1487 2900 1697 2949 comoediae]
1723 2914 1786 2937 co-

339 2957 485 2994 moediae
506 2957 636 2993 veteris
656 2957 696 2992 P.
807 2954 817 2981 i
837 2957 983 3002 [Etnoe]
1010 2956 1126 2990 i-Etna
1146 2956 1185 2991 P.
1297 2953 1316 2980 k
1338 2955 1454 3001 caede]
1478 2955 1567 2990 cede
1586 2955 1624 2990 P.
