1962 3355
266 551 324 582 ¹07

266 782 325 812 108

264 1463 324 1496 109

266 2005 326 2027 110

347 194 406 232 28
858 187 1015 234 Mari-i
1043 188 1097 235 V
1092 188 1284 235 ictor-ini
1645 203 1742 234 ΜΒ.
1763 202 1796 233 1.

344 316 415 353 est
443 308 738 355 nominativo
763 327 889 364 casu,
915 318 966 355 ut
990 309 1168 355 obsidio
1193 326 1381 372 quoque
1405 318 1453 354 et
1476 308 1646 355 oblivio
1663 328 1678 355 .·
1716 308 1796 354 sed

344 393 593 446 poetarum
618 384 808 431 licentia
832 386 987 448 primo
1006 385 1116 431 fecit
1137 386 1360 449 contagia
1383 395 1431 432 et
1455 385 1642 439 oblivia,
1668 393 1796 447 post-

345 477 398 505 ea
434 459 526 506 dici
566 461 715 524 coepit
748 470 794 507 et
818 461 1058 516 oblivium,
1083 471 1129 507 et
1162 462 1406 518 obsidium,
1431 472 1478 508 et
1511 462 1796 525 contagium.

345 537 468 582 Cum
497 537 826 600 antiquitatem
861 539 1003 601 igitur
1037 537 1266 600 posterior
1300 536 1591 582 consuetudo
1626 537 1798 592 vineat,

343 630 425 658 vos
457 622 563 659 utro
602 614 743 659 modo
781 614 1003 677 scriptam
1043 630 1206 659 vocem
1252 613 1374 658 hanc
1413 611 1698 668 inveneritis,
1733 613 1799 658 ita

343 689 609 751 relinquite,
635 689 747 735 dum
784 707 877 735 non
911 688 1134 751 ignoretis
1175 689 1234 734 ab
1266 689 1471 751 antiquis
1505 688 1798 734 nominativo

345 764 439 811 Izoec
463 766 682 829 contagio
705 765 905 811 dictum.
975 764 1089 810 Non
1123 775 1207 821 est,
1232 775 1283 812 ut
1318 765 1618 819 emendastis,
1644 781 1799 826 porca

344 842 695 903 xprcecidanea‚
721 840 798 886 sed
831 841 1133 902 prcecidarz'a,
1161 859 1265 904 quae
1289 842 1478 904 frugum
1508 849 1686 887 Ycausa
1709 840 1800 886 im-

346 917 562 962 molatur.
617 916 710 968 Qui
736 916 891 977 zjusta
925 917 1151 964 defuncto
1178 936 1271 964 non
1299 918 1526 973 fecerunt,
1551 927 1632 963 aut
1656 917 1703 962 in
1729 916 1796 962 fa-

344 991 512 1038 ciendo
545 1001 815 1055 peccarunt,
844 992 915 1038 his
953 1011 1097 1056 porca
1129 995 1436 1049 contrahitur,
1463 1012 1606 1056 quam
1644 994 1799 1040 omni-

343 1069 431 1113 bus
458 1069 589 1114 annis
615 1068 849 1114 immolari
876 1080 1105 1133 oporteat,
1132 1080 1386 1133 antequam
1425 1088 1597 1116 novam
1624 1077 1798 1131 aquam

342 1144 510 1208 dapem
535 1153 713 1190 mereat
731 1144 788 1190 de
814 1144 833 1173 b
849 1162 933 1190 suo
953 1147 1170 1210 capiant:
1202 1147 1491 1210 proecidaria
1511 1147 1651 1201 dicta,
1672 1145 1797 1209 quod

343 1231 451 1266 ante
476 1220 672 1267 caeditur
695 1238 838 1283 quam
864 1221 1046 1285 frugem
1076 1224 1324 1287 ⁰capiant:
1363 1233 1408 1270 at
1434 1224 1528 1279 illa,
1548 1241 1653 1286 quae
1679 1233 1725 1268 et
1750 1222 1796 1267 in

342 1314 389 1342 re
425 1306 472 1343 et
508 1298 555 1342 in
592 1307 824 1360 praesente
860 1308 1063 1356 mortuo,
1101 1317 1244 1361 quem
1282 1299 1512 1347 condituri
1549 1310 1674 1355 sunt,
1709 1299 1799 1344 im-

344 1373 564 1427 molatur,
602 1373 710 1435 quia
737 1391 796 1419 ex
822 1392 875 1419 ea
900 1392 1065 1438 capere
1090 1393 1184 1421 non
1219 1377 1403 1440 possint
1428 1376 1485 1422 ad
1510 1375 1636 1438 quod
1668 1375 1800 1435 justa

342 1449 533 1505 faciant,
570 1456 903 1511 prcesentanea
944 1461 1151 1498 vocatur.
1221 1451 1418 1498 Parilia
1449 1452 1673 1499 dicuntur
1705 1469 1797 1497 non

343 1523 549 1580 Palilia,
569 1543 663 1571 non
690 1543 715 1571 a
739 1525 869 1572 Pale
903 1526 1003 1582 dea,
1030 1529 1109 1574 sed
1142 1529 1268 1591 quod
1305 1547 1360 1575 eo
1398 1537 1612 1593 ternpore
1638 1528 1800 1574 omnia

345 1611 442 1647 sata
476 1603 757 1664 arboresque
782 1612 828 1648 et
863 1604 1018 1650 herbae
1044 1606 1322 1668 parturiant,
1347 1606 1640 1669 pariantque.
1698 1604 1759 1651 N
1782 1635 1801 1642 -

344 1678 544 1725 censiles
580 1679 674 1724 sive
717 1698 799 1743 per
836 1680 855 1726 l
885 1682 980 1727 sive
1016 1700 1098 1745 per
1132 1683 1164 1728 d
1200 1682 1530 1729 scribendum:
1580 1698 1798 1728 commu-

345 1755 537 1802 nionem
576 1757 701 1802 enim
741 1756 1046 1805 dhabuerunt
1088 1759 1254 1806 litterae
1296 1760 1368 1806 hae
1407 1758 1530 1822 apud
1566 1757 1801 1820 antiquOS,

343 1841 397 1877 ut
421 1832 653 1896 (linguam
689 1845 736 1879 et
772 1834 1005 1898 lingnam,
1040 1846 1087 1882 et
1118 1836 1342 1882 (lacrimis
1377 1844 1452 1880 eet
1489 1834 1717 1890 lacrimis,
1754 1843 1801 1878 et

345 1904 681 1971 ‘Capitodium
724 1922 768 1956 et
811 1910 1117 1974 Capitolium,
1159 1922 1206 1958 et
1240 1911 1361 1958 sella
1385 1928 1411 1957 a
1438 1911 1562 1967 sede,
1588 1910 1718 1957 olere
1742 1910 1801 1956 ab

344 1985 499 2031 odore.
569 1986 695 2032 gEst
721 1998 766 2033 et
792 1988 1069 2034 communio
1094 2006 1201 2034 cum
1230 1987 1442 2034 Graecis:
1479 2004 1562 2033 nos
1580 1986 1800 2041 lac-rimae,

344 2062 428 2116 illi,
470 2062 642 2124 ὃάκρυαι
685 2063 814 2109 olere
848 2066 1049 2112 ὀδωδέναιε
1092 2065 1318 2112 meditari
1351 2069 1541 2124 μελετᾶν.
1610 2062 1803 2109 lVoven·

343 2137 456 2183 siles
491 2148 666 2195 autern,
691 2156 810 2201 quos
845 2141 998 2188 Graeci
1030 2142 1219 2195 συνεννέα,
1255 2150 1363 2204 post
1398 2139 1617 2186 novendii
1641 2156 1665 2184 a
1691 2157 1803 2185 con-

346 2213 557 2271 sidendO,
577 2214 622 2260 id
649 2225 735 2272 est,
754 2216 918 2262 eadem
941 2217 1050 2263 sede
1069 2217 1270 2282 praediti.
1328 2217 1474 2262 Sorioe
1497 2224 1655 2262 autem
1678 2215 1802 2263 Sau-

346 2291 439 2345 νίας,
470 2291 566 2336 avis
616 2291 793 2338 tributa
830 2293 1032 2339 Saturno
1072 2295 1130 2340 ab
1171 2293 1454 2356 auguribus:
1509 2292 1620 2354 quia
1658 2292 1803 2338 tardi-

346 2367 446 2422 tati,
483 2376 530 2413 et
570 2369 808 2423 vetustati,
846 2378 893 2415 et
934 2373 1167 2416 senectuti
1210 2369 1457 2415 convenit:
1509 2386 1619 2415 narn
1663 2378 1711 2415 et
1753 2369 1799 2415 in

399 2537 419 2556 X
440 2529 686 2580 praecidanea]
710 2531 938 2581 praedicanea
958 2533 998 2568 P.
1108 2539 1127 2566 Υ
1147 2532 1293 2578 caussa]
1317 2544 1426 2567 eausa
1447 2532 1485 2568 P.
1584 2539 1601 2557 Ζ
1616 2535 1718 2582 justa
1737 2533 1801 2570 de-

346 2602 494 2649 functo]
513 2590 619 2650 juzita
639 2602 813 2638 defuncte
834 2603 873 2638 P.
985 2609 1003 2629 a
1024 2602 1144 2651 quasi]
1173 2614 1283 2650 qnam
1306 2602 1345 2638 P.
1455 2599 1476 2627 b
1496 2614 1534 2637 se
1553 2604 1699 2652 capere]
1732 2616 1800 2639 suo

345 2656 495 2705 capiant
516 2656 554 2690 P.
652 2662 668 2681 c
689 2655 826 2705 capiat]
850 2655 998 2705 capiant
1016 2657 1056 2692 P.
1151 2654 1170 2682 d
1192 2656 1400 2692 habuerunt
1420 2654 1553 2691 litterae
1574 2656 1646 2702 hae]
1670 2656 1801 2692 habuit

345 2708 466 2745 littera
488 2709 527 2744 P.
649 2715 665 2734 θ
685 2718 722 2744 et
743 2708 922 2756 lacrimis]
948 2709 1107 2745 lacrimis
1130 2710 1173 2745 P.
1298 2707 1311 2735 f
1329 2707 1566 2756 Capitodiurn
1588 2717 1625 2745 et
1645 2708 1798 2759 Capito-

345 2761 454 2808 lium]
478 2761 723 2810 Kapitodiuin
746 2770 783 2797 et
804 2761 1037 2811 Kapitolium
1060 2763 1100 2798 P.
1212 2769 1233 2796 g
1251 2763 1322 2798 Est
1341 2762 1396 2809 et]
1421 2761 1472 2796 Et
1493 2762 1532 2796 P.

527 2908 540 2931 1
555 2908 612 2932 10.
645 2896 752 2932 Sorix
774 2897 916 2942 autem]
949 2897 1007 2933 Al.
1030 2898 1136 2933 Sari-1
1156 2903 1221 2933 aut
1242 2898 1387 2933 Saurix.
1445 2896 1618 2932 COMM.
