1962 3355
360 166 453 213 468
959 166 1215 214 Diomedis
1612 182 1710 214 ΜΒ,
1737 181 1814 213 111.

702 288 934 342 Irifizndum
954 290 1123 344 regina.

365 360 496 406 Huic
532 359 693 405 addito
728 367 998 424 ganapaesto
1023 360 1097 407 vel
1133 358 1358 422 spondeo,
1385 357 1555 403 htertia
1584 357 1818 404 constabit

364 437 546 483 incisio.

325 539 345 565 4
428 512 588 559 Tertia
623 520 693 556 est
717 512 1006 572 ἑφθημιμερὴς,
1030 509 1203 555 Latina
1227 508 1390 571 lingua
1421 509 1647 556 translata
1682 509 1822 555 semi-

365 588 642 653 septenaria,
667 586 846 632 scilicet
871 586 982 648 quia
1008 595 1189 649 septem
1216 585 1400 642 dividit,
1425 594 1480 632 ut
1503 595 1588 641 est,

590 674 762 714 Italiam
764 674 870 728 sato
886 674 1117 729 profugus.

598 741 708 780 Tum
730 740 892 779 demum
914 745 1046 780 movet
1066 754 1188 779 arma
1209 739 1282 780 leo.

592 807 826 846 Excutiens
846 808 1002 847 cervice
1021 805 1162 847 *toros

594 873 873 929 kImpavidas
876 874 1069 930 frangit
1089 874 1226 914 telum.

370 971 500 1017 Hinc
527 969 655 1032 quod
678 979 907 1025 remanet,
931 968 1017 1015 lsic
1042 978 1294 1015 contexere
1316 972 1482 1033 poesin
1508 977 1678 1031 potest,

599 1045 841 1100 Gaudetque
861 1051 1077 1086 comantes.

598 1113 641 1152 F
639 1114 835 1168 imumque
855 1112 1047 1153 latronis.

372 1193 504 1240 Huic
529 1192 649 1256 parti
687 1192 723 1237 si
755 1190 1003 1253 adjiciatur
1030 1191 1349 1255 pyrrhichius,
1375 1190 1636 1253 eademque
1670 1207 1830 1236 rursus

371 1269 516 1316 efficit
557 1277 762 1315 metrum
805 1268 1016 1315 ionicum
1055 1267 1131 1314 ἀπὸ
1169 1275 1237 1315 τοῦ
1271 1266 1443 1329 μείζονος
1479 1267 1832 1332 hypercatalec-

374 1356 493 1404 tum,
517 1347 610 1393 tale
634 1354 718 1402 est,

603 1420 842 1475 Gaudetque
861 1425 1065 1460 comantes
1086 1419 1155 1459 leo.

600 1489 643 1528 F
644 1489 839 1543 imumque
859 1487 1036 1527 latronis
1058 1486 1130 1527 Zeo.

603 1556 766 1596 Fremit
786 1569 855 1596 ore
875 1560 1044 1595 cruento
1061 1554 1134 1594 leo.

336 1649 353 1680 5
376 1635 499 1681 Haec
524 1633 704 1680 duabus
730 1633 900 1679 additis
933 1631 1154 1678 brevibus
1179 1640 1396 1694 quartam
1424 1631 1742 1677 mincisionem
1769 1631 1835 1678 ef-

376 1713 519 1768 ficiet,
544 1712 609 1758 ita
635 1721 686 1757 ut
712 1719 880 1773 quarto
905 1709 1146 1772 dactylum
1175 1708 1433 1762 ninvenias,
1459 1716 1511 1753 ut
1534 1715 1620 1765 est,

548 1788 811 1843 Irfirretque
831 1787 944 1827 Deos
965 1786 1106 1834 Latio,
1123 1798 1263 1841 genus
1283 1784 1393 1824 mide
1409 1784 1626 1824 Latinum.

377 1870 500 1913 Sunt
523 1867 603 1929 qui
630 1875 854 1929 quartum
879 1865 1139 1911 trochaeum
1178 1863 1225 1909 in
1264 1863 1352 1908 hac
1385 1879 1561 1909 caesura
1585 1862 1837 1920 collocant,

378 1953 425 1990 et
448 1952 535 1989 ⁰ex
561 1961 616 1989 eo
641 1942 746 1989 κατὰ
769 1944 956 2005 τέταρτον
979 1947 1162 2004 τροχαῖον
1188 1939 1446 2004 appellant,
1473 1947 1526 1984 ut
1549 1948 1636 1996 est,

496 2021 601 2067 Quae
616 2033 708 2075 pax
727 2019 855 2075 longa
878 2018 1093 2058 remiserat
1113 2031 1237 2056 arma
1257 2029 1413 2056 novare
1431 2015 1656 2070 parabant.

344 2115 364 2147 6
381 2103 474 2150 Alii
501 2121 610 2149 vero
635 2102 918 2166 spondeum,
941 2111 995 2148 ut
1020 2111 1105 2157 est,

495 2190 600 2230 Inde
621 2197 709 2231 toro
725 2196 848 2246 pater
869 2191 1032 2231 AEneas
1051 2190 1111 2229 sic
1130 2202 1251 2228 orsus
1271 2188 1322 2227 ab
1343 2187 1437 2228 alto.

438 2419 458 2446 g
479 2419 666 2459 anapaesto
687 2410 744 2446 vel
764 2409 950 2458 spondeo]
983 2409 1106 2444 Immo
1133 2407 1342 2454 pyrrhichio
1371 2407 1428 2442 vel
1455 2406 1572 2441 iambo
1593 2406 1747 2442 Santen.
1766 2407 1841 2443 Te-

386 2473 479 2501 rent.
500 2464 624 2499 Maur.
655 2477 690 2512 p.
715 2462 803 2510 265.
967 2459 989 2486 h
1008 2467 1157 2497 constat
1175 2458 1302 2506 tertia]
1336 2461 1442 2495 tertia
1463 2462 1636 2496 constavit
1653 2460 1699 2496 A.
1732 2462 1841 2496 tertia

387 2518 561 2555 constabit
582 2517 626 2552 B.
776 2513 786 2540 i
807 2523 920 2551 toros.
942 2513 1149 2562 impavidus
1169 2511 1306 2562 frangit
1325 2512 1456 2554 telum,
1480 2511 1581 2548 Hinc
1601 2513 1700 2562 quod
1719 2526 1841 2550 rema-

390 2573 470 2619 net]
509 2576 603 2606 toros
635 2570 716 2605 hinc
745 2569 839 2616 qaod
865 2572 1036 2603 remanet.
1067 2568 1117 2602 sic
1142 2571 1324 2602 contexere
1350 2568 1474 2613 poesin
1496 2571 1627 2613 potest.
1657 2567 1752 2602 A.B.
1779 2565 1842 2615 qui

389 2625 543 2666 addunt,
575 2624 726 2659 latronis
755 2622 837 2657 haic
858 2622 959 2668 parti
983 2622 1013 2656 si
1040 2621 1221 2656 adiciatur
1241 2620 1472 2667 pyrrhichius
1498 2621 1690 2667 eademque
1719 2632 1842 2656 rursus

389 2679 496 2727 efficit
515 2682 667 2713 metrum
682 2677 835 2711 ionicum
855 2686 924 2722 apo
943 2678 980 2709 tu
1001 2675 1154 2709 mizonos
1174 2681 1242 2709 etc.
1353 2671 1374 2698 k
1389 2673 1753 2720 impavidus—telum
1767 2685 1841 2708 om.

391 2733 486 2767 Ven.
602 2728 613 2755 ¹
633 2728 756 2778 Pergit
770 2728 803 2762 V
806 2740 865 2764 en.
882 2740 1011 2775 precor
1029 2729 1234 2773 gaudetque
1254 2728 1436 2762 comantis.
1457 2727 1511 2762 leo
1517 2727 1706 2775 fixumque
1727 2727 1840 2761 latro-

393 2788 455 2821 nis.
479 2783 673 2831 leofremit
693 2795 753 2817 ore
772 2786 929 2817 cruento.
962 2781 1050 2816 Haec
1068 2780 1206 2815 duabus
1225 2788 1294 2816 etc.
1407 2786 1439 2805 ¹¹²
1459 2779 1691 2815 mansionem
1711 2777 1839 2825 efficit]

392 2840 595 2874 incisionem
614 2837 736 2884 ffciet
756 2835 849 2870 A.B.
990 2840 1007 2859 n
1028 2832 1211 2881 invenias]
1237 2834 1389 2868 invenies
1409 2833 1501 2868 A.B.
1638 2838 1656 2857 ⁰
1675 2839 1713 2867 et
1733 2847 1842 2867 κατα-

392 2892 538 2936 ληκτικὸν
567 2897 604 2926 et
632 2889 814 2937 rpoxam'ov]
847 2893 880 2922 et
910 2900 950 2922 er
979 2900 1017 2922 eo
1044 2892 1123 2922 sata
1155 2891 1312 2923 tetarlon
1343 2886 1507 2921 trocheon
1539 2886 1725 2932 appellant
1746 2885 1842 2920 A.B.
