1962 3355
355 186 450 225 502
949 175 1200 222 Diomedis
1608 189 1706 220 LIB.
1726 188 1802 219 111.

353 296 545 360 kposset
569 294 833 342 convenire.
900 294 979 341 De
1013 293 1236 340 Sotadico
1259 293 1362 355 jam
1398 292 1596 339 dictum.
1666 292 1805 339 Reci-

353 391 523 437 procus
554 371 782 438 [¹versus]
811 373 927 418 alter
951 370 1225 432 hujusmodi
1250 380 1334 423 est,

524 456 633 496 Esse
653 455 782 496 bonus
802 456 840 495 si
861 455 940 504 vis,
959 453 1082 494 mcole
1101 452 1218 492 divos
1238 452 1389 506 optime
1402 451 1561 492 Pansa.

525 523 672 563 Pansa
691 523 841 577 optime
860 522 978 561 divos
997 520 1094 569 cole,
1115 520 1153 559 si
1175 518 1239 558 vis
1259 519 1387 558 bonus
1407 531 1503 558 esse.

358 606 526 652 Hicin
558 622 784 669 procursu
818 604 1093 649 hexameter
1123 609 1209 656 est,
1233 604 1282 647 in
1318 618 1506 647 recursu
1540 600 1805 647 Sotadicus.

356 681 606 745 Reciproci
627 689 806 744 ngenus
826 678 1002 725 mirum
1023 681 1303 745 invenerunt
1323 677 1418 723 otia
1438 677 1634 724 curiosa.
1674 678 1804 724 Nam

357 767 597 821 repertum
644 765 729 812 est,
772 756 1103 801 hexametrum
1143 762 1312 817 ⁰posse
1349 771 1433 818 per
1473 754 1804 801 hexametrum

356 850 588 880 recurrere
614 832 660 878 in
688 832 769 877 illo
794 848 945 888 versu,

497 915 631 956 Musa
651 914 754 954 mihi
776 922 951 954 Pcausas
972 927 1167 962 memora,
1185 927 1263 968 quo
1284 913 1453 952 numine
1474 913 1583 952 laeso.

498 983 619 1023 Laeso
638 983 810 1022 numine
830 996 923 1037 quo,
945 995 1126 1021 memora
1146 989 1324 1020 qcausas
1344 980 1446 1019 mihi
1467 981 1614 1020 flIusa.

358 1062 675 1125 Reciprocum
712 1060 951 1118 neoterici,
987 1061 1022 1106 si
1062 1078 1157 1106 non
1197 1059 1348 1116 fallor,
1384 1076 1559 1105 novum
1602 1059 1810 1122 protule-

357 1149 480 1194 runt,
503 1147 583 1185 rut
613 1156 695 1202 per
719 1137 835 1184 duos
861 1155 1019 1184 versus
1043 1137 1138 1183 duo
1163 1136 1240 1183 alii
1266 1144 1521 1191 recurrant,
1548 1143 1600 1181 ut
1633 1134 1679 1180 in
1717 1135 1809 1181 illis

357 1217 582 1270 versibus,

527 1302 730 1342 Nereides
732 1302 861 1356 freta
881 1302 941 1341 sic
963 1306 1172 1341 verrentes
1191 1301 1345 1340 ccerula
1366 1305 1555 1349 tranant,

527 1371 591 1410 sF
592 1370 744 1409 lamine
764 1369 970 1423 corfidens
991 1374 1037 1408 ut
1057 1368 1197 1408 IVotus
1218 1368 1422 1407 Icarium.

528 1438 716 1477 Icarium
737 1437 878 1476 IVotus
899 1441 946 1475 ut
966 1436 1372 1490 corfidensflamine,
1394 1439 1569 1475 tranant

529 1504 699 1545 Caerula
721 1509 930 1544 verrentes
949 1504 1008 1544 sic
1011 1504 1139 1556 freta
1161 1502 1379 1542 Nereides.

426 1604 525 1651 Hic
549 1613 595 1650 et
624 1603 670 1649 in
697 1603 992 1649 currentibus
1028 1612 1073 1648 et
1111 1602 1456 1649 recurrentibus
1482 1601 1692 1647 versibus
1719 1602 1813 1664 pri-

359 1699 460 1728 ores
499 1679 761 1726 hexametri
798 1688 921 1733 sunt,
949 1678 1245 1742 tposteriores
1282 1677 1566 1742 pentametri
1603 1677 1811 1741 elegiaci.

361 1757 652 1821 Reciprocus
671 1756 791 1801 item
818 1755 898 1818 qui
924 1764 995 1801 est
1019 1755 1139 1810 talis,

530 1852 609 1891 Pio
626 1863 799 1905 precare
820 1854 913 1889 ture
932 1849 1134 1889 caelestum
1158 1849 1348 1896 numina,

530 1918 724 1957 IVamina
744 1916 948 1956 coelestum
970 1921 1062 1955 ture
1079 1928 1253 1970 precare
1270 1915 1356 1970 pio.

362 2008 458 2055 Hic
483 2007 718 2054 vdecurrit
750 2005 995 2059 iambicus,
1022 2004 1216 2050 recurrit
1251 2004 1499 2068 elegiacus.
1570 2004 1662 2051 Sed
1699 2003 1816 2050 iam-

412 2209 433 2237 k
451 2215 569 2259 posset
588 2212 636 2245 ad
656 2222 837 2246 recursum
854 2210 1051 2245 convenire.
1086 2209 1255 2244 Sotadico
1274 2208 1365 2244 AB.
1433 2205 1601 2252 lversus]
1624 2219 1699 2242 om.
1720 2206 1816 2242 Α.Β.

358 2271 390 2290 m
403 2266 517 2300 colere
532 2265 801 2310 deos—optime
816 2264 898 2298 cleos
909 2263 1004 2298 AB.
1018 2263 1100 2297 deos
1113 2261 1167 2298 bis
1180 2261 1277 2296 Ven.
1335 2267 1355 2286 n
1366 2272 1479 2307 genus
1493 2261 1624 2296 mirum
1638 2260 1708 2294 inv.
1721 2259 1813 2294 A.B.

360 2324 378 2344 o
399 2317 653 2354 hexametrum
671 2328 780 2365 posse
802 2316 883 2364 per]
904 2327 1006 2362 posse
1026 2320 1206 2350 exameter
1217 2325 1287 2360 per
1307 2313 1401 2348 Α.Β.
1603 2318 1623 2346 Ρ
1643 2312 1810 2359 caussas]

1264 2364 1332 2388 mihi

359 2415 487 2439 causas
504 2403 548 2438 A.
699 2408 718 2435 q
734 2413 881 2437 caussas
903 2399 992 2435 mihi
1014 2399 1135 2446 musa]
1158 2411 1285 2435 causas
1305 2411 1404 2434 musa
1426 2399 1513 2435 mihi
1532 2398 1578 2434 A.
1715 2404 1731 2423 ¹·
1750 2409 1816 2447 per

360 2467 453 2503 duos
474 2465 614 2511 versus]
641 2470 682 2500 ut
705 2476 771 2512 per
792 2466 880 2500 duos
904 2476 1024 2499 versus
1043 2465 1088 2498 (Io
1107 2465 1172 2498 alii
1191 2467 1382 2499 recurrant
1411 2452 1613 2507 (recurrent
1633 2462 1696 2508 Β.)
1719 2467 1760 2498 ut
1779 2463 1816 2498 in

360 2521 433 2555 illis
451 2519 607 2556 versibus
625 2518 720 2553 AB.
850 2523 864 2542 ⁵
884 2515 1052 2553 Flamine
1073 2516 1229 2552 fidentes
1251 2528 1315 2565 per
1336 2527 1435 2551 mare
1456 2514 1665 2551 velivolum.
1712 2514 1814 2551 Veli-

363 2573 486 2608 volum
518 2582 619 2607 mare
648 2582 714 2619 per
733 2569 889 2606 fidentes
910 2568 1059 2605 flamine
1087 2570 1252 2616 tranant]
1273 2569 1432 2618 flamine
1457 2570 1633 2618 confidens
1652 2573 1692 2604 ut
1711 2573 1817 2604 notus

364 2627 533 2662 Icariam.
577 2625 733 2659 Icarium
755 2628 858 2658 notas
875 2628 913 2658 nt
940 2623 1277 2671 confidensflamine
1298 2626 1458 2658 tranant.
1489 2623 1621 2658 caerula
1641 2622 1816 2670 confidens

361 2679 459 2715 Ven.
478 2677 541 2727 qui
561 2690 634 2713 om.
650 2689 719 2723 per
737 2677 1038 2724 mare—fidentes
1058 2676 1152 2711 AB.
1270 2675 1284 2701 t
1301 2675 1522 2724 posteriores
1543 2673 1707 2724 elegiaci.
1739 2674 1817 2711 Re-

362 2731 532 2781 ciprocus
560 2729 647 2766 item
669 2728 753 2764 talis
773 2730 847 2776 est]
882 2730 1093 2776 posteriores
1120 2730 1373 2765 mentaminori
1403 2729 1542 2764 elaiaci.
1601 2728 1818 2774 Reciprocus

363 2787 447 2820 item
467 2785 528 2832 qui
546 2788 598 2819 est
616 2783 659 2818 A.
678 2784 891 2829 posteriores
910 2784 1139 2818 mentametri
1159 2783 1262 2818 eliaci
1288 2789 1359 2818 etc.
1381 2782 1426 2817 Β.
1452 2782 1663 2828 posteriores
1687 2781 1817 2815 minori

364 2837 656 2885 elegiacus—qui
678 2836 760 2871 talis
779 2836 874 2870 Ven.
998 2841 1017 2859 v
1037 2834 1235 2884 procurrit]
1259 2836 1418 2870 decurrit
1433 2835 1527 2870 AB.
1548 2834 1699 2869 recurrit
1719 2833 1815 2869 Ven.

364 2891 533 2927 iambicus
553 2890 704 2926 recurrit
722 2900 797 2925 om.
818 2888 863 2924 B.
903 2888 1023 2936 Supra
1043 2900 1110 2937 pro
1130 2890 1279 2924 numina
1300 2889 1358 2924 Sc.
1380 2889 1478 2936 conj.
1500 2888 1657 2934 agmina.
