1962 3355
335 908 369 939 15
390 907 469 934 γεδ-

337 1170 375 1201 16
392 1165 569 1204 zentius.

380 174 464 215 530

830 173 905 213 Fl.
928 173 1113 213 Mallius
1138 172 1383 214 Theodorus

382 285 632 343 syllabarum
668 299 716 325 ea
752 284 933 326 conditio
966 296 1042 334 est,
1074 295 1121 326 ut
1154 284 1363 326 interdum
1403 292 1425 312 ¹¹
1436 283 1596 332 breves,
1628 281 1835 322 interdum

384 354 518 409 longae
547 353 641 394 sint.

329 440 365 461 12
385 422 518 462 forma
547 422 714 477 expetit.

703 353 757 393 Id
787 352 895 393 enim
920 352 1024 392 ratio
1051 351 1246 393 sermonis
1276 350 1418 391 Latini
1448 360 1488 390 et
1515 349 1836 405 ⁰pronuntiandi

776 420 986 462 Positione
1015 431 1153 460 autem
1185 419 1320 474 longae
1350 417 1519 473 syllabae
1550 418 1670 467 fiunt,
1692 416 1722 457 si
1748 431 1836 457 cor-

386 499 504 545 repta
523 488 674 530 vocalis
705 488 852 528 habeat
889 487 930 527 in
961 487 1102 527 eadem
1136 486 1292 542 syllaba
1322 484 1508 525 ultimam
1540 484 1717 524 litteram
1746 498 1841 524 con-

387 566 614 605 sonantem,
647 555 901 609 Peademque
939 553 1074 594 littera
1111 552 1340 607 excipiatur
1369 567 1394 592 a
1423 559 1670 592 consonante
1703 565 1842 591 conse-

332 646 368 675 13
388 624 546 680 quenti,
571 633 618 664 ut
638 636 774 662 arma.
806 621 906 661 qut
926 630 1065 660 autem
1085 619 1286 676 positione
1306 618 1430 674 longa
1449 618 1618 675 syllaba,
1641 633 1733 659 cum
1752 617 1842 673 ipsa

332 711 370 740 14
388 708 462 748 per
482 706 523 732 se
543 706 593 731 ex
613 689 743 729 vocali
762 698 802 728 et
822 687 1007 728 rduabus
1027 687 1346 728 consonantibus
1366 696 1539 736 constat,
1557 697 1605 728 ut
1620 693 1694 727 est.
1717 686 1840 736 Quod

389 759 422 799 si
448 756 747 814 praecedentem
773 756 935 796 brevem
965 754 1178 810 syllabam,
1208 769 1333 809 quam
1364 769 1449 796 una
1471 753 1618 795 vocalis
1645 753 1759 802 facit,
1781 769 1842 794 se-

389 835 572 881 quentur
598 823 693 863 duae
723 831 1004 870 consonanteS,
1026 822 1073 862 fit
1104 820 1261 877 syllaba
1286 821 1486 877 positione
1512 820 1651 876 longa,
1673 829 1741 861 Sut
1768 820 1844 860 hac

390 960 584 1008 litteram,
606 967 653 998 ut

824 1015 907 1050 Nooe
927 1019 1005 1050 erat
1042 1035 1092 1040 —

532 893 641 932 Item
661 891 708 931 fit
729 889 929 946 positione
959 888 1096 944 longa,
1126 888 1158 928 si
1187 888 1338 929 vocalis
1366 888 1408 928 in
1439 887 1645 944 duplicem
1676 887 1844 929 tdesinit

1147 1035 1308 1042 —--

391 1105 465 1137 aut
495 1096 528 1136 si
558 1095 769 1152 praemissa
795 1093 942 1134 vocalis
971 1092 1178 1148 praecedat
1208 1092 1415 1148 duplicem
1447 1094 1652 1142 Graecam,
1677 1102 1723 1133 ut
1752 1093 1845 1133 Me-

633 1162 850 1202 Interdum
884 1172 1021 1202 autem
1054 1160 1188 1201 brevis
1218 1160 1388 1216 syllaba,
1417 1175 1501 1216 qua
1529 1175 1626 1216 pars
1654 1159 1847 1200 orationis

395 1231 652 1280 terminatur,
674 1245 749 1285 pro
770 1228 896 1284 longa
913 1228 1097 1284 ponitur,
1123 1238 1167 1268 ut

610 1307 763 1340 vOmnia
783 1305 893 1341 vincit
912 1317 1025 1347 amor,
1047 1309 1081 1340 et
1101 1317 1163 1340 nos
1182 1305 1349 1339 cedamus
1367 1304 1492 1340 amori.

450 1430 471 1448 n
503 1424 634 1464 breves,
656 1425 832 1458 interdurn
863 1423 977 1468 longae
1006 1422 1094 1468 sint]

398 1476 510 1512 Paris.
533 1477 659 1522 longae,
676 1477 854 1511 interdurn
877 1476 994 1510 breves
1014 1477 1095 1510 sint.

399 1529 559 1565 HEUS.

453 1592 472 1610 υ
515 1582 778 1629 pronuntiandi
815 1580 962 1628 forma]
1010 1581 1095 1616 MS.

400 1635 746 1684 Guelphfortnam.
760 1633 1098 1680 Klotziuspronun-

401 1689 517 1724 tiancli
530 1700 655 1723 norma
676 1686 874 1735 legendum
896 1699 977 1722 esse
998 1687 1095 1722 arbi-

401 1749 530 1778 tratur.
580 1739 807 1789 Scripturam
830 1739 999 1775 codicum
1021 1751 1097 1775 ser-

403 1793 559 1830 vandam
598 1802 726 1829 censet
765 1792 880 1828 celeb.
916 1792 1098 1828 Ruhnke-

403 1847 497 1883 nius.
520 1847 602 1882 Nec
619 1846 772 1882 dubium
789 1854 858 1887 est,
877 1845 1100 1894 quinforma

402 1900 498 1950 apud
518 1908 662 1935 veteres
683 1911 780 1948 saepe
809 1898 990 1947 significet
1010 1911 1098 1934 con-

403 1952 650 1995 stitutionem,
660 1952 780 2001 legem
792 1964 834 1988 ac
845 1951 1026 1987 rationem
1038 1951 1101 1987 rei.

404 2005 630 2051 Quintilian.
653 2006 777 2041 Instit.
800 2006 906 2040 Orat.
931 2006 958 2040 Ι.
982 2004 1018 2041 6.
1042 2005 1101 2040 16.

406 2060 488 2094 Non
503 2061 593 2094 enini
611 2071 689 2093 curn
708 2060 862 2105 primum
871 2059 1104 2106 fingerentur

405 2113 574 2153 homines,
613 2113 786 2158 analogia
824 2113 974 2147 demissa
1019 2112 1103 2146 caelo

392 2165 559 2213 formam
608 2166 775 2212 loquendi
821 2166 929 2200 dedit.
994 2164 1101 2200 Decl.

405 2218 722 2254 CCLXXVIIII.
746 2231 779 2266 p.
803 2229 891 2265 541.
927 2218 998 2258 Qui
1017 2219 1102 2252 civi·

407 2277 496 2307 tates
536 2272 666 2312 adhuc,
704 2272 801 2306 reiut
848 2273 998 2317 antiqno
1040 2271 1103 2305 illo

406 2337 527 2359 errore
547 2324 722 2371 confusas,
743 2326 791 2359 ad
811 2329 944 2359 certam
964 2325 1103 2359 vivendi

394 2377 558 2424 formam
581 2378 803 2422 redegerunt.
829 2377 946 2412 Tacit.
968 2376 1101 2411 Annal.

407 2430 522 2465 XIII.
556 2441 592 2475 4.
655 2430 746 2464 Tum
779 2428 945 2476 formam
977 2429 1107 2474 futuri

405 2484 631 2529 principatus
646 2483 875 2528 prcescripsit.
908 2481 1063 2517 HEUS.

472 2542 491 2569 P
541 2536 733 2580 eademque
780 2535 902 2569 littera
949 2536 1103 2581 excipia—

410 2589 486 2635 tur]
521 2588 636 2623 Paris.
662 2588 855 2634 eademque
875 2588 993 2622 littere
1012 2589 1105 2623 exci-

406 2643 567 2688 piantur.
600 2640 756 2676 HEUS.

462 2701 481 2728 q
517 2695 574 2729 Fit
612 2693 751 2739 autem]
788 2692 946 2728 Videtur
979 2706 1105 2729 emen-

406 2746 571 2783 dandum
593 2759 673 2782 esse
690 2747 747 2781 Fit
767 2747 886 2780 etiam.
921 2746 1076 2783 HEUS.

461 2807 487 2826 r*
501 2801 639 2835 (luobus
657 2799 930 2834 consonantibus
948 2800 1103 2846 constat]

409 2854 452 2888 In
474 2853 636 2901 Guelph.
659 2860 737 2888 erat
762 2852 910 2895 duobus,
932 2852 995 2887 sed
1023 2864 1103 2888 cor-

1154 1429 1275 1457 rector
1295 1435 1317 1457 a
1347 1433 1458 1471 super
1486 1434 1506 1457 o
1535 1421 1720 1470 adposuit.
1777 1422 1848 1457 Pro

1153 1479 1293 1510 constat
1339 1473 1376 1510 in
1416 1474 1528 1510 Paris.
1568 1482 1626 1510 est
1667 1476 1847 1510 consistat.

1152 1526 1311 1563 HEUS.

1207 1586 1222 1606 S
1255 1586 1296 1616 ut
1329 1580 1398 1616 hac
1433 1581 1507 1628 res]
1544 1580 1631 1616 MS.
1664 1579 1778 1616 Paris.
1807 1585 1848 1616 ue

1153 1646 1265 1669 acres,
1322 1634 1374 1669 Et
1395 1646 1553 1681 pronum
1574 1641 1663 1677 erat,
1687 1633 1744 1669 vel
1769 1632 1850 1670 sine

1154 1686 1312 1722 adsensu
1345 1686 1536 1728 librorum,
1558 1685 1610 1721 ita
1638 1686 1850 1728 rescribere,

1155 1738 1183 1774 si
1203 1738 1382 1774 vocabulo
1403 1751 1503 1775 acres
1533 1738 1592 1774 hic
1611 1738 1714 1775 locus
1741 1747 1850 1775 esset.

1156 1791 1228 1828 Sed
1267 1792 1354 1840 quia
1392 1792 1462 1828 hoc
1499 1791 1671 1840 exemplo
1706 1791 1744 1828 in
1783 1792 1853 1829 hac

1156 1857 1266 1881 causa
1297 1857 1422 1887 nemo,
1446 1844 1517 1881 nisi
1547 1844 1671 1881 omnis
1700 1846 1753 1881 rei
1772 1858 1851 1882 me-

1157 1897 1256 1934 tricae
1278 1899 1326 1934 sit
1346 1897 1506 1947 ignarus,
1522 1898 1578 1934 uti
1598 1906 1744 1947 potest:
1776 1911 1853 1934 cre-

1158 1950 1328 1993 diderim,
1351 1953 1513 1987 Acrisius
1541 1963 1585 1987 ex
1607 1950 1739 2001 Virgil.
1760 1951 1852 1987 AEn.

1160 2005 1359 2052 VII.A372.
1381 2012 1445 2040 aut
1469 2017 1512 2040 ex
1532 2004 1664 2041 eodem
1685 2003 1781 2041 libro
1802 2017 1852 2040 vs.

1158 2070 1249 2104 410.
1307 2059 1535 2100 Acrisioneis,
1596 2057 1852 2106 reponendum

1158 2123 1252 2147 esse.
1324 2111 1440 2147 Favet
1487 2111 1573 2147 huic
1615 2109 1853 2157 conjecturae,

1159 2164 1259 2213 quod
1293 2177 1429 2200 nomen
1460 2165 1675 2200 Acrisioneis
1705 2163 1752 2199 ad
1784 2164 1855 2199 hoc

1159 2217 1295 2266 ipsum.
1331 2217 1376 2253 de
1409 2230 1483 2265 quo
1513 2216 1734 2253 Theodorus
1765 2215 1853 2266 agit,

1160 2269 1353 2318 positionis
1370 2282 1486 2319 genus
1508 2269 1770 2305 declarandum
1789 2268 1853 2304 ad-

1159 2322 1281 2358 hibuit
1318 2323 1462 2358 Probus
1499 2321 1618 2358 instit.
1657 2329 1881 2372 grammat.-

1160 2375 1221 2412 lib.
1243 2376 1272 2411 I.
1296 2388 1331 2424 p.
1352 2387 1464 2423 1413.
1497 2375 1654 2412 HEUS.

1225 2428 1240 2454 t
1272 2430 1401 2464 desinit
1441 2429 1620 2476 litteram]
1663 2429 1754 2464 Post
1793 2429 1855 2464 de-

1159 2481 1244 2516 sinit
1290 2481 1474 2531 glossator
1510 2482 1648 2518 codicis
1690 2480 1854 2530 Guelph.

1161 2533 1425 2584 intempestiva
1444 2534 1641 2571 sedulitate
1662 2533 1857 2583 adscripsit

1160 2593 1424 2624 consonantem.
1457 2588 1611 2624 HEUS.

1213 2648 1232 2666 V
1265 2642 1394 2677 Omnia
1432 2643 1541 2676 vincit
1582 2642 1701 2688 amor]
1744 2640 1856 2676 Hunc

1162 2706 1305 2730 versum
1323 2693 1454 2744 virgil.
1475 2694 1606 2744 Eclog.
1624 2694 1670 2729 X.
1690 2704 1752 2742 79.
1770 2693 1854 2728 MS.

1162 2747 1325 2797 Guelph.
1376 2746 1428 2784 ita
1474 2746 1670 2796 pervertit:
1727 2747 1856 2782 Omnia

1160 2802 1245 2836 vicit
1265 2813 1377 2842 amor,
1399 2805 1439 2836 ut
1460 2813 1522 2835 nos
1540 2807 1611 2836 cet.
1644 2799 1800 2835 HEUS.
