1962 3355
320 1606 358 1628 10

323 2136 355 2155 11

376 169 472 216 486
973 171 1227 218 Diomedis
1635 185 1733 216 Lm.
1754 185 1830 217 111.

377 290 476 338 Hic
500 291 668 356 recipit
692 292 925 356 spondeos
949 293 1022 339 vel
1049 293 1161 338 alios
1187 291 1257 338 sui
1289 291 1472 354 generis
1505 289 1663 353 pedes,
1689 289 1736 335 id
1761 299 1833 336 est

376 368 575 415 totidem
603 379 890 434 temporum,
916 370 1002 415 etsi
1040 387 1133 415 non
1169 368 1368 414 totidem
1405 367 1710 429 syllabarum,
1734 374 1832 412 Cre-

377 444 508 508 cipit,
534 446 746 509 inquam,
771 445 1021 510 spondeos,
1046 445 1125 490 sed
1152 444 1308 507 primo
1340 451 1387 488 et
1417 442 1556 488 tertio
1587 452 1635 489 et
1666 443 1833 505 quinto

376 521 506 575 loco;
545 521 715 568 ultimo
740 531 899 568 autem
925 519 1211 583 daliquando
1235 518 1553 583 pariambum.

835 663 919 708 De
942 662 1143 708 iambico
1168 661 1370 724 tragico.

442 748 683 795 lambiens
708 749 914 813 tragicus
935 749 1028 808 hic,
1044 758 1097 796 ut
1116 748 1457 813 graviorjuxta
1484 748 1690 795 materiae
1715 766 1833 812 pon-

376 824 462 870 dus
509 834 646 882 esset,
687 843 874 888 semper
913 825 956 856 dd
972 826 1140 888 quinto
1179 825 1283 871 loco
1326 825 1590 888 spondeum
1634 825 1829 889 recipit3

376 901 508 946 aliter
544 902 670 947 enim
707 919 808 948 csse
847 920 941 948 non
979 910 1137 965 potest
1175 902 1394 965 tragicus.
1465 902 1674 960 eCetera,
1709 902 1828 948 ratio

375 977 626 1040 superioris
654 978 843 1024 iambici
872 979 920 1024 in
948 978 1039 1024 hoc
1064 978 1354 1024 observanda
1379 989 1461 1024 est.

820 1120 902 1166 De
927 1121 1127 1167 iambico
1151 1127 1387 1167 scazonte.

441 1206 684 1253 Iambicus
711 1217 748 1237 ee
759 1211 924 1265 σκάζων,
942 1210 1021 1272 qui
1046 1210 1408 1273 Hipponacteus
1430 1209 1488 1255 ab
1508 1218 1698 1255 auctore
1716 1207 1832 1255 dici-

375 1291 465 1340 tur,
489 1283 584 1329 fere
612 1284 778 1330 similis
816 1286 1149 1349 superioribus,
1176 1286 1264 1332 nisi
1292 1285 1440 1349 fquod
1473 1285 1519 1332 in
1553 1285 1651 1332 imo
1687 1285 1830 1331 habet

377 1359 656 1423 spondeum.
729 1361 891 1422 Hujus
918 1363 1194 1425 exemplum
1223 1371 1307 1419 est,

547 1436 737 1492 gLigare
751 1443 911 1493 guttur
929 1439 1109 1493 pendulo
1130 1438 1307 1479 heavum
1330 1439 1478 1479 vinclo.

776 1576 859 1622 De
883 1577 1078 1624 iambico
1101 1576 1434 1623 Archilochio.

443 1659 683 1707 Iambieus
707 1661 922 1709 icolobus
945 1663 1282 1709 Archilochius
1310 1663 1388 1709 hic
1412 1663 1470 1709 de
1496 1680 1604 1709 vero
1629 1662 1834 1708 iambico

376 1736 557 1799 syllaba
589 1746 802 1784 extrema
828 1738 1068 1786 kdetracta
1093 1740 1244 1785 factus
1277 1748 1364 1797 est,
1389 1739 1524 1801 cujus
1556 1740 1832 1803 exemplum

375 1812 424 1858 in
449 1812 657 1859 Horatio
683 1815 792 1870 tale,

579 1891 855 1947 Trahzmtque
875 1893 1005 1933 siccas
1026 1893 1229 1933 macltz'noe
1248 1894 1433 1933 carinas.

375 1963 424 2008 Si
451 1973 571 2010 esset
597 1966 859 2024 eminuas,
885 1976 1006 2013 esset
1033 1967 1264 2013 iambicus
1293 1966 1463 2013 lverus.

927 2109 1013 2155 De
1037 2109 1291 2155 trochaico.

455 2193 745 2241 Trochaicus
784 2196 956 2242 lnidcm
996 2197 1206 2243 senarius
1249 2206 1295 2242 ct
1337 2196 1609 2259 quadratUS‚
1647 2196 1724 2242 hic
1763 2196 1831 2242 nsi

430 2321 446 2340 ⁰
467 2314 615 2364 recipit]
641 2319 772 2364 recepit
790 2319 838 2354 A.
961 2317 980 2345 d
1002 2318 1251 2367 periambum]
1276 2320 1472 2366 aliquando
1488 2320 1718 2366 pariambum
1739 2319 1832 2356 A.B.

378 2368 462 2415 Seq.
484 2376 572 2404 sect.
594 2382 668 2405 om.
690 2371 785 2406 Ven.
979 2370 1019 2397 dd
1039 2372 1188 2420 quarto]
1219 2375 1343 2418 quinto
1363 2372 1456 2408 AB.
1512 2372 1611 2407 Tum
1634 2374 1765 2420 recepit
1786 2373 1832 2409 A.

377 2427 393 2446 e
414 2421 577 2468 Caetera]
606 2422 733 2458 Cetera
762 2424 1035 2460 ven11ste*dixit
1065 2424 1176 2460 simul
1206 2432 1243 2460 et
1273 2432 1417 2461 vetuste
1448 2438 1515 2473 pro
1537 2430 1561 2444 “
1584 2434 1764 2474 quantum
1787 2425 1833 2461 ad

377 2481 498 2509 cetera
518 2474 688 2511 attinet.'’
747 2477 897 2526 Sciopp.
919 2479 1026 2526 Susp.
1046 2478 1151 2514 Lect.
1173 2491 1210 2525 p.
1229 2478 1315 2513 286.
1446 2485 1480 2503 ee
1501 2481 1629 2524 σκάζων
1649 2478 1712 2528 qui
1734 2479 1834 2528 Hip-

378 2526 614 2576 ponacticus]
637 2540 763 2564 scazon
785 2531 821 2564 id
841 2535 891 2565 est
915 2532 1024 2577 (idem
1045 2531 1108 2577 B.)
1133 2531 1391 2578 Izipponacteus
1409 2532 1502 2567 AB.
1524 2533 1546 2567 ι’.
1569 2533 1835 2580 Hipponactius

380 2579 473 2615 Ven.
557 2578 573 2605 f
590 2581 689 2629 quod
711 2580 803 2629 imo]
828 2585 922 2630 quod
943 2585 979 2619 'in
1001 2586 1070 2619 imo
1090 2584 1186 2620 AB.
1288 2591 1309 2619 g
1330 2584 1460 2634 ligate]
1489 2586 1603 2632 ligare
1622 2586 1716 2622 A.B.
1734 2586 1832 2623 Ven.

377 2630 398 2658 h
418 2634 572 2681 canum]
598 2647 724 2670 cavum
744 2636 786 2671 A.
809 2639 861 2671 tdi
878 2637 974 2673 Ven.
1095 2635 1105 2662 i
1125 2637 1280 2674 colobus
1301 2637 1360 2674 hic
1381 2638 1426 2674 de
1448 2639 1585 2686 metro]
1611 2640 1753 2675 colobus
1771 2651 1834 2674 ar-

378 2686 573 2722 chiloclzius
588 2687 645 2723 hic
665 2689 708 2723 cie
724 2700 806 2725 vero
820 2690 913 2725 AB.
988 2688 1009 2715 k
1025 2690 1152 2726 attrita
1171 2690 1289 2728 factus
1306 2699 1363 2727 est
1383 2692 1504 2741 cujus]
1528 2693 1695 2727 detracta
1703 2691 1834 2739 factus

378 2744 429 2775 est
446 2745 479 2774 et
495 2745 545 2775 est
561 2740 636 2786 ejus
653 2742 741 2777 A.B.
812 2741 822 2768 l
844 2756 966 2779 versus
982 2744 1186 2791 perfectus]
1204 2745 1386 2792 peffectus
1402 2757 1477 2780 om.
1495 2745 1538 2780 A.
1554 2745 1650 2780 Ven.
1667 2757 1771 2781 verus
1788 2745 1832 2781 B.

379 2798 409 2817 m
431 2792 614 2841 senarius]
639 2796 730 2830 idem
750 2800 913 2832 senarius
929 2798 1024 2833 AB.
1047 2799 1058 2832 i
1077 2800 1238 2833 senarius
1254 2799 1351 2834 Ven.
1495 2804 1515 2823 ¹¹
1537 2798 1567 2833 si
1587 2797 1741 2834 colobus
1762 2805 1832 2840 est,

378 2847 540 2894 septem]
562 2849 592 2882 sz'
610 2860 731 2884 versus
751 2854 802 2885 est
823 2862 940 2887 omnes
959 2856 1088 2898 septem
1107 2852 1150 2887 A.
1171 2864 1312 2887 severus
1331 2856 1381 2886 est
1401 2863 1520 2887 omnes
1539 2856 1670 2898 septem
1685 2851 1731 2887 Β.
1752 2863 1832 2887 ver-

377 2910 436 2934 sus
452 2900 545 2935 Ven.
567 2913 635 2950 pro
655 2902 809 2939 colobus.
