<?xml version="1.0" encoding="UTF-8"?>
<!DOCTYPE html PUBLIC "-//W3C//DTD XHTML 1.0 Transitional//EN"
    "http://www.w3.org/TR/xhtml1/DTD/xhtml1-transitional.dtd">
<html xmlns="http://www.w3.org/1999/xhtml" xml:lang="en" lang="en">
 <head>
  <title>
</title>
<meta http-equiv="Content-Type" content="text/html;charset=utf-8" />
  <meta name='ocr-system' content='tesseract 3.04.00' />
  <meta name='ocr-capabilities' content='ocr_page ocr_carea ocr_par ocr_line ocrx_word'/>
</head>
<body>
  <div class='ocr_page' id='page_1' title='image "./scriptoreslatini00gaisuoft_0401.png"; bbox 0 0 1962 3355; ppageno 0'>
   <div class='ocr_carea' id='block_1_1' title="bbox 107 192 1559 241">
    <p class='ocr_par' dir='ltr' id='par_1_1' title="bbox 107 192 1559 241">
     <span class='ocr_line' id='line_1_1' title="bbox 107 192 1559 241; baseline 0 0"><span class='ocrx_word' id='word_1_1' title='bbox 107 210 214 241; x_wconf 85' lang='lat' dir='ltr'><em>CAP.</em></span> <span class='ocrx_word' id='word_1_2' title='bbox 240 204 278 241; x_wconf 95' lang='lat'><em>1.</em></span> <span class='ocrx_word' id='word_1_3' title='bbox 591 194 647 241; x_wconf 85' lang='lat' dir='ltr'><em>de</em></span> <span class='ocrx_word' id='word_1_4' title='bbox 670 193 854 241; x_wconf 82' lang='lat' dir='ltr'><em>Metris</em></span> <span class='ocrx_word' id='word_1_5' title='bbox 881 192 1096 241; x_wconf 84' lang='lat' dir='ltr'><em>Comicis.</em></span> <span class='ocrx_word' id='word_1_6' title='bbox 1465 202 1559 241; x_wconf 89' lang='lat'><em>383</em></span> 
     </span>
    </p>
   </div>
   <div class='ocr_carea' id='block_1_2' title="bbox 172 314 1625 582">
    <p class='ocr_par' dir='ltr' id='par_1_2' title="bbox 172 314 1625 582">
     <span class='ocr_line' id='line_1_2' title="bbox 172 314 1625 378; baseline -0.005 -17"><span class='ocrx_word' id='word_1_7' title='bbox 172 315 249 361; x_wconf 85' lang='lat' dir='ltr'><em>De</em></span> <span class='ocrx_word' id='word_1_8' title='bbox 275 315 433 361; x_wconf 84' lang='lat' dir='ltr'><em>iambo</em></span> <span class='ocrx_word' id='word_1_9' title='bbox 459 314 831 378; x_wconf 84' lang='lat' dir='ltr'><em>Hipponactieo‚</em></span> <span class='ocrx_word' id='word_1_10' title='bbox 1587 333 1625 362; x_wconf 79' lang='lat'><em>14</em></span> 
     </span>
     <span class='ocr_line' id='line_1_3' title="bbox 224 389 1359 446; baseline -0.002 -15"><span class='ocrx_word' id='word_1_11' title='bbox 224 392 405 432; x_wconf 85' lang='lat' dir='ltr'><em>Ultimus</em></span> <span class='ocrx_word' id='word_1_12' title='bbox 428 390 772 446; x_wconf 69' lang='lat' dir='ltr'><em>kamplzibraclzys</em></span> <span class='ocrx_word' id='word_1_13' title='bbox 795 391 965 431; x_wconf 79' lang='lat' dir='ltr'><em>velocem</em></span> <span class='ocrx_word' id='word_1_14' title='bbox 987 389 1144 430; x_wconf 84' lang='lat' dir='ltr'><em>claudit</em></span> <span class='ocrx_word' id='word_1_15' title='bbox 1162 390 1359 437; x_wconf 84' lang='lat' dir='ltr'><em>iambum,</em></span> 
     </span>
     <span class='ocr_line' id='line_1_4' title="bbox 218 457 1152 513; baseline -0.004 -13"><span class='ocrx_word' id='word_1_16' title='bbox 218 461 306 500; x_wconf 89' lang='lat' dir='ltr'><em>Aut</em></span> <span class='ocrx_word' id='word_1_17' title='bbox 326 459 517 500; x_wconf 73' lang='lat' dir='ltr'><em>bacchius</em></span> <span class='ocrx_word' id='word_1_18' title='bbox 541 460 621 499; x_wconf 81' lang='lat' dir='ltr'><em>erit</em></span> <span class='ocrx_word' id='word_1_19' title='bbox 628 459 742 513; x_wconf 84' lang='lat' dir='ltr'><em>finis</em></span> <span class='ocrx_word' id='word_1_20' title='bbox 763 458 1004 498; x_wconf 69' lang='lat' dir='ltr'><em>discrimine</em></span> <span class='ocrx_word' id='word_1_21' title='bbox 1024 457 1152 497; x_wconf 86' lang='lat' dir='ltr'><em>nullo.</em></span> 
     </span>
     <span class='ocr_line' id='line_1_5' title="bbox 225 523 1286 582; baseline -0.003 -15"><span class='ocrx_word' id='word_1_22' title='bbox 225 529 371 568; x_wconf 81' lang='lat' dir='ltr'><em>Utitur</em></span> <span class='ocrx_word' id='word_1_23' title='bbox 387 527 624 582; x_wconf 74' lang='lat' dir='ltr'><em>Hipponax</em></span> <span class='ocrx_word' id='word_1_24' title='bbox 639 526 711 566; x_wconf 75' lang='lat' dir='ltr'><em>hoc</em></span> <span class='ocrx_word' id='word_1_25' title='bbox 731 532 859 566; x_wconf 90' lang='lat' dir='ltr'><em>metro</em></span> <span class='ocrx_word' id='word_1_26' title='bbox 880 523 1108 565; x_wconf 74' lang='lat' dir='ltr'><em>lmaoeimus</em></span> <span class='ocrx_word' id='word_1_27' title='bbox 1129 531 1286 566; x_wconf 79' lang='lat' dir='ltr'><em>auctor.</em></span> 
     </span>
    </p>
   </div>
   <div class='ocr_carea' id='block_1_3' title="bbox 173 610 1622 1352">
    <p class='ocr_par' dir='ltr' id='par_1_3' title="bbox 173 610 1622 947">
     <span class='ocr_line' id='line_1_6' title="bbox 173 610 1622 668; baseline 0 -10"><span class='ocrx_word' id='word_1_28' title='bbox 173 612 349 663; x_wconf 83' lang='lat' dir='ltr'>Quales</span> <span class='ocrx_word' id='word_1_29' title='bbox 375 620 485 657; x_wconf 83' lang='lat' dir='ltr'><em>sunt</em></span> <span class='ocrx_word' id='word_1_30' title='bbox 510 610 557 656; x_wconf 88' lang='lat' dir='ltr'><em>hi</em></span> <span class='ocrx_word' id='word_1_31' title='bbox 583 628 756 666; x_wconf 80' lang='lat' dir='ltr'><em>versus,</em></span> <span class='ocrx_word' id='word_1_32' title='bbox 1587 637 1622 668; x_wconf 83' lang='lat'><em>15</em></span> 
     </span>
     <span class='ocr_line' id='line_1_7' title="bbox 219 686 1430 743; baseline -0.001 -16"><span class='ocrx_word' id='word_1_33' title='bbox 219 689 414 742; x_wconf 73' lang='lat' dir='ltr'><em>IVejbrte</em></span> <span class='ocrx_word' id='word_1_34' title='bbox 429 689 443 727; x_wconf 86' lang='lat' dir='ltr'><em>i</em></span> <span class='ocrx_word' id='word_1_35' title='bbox 450 687 673 743; x_wconf 85' lang='lat' dir='ltr'><em>mprudens</em></span> <span class='ocrx_word' id='word_1_36' title='bbox 676 688 847 741; x_wconf 84' lang='lat' dir='ltr'><em>faciam</em></span> <span class='ocrx_word' id='word_1_37' title='bbox 864 687 972 742; x_wconf 81' lang='lat' dir='ltr'><em>quod</em></span> <span class='ocrx_word' id='word_1_38' title='bbox 991 687 1131 737; x_wconf 87' lang='lat' dir='ltr'><em>nolim,</em></span> <span class='ocrx_word' id='word_1_39' title='bbox 1149 688 1251 727; x_wconf 84' lang='lat' dir='ltr'><em>scies</em></span> <span class='ocrx_word' id='word_1_40' title='bbox 1269 686 1430 727; x_wconf 77' lang='lat' dir='ltr'><em>cavebo.</em></span> 
     </span>
     <span class='ocr_line' id='line_1_8' title="bbox 218 754 1377 810; baseline -0.001 -15"><span class='ocrx_word' id='word_1_41' title='bbox 218 756 335 795; x_wconf 78' lang='lat' dir='ltr'><em>Nam</em></span> <span class='ocrx_word' id='word_1_42' title='bbox 356 757 393 795; x_wconf 85' lang='lat' dir='ltr'><em>si</em></span> <span class='ocrx_word' id='word_1_43' title='bbox 415 756 630 796; x_wconf 76' lang='lat' dir='ltr'><em>remittant</em></span> <span class='ocrx_word' id='word_1_44' title='bbox 649 756 867 810; x_wconf 73' lang='lat' dir='ltr'><em>quippiam</em></span> <span class='ocrx_word' id='word_1_45' title='bbox 889 754 1186 794; x_wconf 74' lang='lat' dir='ltr'><em>mPliilumenae</em></span> <span class='ocrx_word' id='word_1_46' title='bbox 1206 755 1377 795; x_wconf 87' lang='lat' dir='ltr'><em>dolores.</em></span> 
     </span>
     <span class='ocr_line' id='line_1_9' title="bbox 219 823 1291 879; baseline -0.001 -16"><span class='ocrx_word' id='word_1_47' title='bbox 219 824 474 879; x_wconf 75' lang='lat' dir='ltr'><em>Legitimum</em></span> <span class='ocrx_word' id='word_1_48' title='bbox 495 823 704 863; x_wconf 87' lang='lat' dir='ltr'><em>interdum</em></span> <span class='ocrx_word' id='word_1_49' title='bbox 726 823 934 863; x_wconf 82' lang='lat' dir='ltr'><em>subscenis</em></span> <span class='ocrx_word' id='word_1_50' title='bbox 947 823 1072 878; x_wconf 82' lang='lat' dir='ltr'><em>ponit</em></span> <span class='ocrx_word' id='word_1_51' title='bbox 1092 823 1291 871; x_wconf 80' lang='lat' dir='ltr'><em>iambum,</em></span> 
     </span>
     <span class='ocr_line' id='line_1_10' title="bbox 222 890 1144 947; baseline -0.001 -16"><span class='ocrx_word' id='word_1_52' title='bbox 222 892 469 947; x_wconf 74' lang='lat' dir='ltr'><em>Obsequium</em></span> <span class='ocrx_word' id='word_1_53' title='bbox 489 892 656 941; x_wconf 82' lang='lat' dir='ltr'><em>amicos,</em></span> <span class='ocrx_word' id='word_1_54' title='bbox 674 892 830 931; x_wconf 80' lang='lat' dir='ltr'><em>veritas</em></span> <span class='ocrx_word' id='word_1_55' title='bbox 851 890 991 930; x_wconf 82' lang='lat' dir='ltr'><em>odium</em></span> <span class='ocrx_word' id='word_1_56' title='bbox 1011 891 1144 945; x_wconf 84' lang='lat' dir='ltr'><em>parit.</em></span> 
     </span>
    </p>

    <p class='ocr_par' dir='ltr' id='par_1_4' title="bbox 224 958 1170 1012">
     <span class='ocr_line' id='line_1_11' title="bbox 224 958 1170 1012; baseline -0.002 -13"><span class='ocrx_word' id='word_1_57' title='bbox 224 960 371 999; x_wconf 83' lang='lat' dir='ltr'><em>Utitur</em></span> <span class='ocrx_word' id='word_1_58' title='bbox 390 959 455 999; x_wconf 72' lang='lat' dir='ltr'><em>liis</em></span> <span class='ocrx_word' id='word_1_59' title='bbox 473 959 655 999; x_wconf 83' lang='lat' dir='ltr'><em>Plautus</em></span> <span class='ocrx_word' id='word_1_60' title='bbox 675 958 818 998; x_wconf 84' lang='lat' dir='ltr'><em>metris</em></span> <span class='ocrx_word' id='word_1_61' title='bbox 839 963 877 997; x_wconf 91' lang='lat' dir='ltr'><em>et</em></span> <span class='ocrx_word' id='word_1_62' title='bbox 896 958 1006 997; x_wconf 87' lang='lat' dir='ltr'><em>mille</em></span> <span class='ocrx_word' id='word_1_63' title='bbox 1021 963 1170 1012; x_wconf 63' lang='lat' dir='ltr'><em>poeta).</em></span> 
     </span>
    </p>

    <p class='ocr_par' dir='ltr' id='par_1_5' title="bbox 216 1025 1362 1352">
     <span class='ocr_line' id='line_1_12' title="bbox 217 1025 1359 1081; baseline -0.002 -15"><span class='ocrx_word' id='word_1_64' title='bbox 217 1027 284 1066; x_wconf 90' lang='lat' dir='ltr'><em>De</em></span> <span class='ocrx_word' id='word_1_65' title='bbox 298 1027 474 1081; x_wconf 81' lang='lat' dir='ltr'><em>pedibus</em></span> <span class='ocrx_word' id='word_1_66' title='bbox 495 1026 645 1081; x_wconf 80' lang='lat' dir='ltr'><em>quibus</em></span> <span class='ocrx_word' id='word_1_67' title='bbox 665 1025 750 1065; x_wconf 72' lang='lat' dir='ltr'><em>liceo</em></span> <span class='ocrx_word' id='word_1_68' title='bbox 771 1025 1001 1066; x_wconf 85' lang='lat' dir='ltr'><em>consistunt</em></span> <span class='ocrx_word' id='word_1_69' title='bbox 1021 1031 1152 1065; x_wconf 85' lang='lat' dir='ltr'><em>metra</em></span> <span class='ocrx_word' id='word_1_70' title='bbox 1172 1025 1333 1065; x_wconf 82' lang='lat' dir='ltr'><em>notabis</em></span> <span class='ocrx_word' id='word_1_71' title='bbox 1348 1041 1359 1064; x_wconf 92' lang='lat'><em>.·</em></span> 
     </span>
     <span class='ocr_line' id='line_1_13' title="bbox 217 1093 1334 1149; baseline -0.002 -15"><span class='ocrx_word' id='word_1_72' title='bbox 217 1095 423 1149; x_wconf 75' lang='lat' dir='ltr'><em>Dactgylus</em></span> <span class='ocrx_word' id='word_1_73' title='bbox 444 1100 519 1134; x_wconf 86' lang='lat' dir='ltr'><em>aut</em></span> <span class='ocrx_word' id='word_1_74' title='bbox 539 1094 745 1149; x_wconf 87' lang='lat' dir='ltr'><em>spondeus</em></span> <span class='ocrx_word' id='word_1_75' title='bbox 765 1095 887 1142; x_wconf 84' lang='lat' dir='ltr'><em>inest,</em></span> <span class='ocrx_word' id='word_1_76' title='bbox 906 1094 969 1133; x_wconf 80' lang='lat' dir='ltr'><em>vel</em></span> <span class='ocrx_word' id='word_1_77' title='bbox 987 1107 1134 1132; x_wconf 84' lang='lat' dir='ltr'><em>cursor</em></span> <span class='ocrx_word' id='word_1_78' title='bbox 1156 1093 1334 1139; x_wconf 75' lang='lat' dir='ltr'><em>iambus,</em></span> 
     </span>
     <span class='ocr_line' id='line_1_14' title="bbox 218 1160 1222 1218; baseline -0.003 -16"><span class='ocrx_word' id='word_1_79' title='bbox 218 1163 306 1203; x_wconf 86' lang='lat' dir='ltr'><em>Aut</em></span> <span class='ocrx_word' id='word_1_80' title='bbox 325 1168 568 1218; x_wconf 71' lang='lat' dir='ltr'><em>anapaestus</em></span> <span class='ocrx_word' id='word_1_81' title='bbox 588 1163 683 1211; x_wconf 84' lang='lat' dir='ltr'><em>erit,</em></span> <span class='ocrx_word' id='word_1_82' title='bbox 695 1162 827 1217; x_wconf 83' lang='lat' dir='ltr'><em>positi</em></span> <span class='ocrx_word' id='word_1_83' title='bbox 848 1162 1089 1201; x_wconf 71' lang='lat' dir='ltr'><em>discrimine</em></span> <span class='ocrx_word' id='word_1_84' title='bbox 1109 1160 1222 1200; x_wconf 85' lang='lat' dir='ltr'><em>nullo</em></span> 
     </span>
     <span class='ocr_line' id='line_1_15' title="bbox 217 1228 1362 1284; baseline -0.003 -14"><span class='ocrx_word' id='word_1_85' title='bbox 217 1230 420 1270; x_wconf 83' lang='lat' dir='ltr'><em>Partibus</em></span> <span class='ocrx_word' id='word_1_86' title='bbox 440 1231 486 1269; x_wconf 88' lang='lat' dir='ltr'><em>in</em></span> <span class='ocrx_word' id='word_1_87' title='bbox 501 1230 644 1284; x_wconf 84' lang='lat' dir='ltr'><em>quinis</em></span> <span class='ocrx_word' id='word_1_88' title='bbox 657 1245 669 1268; x_wconf 93' lang='lat'><em>.·</em></span> <span class='ocrx_word' id='word_1_89' title='bbox 701 1243 799 1268; x_wconf 83' lang='lat' dir='ltr'><em>nam</em></span> <span class='ocrx_word' id='word_1_90' title='bbox 813 1234 911 1283; x_wconf 79' lang='lat' dir='ltr'><em>post</em></span> <span class='ocrx_word' id='word_1_91' title='bbox 929 1228 1033 1268; x_wconf 88' lang='lat' dir='ltr'><em>celer</em></span> <span class='ocrx_word' id='word_1_92' title='bbox 1053 1233 1167 1267; x_wconf 69' lang='lat' dir='ltr'><em>extat</em></span> <span class='ocrx_word' id='word_1_93' title='bbox 1187 1228 1362 1276; x_wconf 81' lang='lat' dir='ltr'><em>iambus,</em></span> 
     </span>
     <span class='ocr_line' id='line_1_16' title="bbox 216 1295 1214 1352; baseline -0.003 -15"><span class='ocrx_word' id='word_1_94' title='bbox 216 1297 520 1352; x_wconf 65' lang='lat' dir='ltr'><em>Pyrrichiusve</em></span> <span class='ocrx_word' id='word_1_95' title='bbox 540 1297 646 1336; x_wconf 89' lang='lat' dir='ltr'><em>citus</em></span> <span class='ocrx_word' id='word_1_96' title='bbox 652 1297 789 1351; x_wconf 82' lang='lat' dir='ltr'><em>finem</em></span> <span class='ocrx_word' id='word_1_97' title='bbox 809 1295 1048 1336; x_wconf 76' lang='lat' dir='ltr'><em>concludere</em></span> <span class='ocrx_word' id='word_1_98' title='bbox 1064 1295 1214 1350; x_wconf 83' lang='lat' dir='ltr'><em>possit.</em></span> 
     </span>
    </p>
   </div>
   <div class='ocr_carea' id='block_1_4' title="bbox 168 1381 1623 1582">
    <p class='ocr_par' dir='ltr' id='par_1_6' title="bbox 168 1381 1623 1582">
     <span class='ocr_line' id='line_1_17' title="bbox 168 1381 1623 1436; baseline -0.003 -8"><span class='ocrx_word' id='word_1_99' title='bbox 168 1382 269 1429; x_wconf 69' lang='lat' dir='ltr'><em>”Ut</em></span> <span class='ocrx_word' id='word_1_100' title='bbox 296 1392 405 1428; x_wconf 83' lang='lat' dir='ltr'><em>sunt</em></span> <span class='ocrx_word' id='word_1_101' title='bbox 434 1381 480 1427; x_wconf 82' lang='lat' dir='ltr'><em>hi</em></span> <span class='ocrx_word' id='word_1_102' title='bbox 506 1382 637 1436; x_wconf 83' lang='lat' dir='ltr'><em>tales,</em></span> <span class='ocrx_word' id='word_1_103' title='bbox 1586 1394 1623 1425; x_wconf 87' lang='lat'><em>16</em></span> 
     </span>
     <span class='ocr_line' id='line_1_18' title="bbox 215 1456 1333 1507; baseline -0.003 -9"><span class='ocrx_word' id='word_1_104' title='bbox 215 1458 430 1507; x_wconf 67' lang='lat' dir='ltr'><em>Exclusit,</em></span> <span class='ocrx_word' id='word_1_105' title='bbox 452 1463 630 1506; x_wconf 76' lang='lat' dir='ltr'><em>revocat,</em></span> <span class='ocrx_word' id='word_1_106' title='bbox 655 1458 854 1497; x_wconf 75' lang='lat' dir='ltr'><em>redeam?</em></span> <span class='ocrx_word' id='word_1_107' title='bbox 885 1471 965 1497; x_wconf 91' lang='lat' dir='ltr'><em>non</em></span> <span class='ocrx_word' id='word_1_108' title='bbox 992 1457 1030 1497; x_wconf 85' lang='lat' dir='ltr'><em>si</em></span> <span class='ocrx_word' id='word_1_109' title='bbox 1050 1470 1112 1496; x_wconf 82' lang='lat' dir='ltr'><em>me</em></span> <span class='ocrx_word' id='word_1_110' title='bbox 1132 1456 1308 1496; x_wconf 84' lang='lat' dir='ltr'><em>obsecret</em></span> <span class='ocrx_word' id='word_1_111' title='bbox 1320 1472 1333 1495; x_wconf 94' lang='lat'><em>.·</em></span> 
     </span>
     <span class='ocr_line' id='line_1_19' title="bbox 217 1524 1216 1582; baseline -0.002 -16"><span class='ocrx_word' id='word_1_112' title='bbox 217 1526 336 1574; x_wconf 75' lang='lat' dir='ltr'><em>Quod</em></span> <span class='ocrx_word' id='word_1_113' title='bbox 351 1527 543 1582; x_wconf 82' lang='lat' dir='ltr'><em>plerique</em></span> <span class='ocrx_word' id='word_1_114' title='bbox 564 1539 703 1566; x_wconf 88' lang='lat' dir='ltr'><em>omnes</em></span> <span class='ocrx_word' id='word_1_115' title='bbox 709 1526 893 1579; x_wconf 84' lang='lat' dir='ltr'><em>faciunt</em></span> <span class='ocrx_word' id='word_1_116' title='bbox 913 1524 1216 1565; x_wconf 77' lang='lat' dir='ltr'><em>adolescentuli.</em></span> 
     </span>
    </p>
   </div>
   <div class='ocr_carea' id='block_1_5' title="bbox 167 1610 1398 2013">
    <p class='ocr_par' dir='ltr' id='par_1_7' title="bbox 167 1610 1398 2013">
     <span class='ocr_line' id='line_1_20' title="bbox 167 1610 1355 1657; baseline -0.003 0"><span class='ocrx_word' id='word_1_117' title='bbox 167 1611 244 1657; x_wconf 84' lang='lat' dir='ltr'><em>De</em></span> <span class='ocrx_word' id='word_1_118' title='bbox 268 1611 488 1656; x_wconf 78' lang='lat' dir='ltr'><em>⁰nomine</em></span> <span class='ocrx_word' id='word_1_119' title='bbox 514 1610 680 1656; x_wconf 81' lang='lat' dir='ltr'><em>talium</em></span> <span class='ocrx_word' id='word_1_120' title='bbox 708 1627 931 1656; x_wconf 79' lang='lat' dir='ltr'><em>versuum</em></span> <span class='ocrx_word' id='word_1_121' title='bbox 958 1611 1054 1655; x_wconf 79' lang='lat' dir='ltr'><em>sive</em></span> <span class='ocrx_word' id='word_1_122' title='bbox 1080 1617 1355 1655; x_wconf 78' lang='lat' dir='ltr'><em>metrorum.</em></span> 
     </span>
     <span class='ocr_line' id='line_1_21' title="bbox 217 1686 1311 1743; baseline -0.004 -15"><span class='ocrx_word' id='word_1_123' title='bbox 217 1689 390 1728; x_wconf 80' lang='lat' dir='ltr'><em>Grcecus</em></span> <span class='ocrx_word' id='word_1_124' title='bbox 412 1687 782 1743; x_wconf 69' lang='lat' dir='ltr'><em>Papenepltaenonta</em></span> <span class='ocrx_word' id='word_1_125' title='bbox 805 1686 904 1727; x_wconf 84' lang='lat' dir='ltr'><em>solet</em></span> <span class='ocrx_word' id='word_1_126' title='bbox 931 1700 1156 1726; x_wconf 82' lang='lat' dir='ltr'><em>memorare</em></span> <span class='ocrx_word' id='word_1_127' title='bbox 1174 1691 1311 1740; x_wconf 84' lang='lat' dir='ltr'><em>poeta,</em></span> 
     </span>
     <span class='ocr_line' id='line_1_22' title="bbox 216 1754 1285 1811; baseline -0.003 -16"><span class='ocrx_word' id='word_1_128' title='bbox 216 1757 509 1811; x_wconf 67' lang='lat' dir='ltr'><em>Immanifizsta</em></span> <span class='ocrx_word' id='word_1_129' title='bbox 531 1761 678 1796; x_wconf 85' lang='lat' dir='ltr'><em>vocant</em></span> <span class='ocrx_word' id='word_1_130' title='bbox 699 1755 783 1795; x_wconf 73' lang='lat' dir='ltr'><em>licec</em></span> <span class='ocrx_word' id='word_1_131' title='bbox 803 1754 994 1794; x_wconf 84' lang='lat' dir='ltr'><em>carmina</em></span> <span class='ocrx_word' id='word_1_132' title='bbox 1016 1767 1107 1793; x_wconf 77' lang='lat' dir='ltr'><em>voce</em></span> <span class='ocrx_word' id='word_1_133' title='bbox 1126 1754 1285 1793; x_wconf 86' lang='lat' dir='ltr'><em>Latini.</em></span> 
     </span>
     <span class='ocr_line' id='line_1_23' title="bbox 215 1821 1368 1876; baseline -0.003 -14"><span class='ocrx_word' id='word_1_134' title='bbox 215 1823 348 1862; x_wconf 92' lang='lat' dir='ltr'><em>Hunc</em></span> <span class='ocrx_word' id='word_1_135' title='bbox 369 1824 604 1863; x_wconf 78' lang='lat' dir='ltr'><em>trimetrum</em></span> <span class='ocrx_word' id='word_1_136' title='bbox 626 1829 779 1862; x_wconf 80' lang='lat' dir='ltr'><em>veteres</em></span> <span class='ocrx_word' id='word_1_137' title='bbox 804 1822 928 1862; x_wconf 84' lang='lat' dir='ltr'><em>Graii</em></span> <span class='ocrx_word' id='word_1_138' title='bbox 949 1821 1192 1876; x_wconf 79' lang='lat' dir='ltr'><em>cognomi-ne</em></span> <span class='ocrx_word' id='word_1_139' title='bbox 1211 1821 1368 1870; x_wconf 86' lang='lat' dir='ltr'><em>dicunt,</em></span> 
     </span>
     <span class='ocr_line' id='line_1_24' title="bbox 220 1888 1398 1946; baseline -0.002 -17"><span class='ocrx_word' id='word_1_140' title='bbox 220 1891 338 1938; x_wconf 83' lang='lat' dir='ltr'><em>Quod</em></span> <span class='ocrx_word' id='word_1_141' title='bbox 357 1891 530 1946; x_wconf 82' lang='lat' dir='ltr'><em>pedibus</em></span> <span class='ocrx_word' id='word_1_142' title='bbox 539 1936 545 1944; x_wconf 37' lang='lat'>¹</span> <span class='ocrx_word' id='word_1_143' title='bbox 546 1892 709 1945; x_wconf 79' lang='lat' dir='ltr'><em>junctis</em></span> <span class='ocrx_word' id='word_1_144' title='bbox 730 1890 838 1929; x_wconf 75' lang='lat' dir='ltr'><em>hunc</em></span> <span class='ocrx_word' id='word_1_145' title='bbox 858 1889 1054 1928; x_wconf 83' lang='lat' dir='ltr'><em>scandere</em></span> <span class='ocrx_word' id='word_1_146' title='bbox 1073 1902 1185 1943; x_wconf 77' lang='lat' dir='ltr'><em>soepe</em></span> <span class='ocrx_word' id='word_1_147' title='bbox 1206 1888 1398 1928; x_wconf 86' lang='lat' dir='ltr'><em>solebant.</em></span> 
     </span>
     <span class='ocr_line' id='line_1_25' title="bbox 216 1956 1238 2013; baseline -0.003 -16"><span class='ocrx_word' id='word_1_148' title='bbox 216 1959 400 1998; x_wconf 84' lang='lat' dir='ltr'><em>Ponitur</em></span> <span class='ocrx_word' id='word_1_149' title='bbox 420 1964 495 1998; x_wconf 86' lang='lat' dir='ltr'><em>aut</em></span> <span class='ocrx_word' id='word_1_150' title='bbox 514 1972 678 2007; x_wconf 73' lang='lat' dir='ltr'><em>scazon,</em></span> <span class='ocrx_word' id='word_1_151' title='bbox 699 1957 925 2013; x_wconf 77' lang='lat' dir='ltr'><em>spondeum</em></span> <span class='ocrx_word' id='word_1_152' title='bbox 936 1956 1046 2008; x_wconf 90' lang='lat' dir='ltr'><em>finis</em></span> <span class='ocrx_word' id='word_1_153' title='bbox 1064 1956 1238 1996; x_wconf 74' lang='lat' dir='ltr'><em>habebit.</em></span> 
     </span>
    </p>
   </div>
   <div class='ocr_carea' id='block_1_6' title="bbox 169 2041 1619 2241">
    <p class='ocr_par' dir='ltr' id='par_1_8' title="bbox 169 2041 1619 2241">
     <span class='ocr_line' id='line_1_26' title="bbox 169 2041 1619 2097; baseline -0.003 -10"><span class='ocrx_word' id='word_1_154' title='bbox 169 2042 345 2095; x_wconf 76' lang='lat' dir='ltr'><em>Quales</em></span> <span class='ocrx_word' id='word_1_155' title='bbox 372 2050 480 2087; x_wconf 82' lang='lat' dir='ltr'><em>sunt</em></span> <span class='ocrx_word' id='word_1_156' title='bbox 507 2041 599 2097; x_wconf 83' lang='lat' dir='ltr'><em>isti,</em></span> <span class='ocrx_word' id='word_1_157' title='bbox 1583 2060 1619 2092; x_wconf 87' lang='lat'><em>17</em></span> 
     </span>
     <span class='ocr_line' id='line_1_27' title="bbox 216 2118 1180 2173; baseline -0.002 -15"><span class='ocrx_word' id='word_1_158' title='bbox 216 2119 441 2172; x_wconf 70' lang='lat' dir='ltr'><em>IVecjbnte</em></span> <span class='ocrx_word' id='word_1_159' title='bbox 461 2118 580 2158; x_wconf 82' lang='lat' dir='ltr'><em>labra</em></span> <span class='ocrx_word' id='word_1_160' title='bbox 591 2118 739 2173; x_wconf 84' lang='lat' dir='ltr'><em>prolui</em></span> <span class='ocrx_word' id='word_1_161' title='bbox 760 2118 980 2167; x_wconf 83' lang='lat' dir='ltr'><em>caballino,</em></span> <span class='ocrx_word' id='word_1_162' title='bbox 1176 2121 1180 2124; x_wconf 73' lang='grc'><em>’</em></span> 
     </span>
     <span class='ocr_line' id='line_1_28' title="bbox 217 2185 1047 2241; baseline 0.001 -16"><span class='ocrx_word' id='word_1_163' title='bbox 217 2187 269 2225; x_wconf 96' lang='lat' dir='ltr'><em>N</em></span> <span class='ocrx_word' id='word_1_164' title='bbox 267 2200 308 2226; x_wconf 91' lang='lat' dir='ltr'><em>cc</em></span> <span class='ocrx_word' id='word_1_165' title='bbox 328 2187 373 2225; x_wconf 89' lang='lat' dir='ltr'><em>in</em></span> <span class='ocrx_word' id='word_1_166' title='bbox 395 2186 555 2241; x_wconf 82' lang='lat' dir='ltr'><em>bicipiti</em></span> <span class='ocrx_word' id='word_1_167' title='bbox 575 2186 802 2225; x_wconf 83' lang='lat' dir='ltr'><em>somniasse</em></span> <span class='ocrx_word' id='word_1_168' title='bbox 817 2185 1047 2226; x_wconf 86' lang='lat' dir='ltr'><em>Parnasso.</em></span> 
     </span>
    </p>
   </div>
   <div class='ocr_carea' id='block_1_7' title="bbox 167 2268 667 2317">
    <p class='ocr_par' dir='ltr' id='par_1_9' title="bbox 167 2268 667 2317">
     <span class='ocr_line' id='line_1_29' title="bbox 167 2268 667 2317; baseline -0.006 0"><span class='ocrx_word' id='word_1_169' title='bbox 167 2270 245 2317; x_wconf 85' lang='lat' dir='ltr'><em>De</em></span> <span class='ocrx_word' id='word_1_170' title='bbox 273 2269 432 2315; x_wconf 76' lang='lat' dir='ltr'><em>metris</em></span> <span class='ocrx_word' id='word_1_171' title='bbox 458 2268 667 2315; x_wconf 84' lang='lat' dir='ltr'><em>comicis.</em></span> 
     </span>
    </p>
   </div>
   <div class='ocr_carea' id='block_1_8' title="bbox 215 2357 1415 2686">
    <p class='ocr_par' dir='ltr' id='par_1_10' title="bbox 215 2357 1415 2686">
     <span class='ocr_line' id='line_1_30' title="bbox 219 2357 1336 2413; baseline -0.001 -14"><span class='ocrx_word' id='word_1_172' title='bbox 219 2360 502 2399; x_wconf 82' lang='lat' dir='ltr'><em>Tetrametros</em></span> <span class='ocrx_word' id='word_1_173' title='bbox 523 2359 810 2413; x_wconf 81' lang='lat' dir='ltr'><em>trimetrosque</em></span> <span class='ocrx_word' id='word_1_174' title='bbox 830 2358 942 2413; x_wconf 83' lang='lat' dir='ltr'><em>capit</em></span> <span class='ocrx_word' id='word_1_175' title='bbox 962 2357 1158 2397; x_wconf 75' lang='lat' dir='ltr'><em>comoedia</em></span> <span class='ocrx_word' id='word_1_176' title='bbox 1180 2371 1336 2398; x_wconf 81' lang='lat' dir='ltr'><em>versus.</em></span> 
     </span>
     <span class='ocr_line' id='line_1_31' title="bbox 221 2426 1296 2481; baseline -0.001 -15"><span class='ocrx_word' id='word_1_177' title='bbox 221 2428 529 2467; x_wconf 83' lang='lat' dir='ltr'><em>Tetrametrum</em></span> <span class='ocrx_word' id='word_1_178' title='bbox 546 2427 714 2481; x_wconf 86' lang='lat' dir='ltr'><em>primus</em></span> <span class='ocrx_word' id='word_1_179' title='bbox 721 2426 878 2480; x_wconf 68' lang='lat' dir='ltr'><em>fertur</em></span> <span class='ocrx_word' id='word_1_180' title='bbox 892 2427 1086 2481; x_wconf 77' lang='lat' dir='ltr'><em>posuisse</em></span> <span class='ocrx_word' id='word_1_181' title='bbox 1108 2426 1296 2475; x_wconf 83' lang='lat' dir='ltr'><em>Boiscus‚</em></span> 
     </span>
     <span class='ocr_line' id='line_1_32' title="bbox 218 2482 1395 2550; baseline 0.001 -17"><span class='ocrx_word' id='word_1_182' title='bbox 218 2494 407 2534; x_wconf 86' lang='lat' dir='ltr'><em>Creticon</em></span> <span class='ocrx_word' id='word_1_183' title='bbox 424 2494 693 2535; x_wconf 73' lang='lat' dir='ltr'><em>Archilochus</em></span> <span class='ocrx_word' id='word_1_184' title='bbox 711 2496 898 2535; x_wconf 85' lang='lat' dir='ltr'><em>trimetro</em></span> <span class='ocrx_word' id='word_1_185' title='bbox 917 2493 1209 2550; x_wconf 82' lang='lat' dir='ltr'><em>superaddidit</em></span> <span class='ocrx_word' id='word_1_186' title='bbox 1229 2482 1395 2549; x_wconf 73' lang='lat' dir='ltr'><em>ingens,</em></span> 
     </span>
     <span class='ocr_line' id='line_1_33' title="bbox 215 2560 1415 2617; baseline 0.001 -16"><span class='ocrx_word' id='word_1_187' title='bbox 215 2560 567 2615; x_wconf 72' lang='lat' dir='ltr'><em>Ampliibracltum</em></span> <span class='ocrx_word' id='word_1_188' title='bbox 589 2563 776 2603; x_wconf 83' lang='lat' dir='ltr'><em>trimetro</em></span> <span class='ocrx_word' id='word_1_189' title='bbox 794 2563 1033 2617; x_wconf 69' lang='lat' dir='ltr'><em>Hipponax</em></span> <span class='ocrx_word' id='word_1_190' title='bbox 1052 2562 1250 2617; x_wconf 86' lang='lat' dir='ltr'><em>supponit</em></span> <span class='ocrx_word' id='word_1_191' title='bbox 1270 2563 1415 2602; x_wconf 80' lang='lat' dir='ltr'><em>iambo.</em></span> 
     </span>
     <span class='ocr_line' id='line_1_34' title="bbox 216 2628 1361 2686; baseline 0.003 -20"><span class='ocrx_word' id='word_1_192' title='bbox 216 2628 259 2667; x_wconf 91' lang='lat' dir='ltr'><em>F</em></span> <span class='ocrx_word' id='word_1_193' title='bbox 258 2628 415 2667; x_wconf 84' lang='lat' dir='ltr'><em>ulserat</em></span> <span class='ocrx_word' id='word_1_194' title='bbox 434 2628 510 2668; x_wconf 74' lang='lat' dir='ltr'><em>ltac</em></span> <span class='ocrx_word' id='word_1_195' title='bbox 525 2629 720 2680; x_wconf 88' lang='lat' dir='ltr'><em>Plautus,</em></span> <span class='ocrx_word' id='word_1_196' title='bbox 734 2630 988 2686; x_wconf 79' lang='lat' dir='ltr'><em>pulcherque</em></span> <span class='ocrx_word' id='word_1_197' title='bbox 1009 2631 1235 2671; x_wconf 81' lang='lat' dir='ltr'><em>Terentius</em></span> <span class='ocrx_word' id='word_1_198' title='bbox 1254 2637 1361 2671; x_wconf 91' lang='lat' dir='ltr'><em>arte.</em></span> 
     </span>
    </p>
   </div>
   <div class='ocr_carea' id='block_1_9' title="bbox 99 2767 1556 2926">
    <p class='ocr_par' dir='ltr' id='par_1_11' title="bbox 99 2767 1556 2926">
     <span class='ocr_line' id='line_1_35' title="bbox 153 2767 1556 2819; baseline 0 -14"><span class='ocrx_word' id='word_1_199' title='bbox 153 2767 175 2794; x_wconf 85' lang='lat' dir='ltr'><strong>k</strong></span> <span class='ocrx_word' id='word_1_200' title='bbox 195 2768 498 2818; x_wconf 83' lang='lat' dir='ltr'><em>amphibrachys]</em></span> <span class='ocrx_word' id='word_1_201' title='bbox 522 2768 785 2818; x_wconf 78' lang='lat' dir='ltr'><em>amphibracus</em></span> <span class='ocrx_word' id='word_1_202' title='bbox 805 2771 900 2806; x_wconf 88' lang='lat' dir='ltr'><em>Ven.</em></span> <span class='ocrx_word' id='word_1_203' title='bbox 1051 2769 1063 2796; x_wconf 93' lang='lat'>1</span> <span class='ocrx_word' id='word_1_204' title='bbox 1084 2770 1284 2818; x_wconf 81' lang='lat' dir='ltr'><em>maximus]</em></span> <span class='ocrx_word' id='word_1_205' title='bbox 1307 2770 1439 2819; x_wconf 80' lang='lat' dir='ltr'><em>saepius</em></span> <span class='ocrx_word' id='word_1_206' title='bbox 1463 2769 1556 2805; x_wconf 88' lang='lat' dir='ltr'><em>Ven.</em></span> 
     </span>
     <span class='ocr_line' id='line_1_36' title="bbox 99 2821 1556 2869; baseline -0.001 -10"><span class='ocrx_word' id='word_1_207' title='bbox 99 2822 186 2859; x_wconf 92' lang='lat' dir='ltr'><em>Ald.</em></span> <span class='ocrx_word' id='word_1_208' title='bbox 325 2828 355 2847; x_wconf 91' lang='lat' dir='ltr'><em>m</em></span> <span class='ocrx_word' id='word_1_209' title='bbox 376 2821 623 2869; x_wconf 74' lang='lat' dir='ltr'><em>Philumenae]</em></span> <span class='ocrx_word' id='word_1_210' title='bbox 648 2821 880 2860; x_wconf 83' lang='lat' dir='ltr'><em>Philomenae</em></span> <span class='ocrx_word' id='word_1_211' title='bbox 899 2825 995 2860; x_wconf 86' lang='lat' dir='ltr'><em>Ven.</em></span> <span class='ocrx_word' id='word_1_212' title='bbox 1148 2832 1168 2850; x_wconf 90' lang='lat' dir='ltr'>n</span> <span class='ocrx_word' id='word_1_213' title='bbox 1190 2825 1243 2861; x_wconf 90' lang='lat' dir='ltr'><em>Ut</em></span> <span class='ocrx_word' id='word_1_214' title='bbox 1262 2831 1350 2861; x_wconf 86' lang='lat' dir='ltr'><em>sunt</em></span> <span class='ocrx_word' id='word_1_215' title='bbox 1370 2823 1461 2858; x_wconf 76' lang='lat' dir='ltr'><em>tales</em></span> <span class='ocrx_word' id='word_1_216' title='bbox 1482 2835 1556 2858; x_wconf 85' lang='lat' dir='ltr'><em>om.</em></span> 
     </span>
     <span class='ocr_line' id='line_1_37' title="bbox 100 2874 1556 2926; baseline -0.001 -14"><span class='ocrx_word' id='word_1_217' title='bbox 100 2877 196 2912; x_wconf 86' lang='lat' dir='ltr'><em>Ven.</em></span> <span class='ocrx_word' id='word_1_218' title='bbox 217 2874 301 2912; x_wconf 89' lang='lat' dir='ltr'><em>Ald.</em></span> <span class='ocrx_word' id='word_1_219' title='bbox 439 2881 457 2900; x_wconf 92' lang='lat'>⁰</span> <span class='ocrx_word' id='word_1_220' title='bbox 480 2874 649 2922; x_wconf 86' lang='lat' dir='ltr'><em>nomine]</em></span> <span class='ocrx_word' id='word_1_221' title='bbox 672 2875 826 2913; x_wconf 86' lang='lat' dir='ltr'><em>nomine</em></span> <span class='ocrx_word' id='word_1_222' title='bbox 846 2889 929 2913; x_wconf 86' lang='lat' dir='ltr'><em>vero</em></span> <span class='ocrx_word' id='word_1_223' title='bbox 948 2878 1045 2914; x_wconf 89' lang='lat' dir='ltr'><em>Ven.</em></span> <span class='ocrx_word' id='word_1_224' title='bbox 1064 2877 1149 2914; x_wconf 85' lang='lat' dir='ltr'><em>Ald.</em></span> <span class='ocrx_word' id='word_1_225' title='bbox 1302 2884 1320 2911; x_wconf 83' lang='lat' dir='ltr'><strong>P</strong></span> <span class='ocrx_word' id='word_1_226' title='bbox 1342 2876 1556 2926; x_wconf 77' lang='lat' dir='ltr'><em>apamphae-</em></span> 
     </span>
    </p>
   </div>
   <div class='ocr_carea' id='block_1_10' title="bbox 101 2928 656 2978">
    <p class='ocr_par' dir='ltr' id='par_1_12' title="bbox 101 2928 656 2978">
     <span class='ocr_line' id='line_1_38' title="bbox 101 2928 656 2978; baseline 0 -14"><span class='ocrx_word' id='word_1_227' title='bbox 101 2929 235 2975; x_wconf 82' lang='lat' dir='ltr'><em>nonta]</em></span> <span class='ocrx_word' id='word_1_228' title='bbox 261 2928 542 2978; x_wconf 81' lang='lat' dir='ltr'><em>pamphenonta</em></span> <span class='ocrx_word' id='word_1_229' title='bbox 563 2928 656 2964; x_wconf 86' lang='lat' dir='ltr'><em>Ven.</em></span> 
     </span>
    </p>
   </div>
  </div>
 </body>
</html>
