1962 3355
387 181 472 220 558

828 178 871 217 F
871 179 898 219 l.
921 177 1106 217 Mallius
1132 177 1373 217 Theodorus

387 291 427 331 in
449 291 512 331 his
533 300 754 330 metrorum
774 289 994 345 generibus
1013 297 1030 317 c
1042 289 1061 317 d
1075 289 1133 329 ita
1150 288 1252 329 rude
1273 299 1397 343 atque
1416 286 1655 327 inusitatum
1677 282 1837 338 aliquid

387 358 634 415 excogitent,
664 367 742 399 eut
771 358 813 398 id
844 368 885 398 et
913 371 1007 398 cum
1038 356 1181 398 eodem
1212 355 1318 412 pede
1344 355 1468 410 legat,
1490 363 1530 394 et
1551 366 1646 393 cum
1671 350 1833 391 aurium

443 503 460 523 c
494 496 548 530 ita
584 495 672 530 rude
709 498 818 540 atque
854 492 1083 538 inusitatum]

389 549 461 584 Pro
492 549 581 583 rude
610 546 646 582 in
680 546 842 594 Guelph.
877 553 957 580 erat
985 545 1084 587 sude,

389 600 426 636 in
449 599 566 636 Paris.
589 611 660 635 sec.
680 600 778 633 dure.
823 597 978 634 HEUS.

444 651 463 679 d
492 655 542 688 ita
562 652 666 698 rude]
691 652 807 686 Rudis
829 648 1024 692 veteribus,
1047 657 1088 685 ut

391 705 544 742 Cincius
573 704 623 740 ait
652 703 749 752 apud
774 703 873 739 Fest.
895 715 926 738 V.
950 703 1085 745 Rodus,

390 758 511 795 omnis
550 756 704 793 materia
744 769 820 792 non
866 755 1084 797 deformata,

390 820 502 860 atque
535 810 626 846 adeo
656 809 795 845 infecta
824 817 861 845 et
891 808 1084 858 impolita:

390 863 579 913 quomodo
608 862 782 898 dicuntur
809 875 867 904 aes,
898 863 1083 898 vestimen-

392 923 464 953 tum
486 919 598 960 rude,·
630 917 714 951 lana
745 917 844 950 rudis
871 914 981 951 Ovid.
1012 915 1084 963 Ep.

393 971 421 1006 I.
446 970 508 1017 78.
554 971 664 1005 linum
685 971 773 1005 rude
793 967 974 1004 Marcello
993 968 1084 1003 Em-

391 1024 459 1072 pir.
492 1037 527 1073 p.
560 1022 623 1070 58.
682 1021 786 1057 Hinc
814 1020 986 1070 quicquid
1017 1034 1084 1057 usu

392 1076 557 1111 nondum
603 1075 729 1111 tritum
775 1083 812 1110 et
858 1074 1085 1123 experiundo

390 1129 585 1177 probatum
608 1137 675 1171 est,
698 1129 786 1163 rude
806 1136 965 1163 vocatur.
1010 1128 1084 1162 Co-

391 1181 542 1218 lumella
580 1182 650 1217 111.
688 1193 748 1216 11.
797 1182 917 1216 rudem
958 1192 1083 1227 agrum

391 1235 549 1284 opponit
577 1233 734 1278 consito,
756 1235 814 1270 ubi
831 1233 952 1281 fuerit
974 1245 1083 1279 seges.

391 1288 564 1324 Lactant.
609 1287 709 1337 Epit.
743 1286 808 1322 60.
858 1288 891 1321 in
940 1287 1086 1322 rudibus

391 1353 489 1387 agris
526 1342 732 1388 priusquam
771 1352 886 1375 serere
924 1341 1084 1386 incipias,

390 1395 517 1429 evulsis
539 1394 904 1435 sentibus‚-—arva
920 1405 1083 1439 purgan-

389 1448 437 1482 da
455 1452 550 1482 suut.
608 1445 737 1482 Pulcre
767 1444 902 1480 Catull.
936 1445 1083 1480 LXIII.

394 1512 408 1535 1
421 1512 434 1535 Ι
447 1529 454 1536 .
472 1501 541 1535 Illa
560 1501 684 1534 rudem
704 1511 808 1534 cursu
826 1500 945 1545 prima
960 1498 1086 1533 imbuit

390 1553 647 1600 Amphitriten.
704 1551 790 1587 Vid.
809 1551 1016 1586 broukhus.
1038 1550 1082 1586 ad

393 1606 557 1654 Propert.
590 1606 640 1641 ΙΙ.
676 1616 735 1640 20.
771 1615 834 1652 39.
893 1604 937 1639 In
974 1603 1082 1638 Clau-

389 1658 489 1695 dian.
530 1657 636 1693 Praef.
682 1656 718 1692 in
761 1656 874 1705 Rapt.
913 1657 1080 1704 Proserp.

388 1724 441 1748 vs.
464 1723 497 1747 2.
536 1712 642 1746 rudes
676 1722 788 1745 remos
817 1711 857 1746 P.
895 1710 1080 1744 Burman-

390 1777 458 1800 nus
478 1762 639 1812 explicat
657 1775 778 1798 ramos
805 1762 976 1798 arborum
1007 1774 1082 1797 non

389 1816 548 1867 politos:
587 1815 728 1858 melius,
766 1828 834 1851 nec
866 1824 990 1851 tamen
1022 1827 1082 1851 ac·

388 1869 618 1906 curatissime
648 1869 847 1911 Gesnerus,
880 1881 1004 1910 novos,
1026 1881 1081 1904 re·

388 1936 476 1960 cens
513 1924 697 1959 inventos.
754 1920 927 1971 Intellige
964 1934 1084 1957 remos

389 1989 489 2012 mare
519 1976 684 2011 nondum
715 1983 898 2023 expertos,
929 1973 1085 2023 remigio

391 2029 556 2065 nondum
596 2028 780 2064 adsuetos.
849 2027 943 2063 Inde
981 2026 1086 2062 fluxit

388 2081 608 2132 significatio
629 2082 720 2123 novi,
738 2082 898 2121 recentis,
915 2094 996 2129 quae
1019 2081 1083 2115 hu-

384 2138 446 2184 jus
466 2134 536 2171 loci
559 2142 625 2176 est,
648 2142 685 2170 et
706 2134 863 2169 cadente
880 2133 1084 2169 Latinitate

390 2188 549 2224 maxime
595 2187 769 2224 celebrari
817 2187 942 2235 coepit.
1002 2188 1084 2221 Olla

389 2243 488 2277 rudis
525 2240 705 2277 Marcello
749 2239 895 2289 Empir.
944 2253 978 2288 p.
1020 2240 1081 2286 76,

394 2306 478 2342 192.
511 2307 620 2343 quam
656 2292 741 2328 alibi
775 2298 949 2328 recentem
979 2292 1081 2334 dicit,

389 2347 514 2395 ignem
554 2346 721 2382 nondum
761 2354 922 2394 experta,
963 2357 1083 2393 neque

389 2399 465 2435 ullo
503 2399 575 2434 alio
615 2411 682 2433 usu
716 2399 813 2433 trita.
869 2399 925 2433 Ex
960 2397 1082 2433 Plinio

389 2452 585 2488 Valeriano
612 2450 767 2486 eandem
796 2449 901 2485 dedit
921 2458 959 2485 et
979 2462 1082 2485 caca·

389 2506 470 2540 bum
497 2505 619 2539 rudem
649 2504 825 2538 Barthius
855 2502 994 2538 Adv.1.
1023 2514 1081 2548 14.

388 2556 609 2594 Nemesian.
641 2555 780 2604 Cyneg.
811 2568 862 2590 vs.
885 2567 943 2600 14.
983 2557 1081 2590 rudi-

389 2612 451 2646 bus
471 2623 542 2658 qua
563 2611 679 2644 luceat
699 2609 816 2643 orbita
835 2608 951 2643 sulcis.
973 2616 1010 2643 et
1031 2621 1079 2643 vs.

389 2675 452 2711 33.
510 2663 757 2708 Miratumque
776 2662 882 2695 rudes
904 2673 939 2695 se
960 2662 1082 2696 tollere

393 2718 506 2752 Terea
550 2717 691 2762 pinnus.
749 2715 889 2749 Auctor
928 2713 1082 2752 Queroli

388 2785 424 2820 p.
459 2782 496 2817 3.
553 2768 786 2804 Aululariam
825 2767 928 2801 hodie
963 2780 1083 2802 sumus

389 2824 517 2864 acturi,
557 2834 625 2856 uon
664 2825 828 2860 veterem,
867 2825 907 2854 at
944 2821 1079 2861 rudem,

389 2878 641 2922 investigatam
672 2874 797 2909 Plauti
824 2885 888 2920 per
918 2875 1081 2919 vestigia.

387 2931 442 2966 Ex
463 2926 635 2978 opposito
656 2939 712 2962 res
733 2925 941 2961 manifesta.
984 2924 1081 2961 Vide

1141 489 1191 526 ibi
1226 488 1528 530 Rittershusium‚
1567 494 1616 529 et,
1655 485 1683 522 si
1719 485 1834 528 lubet,

1142 542 1348 591 &Vopkens
1396 541 1441 577 ad
1490 539 1613 576 Sedul.
1661 539 1692 574 Ι.
1746 548 1834 586 275.

1145 595 1259 631 Paulo
1298 593 1520 631 insolentius
1553 592 1746 629 Claudian.
1789 591 1836 627 de

1141 649 1209 684 VI.
1242 649 1357 684 Cons.
1394 647 1543 682 Honor.
1574 658 1624 681 vs.
1647 655 1736 693 545.
1777 645 1833 679 lu·

1142 714 1224 737 nam
1246 702 1369 737 rudem
1389 699 1481 736 dixit
1497 711 1643 740 novam,
1659 704 1837 733 monente

1141 753 1312 790 Barthio.
1372 754 1481 789 Hanc
1515 750 1626 788 seculi
1661 750 1715 787 sui
1746 763 1834 786 con-

1142 807 1376 843 suetudinem
1447 804 1624 854 loquendi
1689 811 1836 839 secutus

1141 860 1335 897 Glossator
1371 859 1464 895 Cod.
1498 859 1593 908 Reg.
1629 856 1666 892 in
1702 855 1835 905 virgil.

1141 914 1276 963 Georg.
1312 913 1362 948 ΙΙ.
1389 924 1476 948 211.
1520 913 1644 947 rudem
1674 921 1835 956 campum

1140 965 1309 1016 exposuit
1346 978 1506 1001 novum:
1571 963 1679 1007 male,
1718 975 1835 1011 quan-

1140 1033 1249 1069 quam
1305 1019 1437 1068 probat
1492 1018 1533 1053 P.
1585 1017 1834 1052 Burmannus.

1142 1074 1258 1109 Rudis
1278 1084 1423 1119 campus
1443 1078 1499 1107 est
1518 1082 1603 1120 ager
1623 1069 1726 1104 nullo
1746 1069 1834 1104 dum

1141 1134 1261 1162 aratro
1296 1124 1509 1173 proscissus.
1567 1123 1623 1158 Ex
1657 1122 1835 1158 hactenus

1141 1177 1339 1228 disputatis
1378 1178 1466 1213 satis
1507 1175 1720 1212 defenditur
1757 1175 1834 1210 vul-

1139 1240 1225 1282 gata
1263 1230 1456 1267 Claudiani
1492 1229 1604 1266 lectio
1639 1229 1684 1264 de
1718 1229 1833 1265 Cons.

1139 1285 1249 1321 Prob.
1283 1292 1321 1320 et
1353 1283 1484 1332 Olybr.
1519 1296 1568 1319 vs.
1591 1292 1652 1330 51.
1713 1283 1834 1322 Quan-

1141 1344 1214 1374 tum
1234 1343 1365 1384 stagna
1387 1337 1488 1383 Tagi,
1519 1336 1666 1372 rudibus
1692 1337 1835 1371 stillan-

1141 1394 1193 1427 tia
1222 1393 1328 1434 venis,
1355 1390 1537 1439 Efflua'ere
1565 1391 1680 1425 decus.
1711 1388 1771 1424 ubi
1793 1390 1833 1425 P.

1140 1445 1378 1480 Burmannus
1399 1442 1591 1478 Secundus
1615 1441 1659 1477 ad
1681 1441 1833 1477 Anthol.

1143 1497 1225 1532 Lat.
1246 1497 1292 1533 T.
1313 1497 1343 1532 Ι.
1366 1510 1401 1545 p.
1428 1507 1487 1531 10.
1536 1495 1581 1530 de
1609 1494 1832 1530 Oudendor-

1139 1549 1247 1599 piana
1275 1552 1487 1598 conjectura
1515 1546 1604 1597 legit
1631 1548 1750 1582 rutilis
1775 1560 1832 1582 ve-

1137 1605 1202 1638 rris.
1263 1603 1383 1638 Rucles
1401 1613 1495 1637 venoe
1521 1608 1608 1636 sunt
1638 1612 1754 1642 novae,
1778 1612 1833 1636 re-

1137 1668 1225 1692 cens
1264 1663 1411 1703 apertae,
1451 1666 1532 1702 quae
1574 1665 1702 1688 aurum
1748 1661 1834 1689 ante

1139 1707 1304 1744 nondum
1344 1706 1574 1747 effuderant;
1615 1718 1661 1741 ne
1700 1705 1832 1748 dicam,

1140 1773 1267 1798 vocem
1307 1761 1448 1802 rutilus,
1484 1772 1564 1808 quae
1602 1758 1711 1795 tertio
1749 1768 1834 1807 post

1140 1814 1237 1850 hunc
1266 1826 1369 1849 versu
1399 1811 1568 1855 occurrit,
1600 1825 1727 1861 parum
1760 1811 1833 1847 elc—

1139 1875 1270 1917 ganter
1303 1865 1419 1916 repeti
1449 1865 1596 1901 tantillo
1625 1864 1832 1901 intervallo.

1141 1922 1291 1956 Poterat
1328 1927 1450 1955 autem
1489 1919 1729 1954 Burmannus
1768 1919 1832 1953 Se-

1139 1973 1282 2010 cundus
1302 1974 1397 2008 hanc
1418 1970 1515 2007 vocis
1541 1979 1762 2020 potestatem
1789 1983 1832 2006 ex

1139 2025 1369 2075 Anthologia
1389 2037 1452 2060 sua
1473 2024 1656 2066 didicisse,
1675 2024 1745 2059 ΙΙΙ.
1769 2035 1831 2070 31.

1142 2093 1176 2128 p.
1199 2080 1289 2126 478.
1349 2080 1418 2114 Hic
1451 2078 1511 2113 ubi
1543 2076 1718 2122 Bajarum
1753 2090 1831 2112 sur-

1139 2135 1231 2168 rexit
1258 2137 1366 2179 grata
1397 2132 1571 2178 voluptas,
1608 2132 1657 2165 Et
1689 2131 1833 2165 rudibus

1138 2188 1324 2233 splendens
1341 2185 1491 2220 molibus
1509 2189 1609 2219 extat
1628 2196 1726 2229 opuS.
1769 2182 1831 2218 ubi

1138 2246 1331 2275 contextus
1358 2236 1463 2273 facile
1491 2237 1612 2278 docet,
1633 2237 1739 2270 rudes
1758 2247 1830 2269 mo-

1139 2293 1188 2327 les
1220 2303 1300 2328 esse
1338 2302 1461 2329 novas,
1498 2301 1624 2324 recens
1659 2296 1827 2324 structas.

1139 2344 1243 2379 Idem
1264 2356 1308 2378 ex
1327 2340 1448 2377 Mallii
1468 2340 1584 2376 nostri
1604 2340 1725 2376 verbis
1755 2341 1830 2376 cla-

1138 2396 1280 2431 rissime
1300 2403 1463 2444 apparet.
1497 2393 1782 2430 RUHNKEN.

1191 2456 1207 2475 e
1241 2455 1281 2484 ut
1302 2450 1338 2484 id
1357 2453 1390 2484 et
1416 2460 1494 2483 cum
1517 2449 1636 2482 eodem
1661 2449 1752 2494 pede
1779 2448 1828 2482 le-

1135 2503 1218 2549 gat]
1242 2502 1374 2537 Parum
1395 2499 1490 2536 felici
1511 2503 1722 2549 conjectura
1735 2501 1831 2546 legat

1136 2556 1175 2590 in
1211 2556 1352 2601 legatur
1386 2554 1604 2589 mutandum
1643 2551 1828 2588 existima-

1138 2609 1234 2644 bam.
1293 2607 1409 2644 Nunc
1442 2605 1615 2643 Mallium
1645 2605 1831 2654 scripsisse

1137 2660 1353 2697 crediderim
1386 2666 1424 2695 ut
1454 2662 1489 2695 z’cl
1519 2664 1553 2694 et
1582 2661 1741 2694 eumdem
1764 2671 1826 2705 pe-

1137 2716 1216 2750 dem
1238 2716 1345 2760 legat.
1402 2714 1544 2748 Fucum
1568 2711 1655 2747 fecit
1674 2710 1830 2747 librariis

1138 2767 1353 2815 exquisitior
1390 2765 1608 2815 significatio
1647 2763 1744 2800 verbi
1781 2764 1829 2800 le-

1135 2833 1230 2867 gere,
1270 2832 1379 2869 quam
1420 2832 1488 2854 nos
1526 2817 1710 2865 aspernari
1751 2829 1828 2852 non

1137 2873 1264 2909 sinunt
1298 2869 1591 2921 praestantissimi
1619 2869 1828 2919 scriptores,

1138 2926 1233 2974 apud
1281 2938 1374 2974 quos
1422 2926 1537 2971 legere
1586 2935 1629 2959 ac
1674 2924 1831 2969 relegere
