1962 3355
152 249 261 280 CAP.
286 233 332 280 6.
579 234 662 279 De
692 233 1021 280 Choriambz'eo
1048 241 1210 280 metro.
1520 244 1608 294 117

148 347 505 393 pentametrum
554 356 730 403 autem,
771 365 866 409 quo
913 348 1183 409 frequenter
1230 348 1451 394 Cratinus
1500 367 1646 402 usus7

148 431 233 479 est,
260 423 604 478 catalecticum,
631 424 712 478 sic,

204 498 344 553 Lydia
365 498 430 538 dic
446 499 621 554 perdere
640 513 717 538 cur
737 499 846 538 hunc
867 500 1028 554 cupias,
1043 500 1145 555 quid
1165 502 1309 541 retices
1329 501 1549 556 smaligne.

145 572 494 618 Tetrametrum
522 589 647 625 vero,

280 648 445 710 Lydia
470 648 546 694 dic
564 647 768 710 perdere
792 665 878 693 cur
902 648 1026 693 hunc
1052 649 1231 710 capim,
1255 649 1374 712 quid
1396 649 1469 695 ais
1489 650 1516 693 .9

145 724 433 771 Trimetrum
462 724 622 778 etiam,
650 723 776 786 quod
804 733 851 769 et
874 724 1274 787 Aphrodisiacum
1301 724 1487 779 dicitur,
1627 739 1645 768 8

276 800 439 863 Lydia
463 801 538 846 dic
560 800 760 862 perdere
785 817 869 846 eur·
893 800 1017 847 hunc
1038 800 1171 847 veliS.

144 875 533 938 Dimetrumque,

478 952 643 1015 Lydia
668 952 743 998 dic
767 969 952 998 canoro.

146 1027 278 1073 Huic
317 1028 351 1073 si
390 1028 593 1091 primam
632 1028 823 1090 longam
857 1029 1129 1083 mutaveris,
1156 1028 1200 1074 id
1228 1038 1313 1085 est,
1339 1028 1374 1073 si
1401 1028 1608 1074 trocliaeo

147 1113 348 1150 retracto
374 1104 586 1150 iambum
626 1104 854 1167 posueriS,
880 1114 1083 1150 metrum
1123 1104 1455 1167 antispastum,
1481 1103 1606 1165 quod

144 1189 215 1226 est
243 1180 354 1226 huic
379 1181 684 1237 contrarium,
709 1180 951 1242 figurabis,
977 1190 1046 1236 ut,

475 1256 661 1301 Libens
686 1255 853 1318 Lydia
880 1256 955 1302 dic
980 1273 1077 1301 cur.

144 1332 424 1378 Invenimus
461 1332 742 1395 plerumque
768 1342 814 1377 et
848 1332 961 1377 alios
999 1331 1345 1378 choriambicos
1382 1340 1606 1376 tetrame-
1627 1356 1645 1386 9

144 1418 239 1455 tros
266 1408 564 1454 catalecticos
589 1424 765 1464 versus,
792 1408 838 1453 in
865 1408 1037 1470 quibus
1063 1425 1228 1453 omnes
1266 1408 1418 1470 longae
1455 1407 1610 1452 initia-

144 1486 209 1531 les
235 1485 617 1532 choriamborum
656 1484 856 1548 tpedurn
897 1485 1088 1547 syllabae
1122 1484 1170 1529 in
1205 1483 1321 1530 duas
1350 1485 1514 1530 breves
1539 1482 1607 1528 di-

145 1561 254 1607 visae
292 1561 572 1624 ambiguum
609 1578 798 1607 versum
836 1560 1075 1607 efficiunt:
1114 1570 1251 1606 erunt
1280 1560 1408 1606 enim
1446 1559 1609 1620 conju-

144 1638 355 1700 gationes
381 1637 438 1683 de
464 1637 703 1683 tribracho
727 1646 774 1683 et
799 1637 959 1683 iambo
984 1637 1227 1683 formatae:
1264 1645 1528 1698 tamquam,

210 1713 402 1775 ”Super
421 1714 527 1776 agit
544 1730 669 1760 aura
687 1730 820 1759 mare
825 1712 1006 1778 ferens
1022 1713 1195 1776 procul
1216 1719 1380 1760 acatos
1399 1712 1608 1758 biremis.

212 1790 324 1836 Hoc
350 1807 555 1853 quoque,
580 1807 639 1835 ne
664 1789 924 1853 praetcrisse
949 1789 1245 1852 ignoratione
1269 1787 1441 1841 videar,
1468 1787 1608 1833 attin·
1629 1815 1665 1835 10

145 1883 268 1929 gam.
339 1866 569 1929 Legimus
600 1865 723 1929 apud
764 1865 1020 1911 Horatium
1048 1865 1095 1910 in
1123 1883 1175 1909 ea
1200 1864 1306 1920 ode,
1332 1863 1467 1924 cujus
1492 1863 1607 1908 Vini-

143 1942 262 1988 tium
292 1953 376 1997 est,

476 2017 643 2080 Lydia
668 2017 742 2063 die
758 2033 850 2079 per
873 2033 1031 2063 omnes

475 2092 586 2138 Hoc
611 2093 719 2139 deos
742 2102 904 2148 erre,

145 2176 297 2238 legem
339 2175 473 2219 metri
514 2173 722 2220 admisso
756 2172 967 2236 spondeo
992 2172 1193 2218 minime
1226 2172 1528 2229 custoditam,
1560 2173 1607 2218 id

144 2261 217 2298 est
241 2268 291 2297 os
316 2260 413 2297 Xve.
482 2250 610 2296 Nam
651 2249 862 2295 iambum
902 2248 1012 2303 illic,
1038 2248 1119 2310 qui
1156 2248 1418 2295 trochaeum
1456 2249 1610 2310 sequi-

145 2338 238 2383 tur,
273 2345 373 2373 esse
410 2335 708 2373 convenerat.
780 2324 921 2377 Quod
957 2324 993 2370 si
1033 2325 1185 2388 legem
1221 2325 1359 2371 metri
1393 2325 1441 2371 in
1476 2325 1606 2371 omni
1631 2352 1663 2372 11

144 2420 279 2449 versu
305 2419 486 2449 servare
510 2402 750 2458 voluisset,

478 2478 589 2524 Hoc
612 2477 730 2523 ydea
753 2493 864 2523 vere

143 2555 394 2619 posuisset,
426 2564 479 2600 ut
514 2563 637 2600 esset
669 2553 974 2600 choriambus
1008 2570 1090 2616 pes
1131 2554 1310 2599 habens
1344 2555 1605 2601 clausulam

146 2631 413 2678 antibacchi
444 2631 662 2677 ultimam
691 2628 983 2692 hujusmodi,

199 2788 213 2807 ⁵
235 2778 414 2828 maligna]
441 2777 602 2828 maligne
622 2780 663 2815 P.
686 2777 848 2827 maligna
867 2776 1051 2814 correctio
1071 2786 1128 2814 est
1149 2778 1362 2815 Camerarii.
1510 2782 1523 2807 t
1542 2794 1605 2830 pe-

147 2832 254 2879 dum]
278 2832 409 2882 pedem
431 2833 472 2868 P.
544 2839 563 2857 u
584 2831 703 2880 Super
723 2830 815 2880 agit]
837 2829 1073 2867 Camerarius
1093 2843 1187 2868 corr.
1209 2844 1318 2881 super
1338 2831 1426 2868 abit.
1496 2840 1515 2859 V
1535 2832 1605 2868 ini-

147 2884 259 2932 tium]
284 2884 431 2920 initium
453 2892 509 2920 est
529 2885 569 2920 P.
698 2890 726 2909 W
746 2883 828 2930 oro]
855 2895 937 2919 vere
958 2883 998 2919 Ρ.
1137 2890 1157 2909 Χ
1178 2886 1236 2932 or]
1263 2897 1305 2921 ve
1325 2885 1366 2920 P.
1477 2893 1496 2920 Y
1516 2885 1603 2922 deos

147 2950 213 2974 oro
232 2938 434 2987 posuisset]
460 2937 528 2973 dea
546 2949 630 2973 vere
650 2936 834 2986 potuisset
854 2936 896 2972 P.
