1962 3355
148 185 253 218 cAP.
278 181 349 220 18.
602 172 683 218 De
706 171 941 236 qualitate
963 171 1117 217 metri.
1509 177 1601 227 473

214 293 376 340 tFluxi
415 303 539 349 sunt,
564 294 642 357 qui
682 294 837 339 soluto
864 292 1006 339 modo
1039 300 1086 338 et
1122 291 1250 337 uberi
1291 298 1442 336 metro
1468 290 1608 336 vacil-

146 368 295 415 lantes
321 373 610 433 quatiuntur.

411 502 532 548 CAP.
557 501 750 548 XVIII.
811 500 893 546 DE
920 515 1203 546 QUALITATE
1231 514 1407 545 METRI.

216 593 432 645 Qualitas
468 594 631 640 vmetri
673 602 757 650 est,
794 611 886 655 qua
923 592 1250 656 intelligimus,
1284 600 1441 638 utrum
1480 592 1607 654 prin-

150 670 301 733 cipale
328 671 387 716 sit
414 680 634 728 metrum,
665 688 722 716 an
748 670 1114 725 Wderivativum,
1141 670 1232 716 hoc
1266 678 1350 723 est,
1376 668 1510 714 finite
1546 686 1602 715 an

146 746 377 792 xinfinite.

213 822 371 869 Finita
391 832 476 880 est,
489 842 593 886 quae
614 833 791 869 statuto
812 822 987 887 pedum
1010 822 1394 869 convenientium
1415 821 1606 876 mnodo,
1624 847 1641 869 2

147 916 346 945 numero
371 900 515 945 etiam
555 900 841 963 syllabarum
869 898 1067 945 definito
1091 898 1246 961 quoad
1281 897 1498 962 protendi
1523 897 1603 944 de-

147 976 271 1031 beat,
311 976 616 1023 multiformis
664 985 910 1023 structurae
952 975 1258 1021 conversione
1295 974 1515 1029 decurrit,
1554 983 1605 1020 ut

146 1070 247 1098 esse
273 1052 317 1098 in
345 1052 475 1098 omni
501 1053 751 1116 principali
777 1052 929 1098 forma
953 1051 1299 1114 cognoscimus.

214 1129 410 1175 Infinita
449 1137 519 1174 est
559 1128 605 1174 in
645 1127 926 1184 derivativis,
960 1145 1065 1190 quae
1105 1135 1313 1173 metrum
1354 1135 1520 1184 servat,
1558 1134 1640 1172 et3

147 1223 398 1251 numerum
435 1205 748 1268 zsyllabarum
787 1222 881 1249 non
919 1212 1072 1250 servat
1109 1204 1188 1249 uni
1234 1212 1480 1250 structurae
1522 1203 1603 1249 ad-

148 1299 296 1327 nexa:
335 1290 414 1327 aut
440 1299 527 1327 nec
554 1290 756 1326 metrum
793 1297 880 1326 nec
911 1297 1166 1326 numerum
1195 1280 1481 1343 syllabarum
1510 1297 1604 1326 ser-

145 1366 237 1413 vat,
262 1356 341 1402 sed
368 1365 615 1402 structurae
641 1355 870 1401 zzunitate
906 1355 1137 1402 deservit:
1176 1365 1256 1401 aut
1284 1355 1478 1401 diversis
1504 1373 1605 1402 ver-

145 1433 272 1480 sibus
313 1447 360 1479 et
392 1434 554 1480 metris
594 1441 908 1490 aconstructa‚
943 1432 1082 1478 tertio
1118 1449 1253 1478 versu
1290 1430 1390 1478 bvel
1432 1442 1601 1495 quarto

144 1528 253 1556 cum
292 1509 442 1556 voluit
478 1519 683 1557 metrum
722 1506 893 1567 servat,
921 1510 988 1556 uti
1023 1509 1290 1572 cGlyconio
1323 1510 1396 1555 vel
1437 1510 1605 1555 Phere-

145 1586 305 1644 cratio,
341 1605 446 1649 quae
490 1597 640 1634 metra
681 1586 936 1648 ddactylici
984 1586 1242 1650 imaginem
1289 1586 1481 1640 habent,
1524 1586 1602 1632 sed

146 1662 319 1727 pedum
361 1663 540 1709 minore
573 1681 773 1709 numero
809 1663 1173 1709 concluduntur.
1243 1663 1334 1709 eAt
1369 1681 1480 1709 vero
1516 1680 1643 1708 neC4

147 1748 351 1785 metrum
390 1748 543 1786 servat
578 1758 663 1786 nec
694 1757 946 1785 numerum
985 1739 1290 1802 syllabarum,
1316 1748 1368 1784 ut
1400 1738 1446 1783 in
1487 1739 1606 1802 Sap-

146 1815 289 1879 phico
313 1814 747 1878 fhendecasyuakm,
768 1815 814 1860 in
834 1833 929 1877 quo
954 1815 1210 1861 contrarios
1237 1814 1379 1877 pedes
1405 1815 1482 1859 gin
1510 1832 1605 1861 uno

146 1908 280 1938 versu
317 1891 579 1954 conjungit.
656 1891 780 1937 Item
815 1891 1009 1937 diversis
1042 1891 1253 1936 versibus
1290 1898 1337 1935 et
1370 1890 1547 1947 metris,
1579 1909 1604 1936 a

145 1968 284 2014 tertio
313 1985 447 2014 versu
481 1966 586 2014 hvel
621 1979 788 2030 quarto
825 1967 1049 2030 strophcn
1084 1965 1308 2021 irevocat,
1333 1975 1386 2012 ut
1416 1966 1462 2012 in
1501 1967 1604 2013 Ho-

200 2101 214 2126 ἴ
244 2100 449 2136 Fluxi—et
469 2100 608 2149 vulgari
630 2109 749 2135 metro
771 2099 1001 2145 vacillantes]
1036 2101 1199 2134 laxi—et
1223 2100 1341 2134 uberri
1372 2104 1483 2134 metro
1504 2101 1601 2135 vaci-

146 2155 264 2190 [anter
284 2154 326 2189 A.
363 2159 398 2189 et
420 2155 515 2189 uberi
536 2158 649 2188 metro
675 2153 888 2189 vacillanter
908 2153 951 2189 B.
1116 2159 1135 2177 V
1158 2151 1265 2188 metri
1295 2153 1383 2200 qua]
1420 2154 1521 2188 metri
1552 2158 1604 2188 est

145 2220 216 2255 qua
235 2208 279 2243 A.
407 2214 434 2231 w
454 2206 657 2243 derivatum
680 2214 842 2242 vocatur.
873 2206 998 2242 Finita
1017 2214 1073 2242 est
1093 2213 1218 2242 autem
1240 2213 1304 2241 aut
1324 2204 1485 2251 infinita]
1508 2207 1603 2241 deri-

143 2262 303 2296 votivum
325 2261 389 2296 hoc
409 2266 461 2295 est
477 2261 603 2308 fimeta>
632 2272 678 2294 an
709 2260 854 2307 ivfinitae
874 2260 968 2296 AB.
998 2261 1158 2295 derivate
1188 2260 1342 2295 locatur.
1360 2259 1602 2307 finite—infi-

144 2315 217 2349 nite
237 2314 332 2350 Ven.
470 2320 489 2339 Χ
512 2312 671 2358 infinita]
695 2314 830 2361 infinite
850 2314 893 2348 A.
1026 2320 1044 2346 y
1065 2311 1178 2348 modo
1199 2313 1254 2359 et]
1277 2317 1311 2347 et
1329 2325 1404 2348 om.
1427 2314 1468 2347 A.
1499 2314 1603 2348 modo

143 2379 330 2402 numerum
351 2368 459 2402 etiam
488 2367 706 2413 syllabarum
727 2367 885 2413 definitio
904 2379 973 2413 quo
992 2367 1040 2401 acl
1065 2367 1235 2413 protendi
1263 2366 1400 2405 debeat,
1423 2365 1601 2413 multifor-

145 2421 210 2455 mis
228 2420 273 2455 B.
358 2426 376 2445 Ζ
398 2419 620 2468 syllabarum
643 2427 776 2463 servat,
799 2420 863 2456 sed
884 2427 1076 2455 structurae
1098 2420 1267 2466 niutatae]
1289 2419 1512 2466 syllabarum
1532 2431 1603 2454 non

144 2477 263 2508 servat
284 2474 345 2507 uni
364 2478 551 2509 structure?
571 2475 711 2509 adnexa
731 2478 795 2508 aut
816 2486 879 2509 nec
902 2478 1054 2509 metrum
1080 2485 1142 2508 nec
1169 2484 1355 2508 numeram
1380 2473 1600 2520 syllabarum

145 2530 264 2561 servat
278 2527 339 2560 secl
352 2530 542 2561 structura>
559 2529 696 2562 imitate
708 2526 742 2561 A
759 2526 802 2561 B.
875 2533 912 2553 22
928 2526 1097 2572 mutatae]
1122 2528 1272 2562 imitata?
1292 2526 1388 2562 Ven.
1473 2532 1492 2552 ὃ
1511 2539 1602 2561 con-

144 2587 284 2614 structa
305 2579 342 2625 a]
366 2583 606 2615 constructam
626 2584 665 2614 al
685 2579 730 2614 A.
792 2578 812 2606 b
829 2579 883 2616 vel
904 2592 925 2616 a
944 2587 1077 2628 quarto
1097 2592 1181 2615 cum
1204 2578 1377 2626 voluerit]
1400 2580 1455 2615 vel
1471 2585 1601 2626 quarto

145 2632 327 2667 convaluit
357 2632 554 2677 (convomit
582 2632 642 2677 B.)
673 2632 769 2668 ΑΒ.
800 2646 879 2669 cum
906 2635 1016 2669 volvit
1036 2638 1188 2668 metram
1208 2638 1340 2675 servat,
1362 2637 1395 2668 et
1416 2645 1598 2668 numerum

143 2686 364 2732 syllabarum
387 2696 456 2720 non
475 2690 594 2720 servat
612 2685 706 2720 Ven.
853 2693 870 2712 c
888 2685 1083 2736 glyconica
1101 2685 1158 2721 vel
1180 2684 1423 2734 pherecratia]
1445 2686 1600 2732 gliconio

144 2740 199 2774 vel
208 2738 411 2786 fereeratio
431 2738 476 2773 A.
505 2739 651 2784 glicz'nio
671 2738 726 2772 vel
733 2737 965 2785 serehoratz'o
985 2740 1027 2775 B.
1151 2737 1171 2765 ἃ
1190 2738 1344 2788 dactyli]
1366 2739 1537 2773 dactulici
1557 2739 1599 2772 A.

144 2798 160 2816 e
180 2800 245 2827 aut
266 2803 334 2826 nec
355 2791 533 2837 metrum]
558 2796 696 2826 atvero
711 2802 774 2827 nec
788 2797 940 2827 metrum
956 2793 1047 2829 Α.Β.
1122 2791 1137 2818 f
1155 2791 1479 2840 hendecasyllabo]
1504 2802 1598 2826 ecce-

144 2844 390 2890 decasyllabus
406 2844 450 2879 B.
527 2850 548 2878 g
567 2843 603 2879 in
625 2856 700 2879 uno
717 2845 839 2892 versu]
865 2847 1043 2880 universa
1059 2846 1104 2881 A.
1134 2847 1197 2881 uni
1213 2847 1246 2880 in
1264 2857 1366 2879 versu
1383 2844 1425 2879 B.
1500 2841 1521 2868 h
1540 2842 1600 2878 vel

146 2910 166 2932 a
187 2898 337 2945 quarto]
361 2898 418 2932 vel
438 2903 569 2945 quarto
590 2897 633 2933 B.
714 2894 724 2921 i
745 2905 905 2939 revocat,
922 2905 963 2933 ut
982 2911 1066 2934 cum
1088 2897 1250 2934 alchaica
1272 2904 1388 2932 metra
1408 2895 1461 2931 vel
1483 2895 1600 2932 ascle-

833 2969 914 3005 31>
