1962 3355
371 180 469 228 436
972 183 1225 231 Diomedis
1622 199 1719 231 Lm.
1746 199 1820 231 111.

313 309 353 349 36
439 303 581 349 Paeon
616 313 810 366 quartus
840 321 897 350 ex
934 305 1210 368 pyrrhichio
1242 315 1290 351 et
1324 305 1500 361 iambo,
1538 304 1630 350 hoc
1659 313 1730 350 est
1763 321 1821 350 ex

371 378 521 426 tribus
557 379 776 426 brevibus
808 389 856 426 et
887 380 1044 444 longa,
1067 389 1335 444 temporum
1362 381 1588 443 quinque,
1611 390 1679 438 ut,
1705 380 1825 427 cele-

371 456 512 512 ritas,
517 454 767 520 facilitas.
805 456 937 503 Huic
962 456 1219 502 contrarius
1245 466 1316 502 est
1340 448 1532 520 hippius
1557 465 1767 519 quartus.

312 551 353 584 37
437 533 503 579 Et
538 542 608 578 est
646 532 837 596 hippius
877 532 972 578 sive
1008 532 1224 595 epitritus
1260 533 1457 595 primus,
1493 550 1552 579 ex
1586 534 1746 580 iambo
1778 542 1826 579 et

374 609 598 671 spondeo,
624 608 716 654 hoc
751 623 822 653 est
846 624 904 653 ex
942 607 1070 654 brevi
1102 616 1148 654 et
1172 608 1321 655 tribus
1358 609 1526 673 longis,
1551 620 1823 674 temporum

372 694 569 747 septem,
592 693 659 740 ut,
689 682 970 745 Capenates.

312 766 353 805 38
432 758 673 822 J'Hippius
724 758 819 804 sive
860 759 1074 822 epitritus
1125 761 1374 819 secunduS,
1420 780 1478 808 ex
1524 763 1732 809 trochaeo
1778 771 1827 808 et

373 835 597 899 spondeo,
625 834 716 881 hoc
740 843 811 880 est
835 852 893 881 ex
922 836 1064 899 longa
1094 846 1140 883 et
1176 838 1301 884 brevi
1336 848 1383 885 et
1407 839 1589 886 duabus
1625 838 1825 902 klongis,

373 922 642 974 temporum
669 921 866 974 septem,
893 920 960 969 ut,
990 911 1281 961 Conditores.

311 1001 352 1033 39
438 987 650 1051 Hippius
682 987 778 1034 sive
806 989 1023 1052 epitritus
1049 990 1230 1049 tertius,
1254 1009 1312 1038 ex
1350 992 1559 1056 spondeo
1583 1001 1630 1038 et
1653 991 1828 1047 iambo,

374 1064 465 1109 hoc
489 1072 559 1109 est
583 1081 642 1110 ex
666 1063 850 1110 duabus
887 1064 1038 1128 longis
1064 1075 1110 1112 et
1136 1067 1263 1113 brevi
1290 1077 1337 1114 et
1373 1069 1529 1132 longa,
1553 1078 1826 1131 temporum

373 1148 571 1203 septem,
597 1149 662 1195 ut,
687 1140 947 1197 discordiae,
974 1142 1162 1190 heroici.

313 1238 354 1267 40
440 1216 652 1280 Hippius
692 1217 789 1264 sive
825 1217 1040 1281 epitritus
1077 1229 1287 1282 quartus,
1322 1237 1378 1266 ex
1415 1219 1624 1284 spondeo
1655 1229 1704 1265 et
1734 1227 1828 1265 tro-

373 1292 522 1349 chaeo,
556 1293 648 1340 hoc
684 1304 754 1340 est
792 1293 870 1340 lex
908 1295 1059 1342 tribus
1096 1296 1248 1360 longis
1287 1306 1334 1343 et
1375 1297 1517 1351 brevi,
1555 1306 1826 1360 temporum

373 1379 572 1432 septem,
596 1379 663 1426 ut,
688 1370 1006 1417 minuitamas.

313 1466 350 1494 41
440 1445 633 1492 Ionicus
667 1445 744 1492 ἀπὸ
778 1445 966 1506 μείζονος,
999 1464 1058 1493 ex
1094 1447 1304 1511 spondeo
1337 1457 1383 1494 et
1414 1448 1706 1512 pyrrhichio,
1739 1448 1830 1494 hoc

375 1531 446 1568 est
470 1539 528 1568 ex
554 1522 768 1568 nduabus
794 1523 947 1586 longis
973 1532 1046 1570 ⁰et
1073 1523 1255 1570 duabus
1294 1524 1529 1582 brevibus,
1554 1534 1827 1589 temporum

377 1615 474 1655 sex,
499 1608 565 1656 ut,
589 1599 886 1646 Demetrias.

314 1694 354 1723 42
443 1675 574 1722 Huic
600 1677 858 1722 contrarius
885 1684 954 1722 est
979 1675 1162 1722 ionicus
1185 1676 1261 1722 ἀπὸ
1286 1678 1515 1735 ἐλάσσονος,
1541 1677 1621 1740 qui
1647 1686 1832 1723 constat

376 1767 432 1797 ex
470 1752 747 1814 pyrrhichio
772 1762 820 1798 et
849 1752 1073 1815 sponde0‚
1100 1752 1190 1798 hoc
1215 1761 1285 1799 est
1311 1771 1368 1799 ex
1392 1753 1575 1800 duabus
1612 1753 1832 1799 brevibus

375 1838 422 1873 et
447 1827 630 1874 duabus
666 1829 835 1892 longis,
860 1838 1132 1893 temporum
1168 1847 1266 1884 sex,
1290 1839 1359 1886 ut,
1386 1830 1657 1888 Diomedes,
1682 1830 1834 1876 Lace-

377 1904 567 1951 doemon.

315 2000 356 2029 43
442 1981 699 2028 Diiambus
724 1991 811 2029 Pex
838 1981 967 2028 brevi
992 1991 1040 2028 et
1064 1982 1208 2046 longa
1232 1992 1280 2029 et
1304 1983 1432 2030 brevi
1457 1993 1504 2030 et
1528 1983 1684 2046 longa,
1711 1991 1834 2029 tem-

377 2075 546 2122 porum
574 2074 671 2115 sex,
696 2067 762 2115 ut,
788 2057 1043 2114 Leonides,
1060 2059 1418 2124 propinquitas.
1455 2060 1550 2114 Qui
1569 2077 1652 2125 pes
1670 2058 1835 2124 dacty-

377 2134 451 2181 lus
477 2135 534 2180 ab
560 2134 721 2181 iambo
746 2135 1027 2199 appellatur.

318 2238 361 2268 44
447 2210 581 2256 Huic
606 2211 866 2257 contrarius
892 2220 963 2257 est
988 2211 1271 2258 ditrochaeus
1296 2230 1355 2258 ex
1382 2213 1523 2276 longa
1546 2221 1594 2258 et
1618 2213 1762 2269 brevi,
1787 2220 1835 2258 et

380 2286 522 2348 longa
547 2296 594 2332 et
620 2287 762 2344 brevi,
786 2295 1056 2350 temporum
1084 2305 1181 2344 sex,
1206 2297 1272 2343 ut,
1298 2288 1552 2345 cantilena,
1578 2289 1831 2335 dimicare.-

380 2361 461 2425 qui
486 2380 568 2426 pes
592 2362 821 2409 qcreticus
845 2364 951 2409 κατὰ
973 2370 1155 2425 τροχαῖον
1178 2363 1364 2409 dicitur.

433 2528 445 2565 i
468 2531 537 2567 Sed
559 2529 742 2578 Hippius]
761 2531 822 2565 scd
841 2543 915 2565 om.
938 2531 1073 2567 A.B.C.
1230 2530 1251 2558 k
1272 2532 1410 2583 longis]
1437 2536 1550 2581 longis
1572 2540 1768 2583 temporum
1787 2536 1835 2573 B.

381 2582 393 2611 ¹
412 2596 456 2620 ex
478 2583 593 2620 tribus
612 2583 752 2633 longis]
777 2583 888 2618 tribas
904 2584 1018 2631 longis
1037 2585 1132 2621 AB.
1242 2593 1271 2611 m
1287 2587 1493 2623 Invitamus
1512 2587 1663 2637 Ionicus
1681 2590 1744 2625 ἀπὸ
1762 2591 1837 2636 μεί-

381 2637 480 2685 ζονος]
510 2638 694 2672 limitanus
719 2637 828 2672 ioicus
855 2640 1079 2683 apomizonos
1102 2639 1145 2674 A.
1185 2640 1366 2676 limitaneis
1395 2640 1483 2677 item
1512 2642 1606 2678 B.C.
1642 2643 1837 2678 limitamus

384 2691 480 2726 Ven.
611 2696 632 2715 n
652 2690 790 2725 duabus
811 2690 941 2737 longis]
963 2692 1074 2727 tribus
1095 2693 1208 2739 longis
1229 2693 1273 2729 C.
1411 2701 1429 2720 0
1450 2699 1484 2730 et
1503 2696 1659 2743 duabus]
1684 2708 1726 2731 ex
1744 2697 1835 2730 dua-

385 2744 447 2779 bus
466 2743 511 2779 Β.
647 2749 667 2777 Ρ
686 2755 732 2779 ex
752 2743 854 2779 brevi
877 2751 916 2779 et
934 2743 1045 2794 longa
1065 2753 1274 2794 temporum
1297 2759 1375 2790 sex,
1398 2756 1440 2784 ut
1458 2747 1661 2791 Leonides,
1682 2749 1836 2797 propin-

385 2796 518 2845 quitas,
541 2794 605 2844 qui
631 2808 696 2845 pes
724 2808 744 2831 a
772 2795 924 2844 duplato
944 2797 1086 2844 iambo]
1121 2811 1163 2835 ex
1189 2800 1284 2836 brevi
1307 2806 1342 2835 et
1363 2801 1468 2848 longa
1489 2807 1523 2837 et
1551 2801 1645 2837 brevi
1664 2806 1699 2837 et
1728 2802 1837 2848 longa

387 2855 584 2897 temporum
604 2862 664 2885 sex
683 2855 722 2884 ut
744 2849 927 2885 Cleonides
943 2853 1194 2899 propinquitas
1213 2855 1272 2901 qui
1288 2866 1352 2900 pes
1371 2855 1525 2890 dctctz'lus
1545 2855 1590 2890 ab
1609 2855 1725 2890 iambo
1744 2855 1834 2891 A.C.

388 2903 571 2940 Cleonides
585 2910 655 2940 etc.
671 2903 717 2940 Β.
734 2902 765 2937 V
769 2915 827 2939 en.
897 2910 916 2937 q
931 2905 1216 2953 catatrochaeus]
1236 2908 1386 2943 creticus
1405 2913 1488 2943 cata
1510 2908 1676 2944 trocheon
1694 2908 1833 2944 A.B.C.
