1962 3355
117 203 225 235 CAP.
248 197 318 235 18.
693 186 778 232 De
795 185 1038 249 Epiploce.
1505 200 1564 238 83

115 309 197 355 tris
222 309 374 371 longae
404 308 684 371 plerumque
709 324 793 369 pro
816 307 1068 353 ubrevibus
1094 308 1273 370 positae,
1298 326 1412 370 quas
1438 328 1568 356 com-

115 401 282 430 munes
305 391 490 439 vocant,
516 391 567 428 ut
591 390 677 439 est,

415 457 592 504 Insulae
621 457 754 503 Ionio
778 458 827 504 in
848 475 1038 522 magno.

119 532 258 580 Unde
283 533 353 589 fit,
376 541 430 578 ut
453 533 500 577 in
525 534 654 578 omni
692 542 843 578 metro
876 535 1132 580 novissima
1167 535 1347 597 syllaba
1384 535 1568 581 indiffe-
1589 550 1630 579 24

114 626 221 654 rens
243 609 486 655 habeatur.
539 609 669 654 Nam
696 609 1007 656 Aristoxenus
1034 610 1242 657 musicus
1267 611 1382 657 dicit
1406 612 1569 657 breves

115 687 279 731 finales
316 686 363 731 in
399 685 575 742 metris,
600 686 636 731 si
663 686 953 732 collectiores
986 686 1093 740 sint,
1118 703 1173 732 eo
1203 687 1405 748 aptiores
1438 704 1570 750 sepa-

114 761 283 807 rationi
318 779 478 807 versus
515 779 540 807 a
576 771 803 824 sequente
840 779 973 808 versu
1016 762 1132 818 fieri,
1167 761 1484 824 Widcircoque
1521 763 1567 808 in

116 847 246 883 sexta
283 837 392 884 sede
424 838 692 902 trisyllabos
723 839 874 900 figura
898 855 991 883 non
1018 838 1226 901 ponitur,
1251 838 1362 900 quia
1388 855 1568 884 moram

115 913 274 959 habet.
342 914 440 959 XAt
471 923 633 960 contra
669 913 924 976 disyllabos
961 913 1203 959 familiaris
1236 923 1321 970 est,
1346 914 1457 976 quia
1496 932 1571 960 ce-

114 989 256 1034 lerius
298 988 487 1045 desinit,
523 998 570 1034 et
607 1006 662 1034 eo
704 988 871 1051 magis,
908 989 943 1035 si
986 990 1290 1053 posteriorem
1336 990 1566 1053 syllabam

116 1066 304 1112 brevem
334 1065 598 1112 habuerint.

114 1196 252 1247 CAP.
271 1196 488 1247 XVIII.
529 1198 614 1248 De
636 1197 905 1267 Epz'ploce,
928 1197 986 1247 id
1008 1206 1098 1257 est,
1124 1197 1432 1248 Μεῖνον-πω
1458 1215 1569 1247 am-

707 1280 970 1349 pleoeione.

180 1378 326 1425 Nunc
362 1378 420 1424 de
456 1388 712 1424 metrorum
751 1378 1141 1435 connexionibus,
1178 1396 1295 1440 quas
1334 1377 1571 1440 epiplocas

115 1455 268 1501 Graeci
311 1455 568 1518 appellant,
603 1453 831 1500 dicemus.
917 1454 1197 1515 Adjectione
1235 1455 1361 1500 enim
1405 1464 1452 1500 et
1489 1453 1570 1499 de-

113 1531 342 1577 tractione
375 1549 458 1595 per
482 1531 685 1594 syllabas
711 1540 757 1577 et
790 1539 1007 1594 tempora
1042 1530 1133 1575 yiis
1171 1530 1430 1576 accidentia
1466 1547 1568 1575 me-

115 1615 183 1653 tra
207 1607 460 1653 variantur.
520 1606 664 1653 Dicta
690 1615 849 1653 autem
874 1607 1122 1670 Epiploce,
1143 1606 1188 1652 id
1208 1615 1293 1662 est,
1314 1606 1569 1670 amplexio,
1593 1630 1607 1651 z

114 1701 140 1729 a
166 1683 387 1739 metricis,
412 1701 467 1729 eo
493 1682 620 1745 quod
656 1692 673 1711 Ζ
690 1682 900 1746 copulari
927 1692 1076 1728 metra
1101 1683 1262 1728 metris
1288 1682 1470 1728 diversa
1498 1682 1569 1727 bis

114 1759 472 1820 adjectionibus,
490 1758 590 1803 avel
610 1757 994 1814 detractionibus,
1011 1768 1093 1804 aut
1112 1758 1255 1803 etiam
1272 1757 1571 1804 translation-

114 1836 220 1882 ibus
256 1835 517 1881 videantur.
602 1835 791 1880 Harum
840 1835 1018 1897 species
1068 1844 1179 1880 sunt
1222 1844 1330 1888 tres,
1367 1851 1566 1895 quarum

113 1914 267 1976 prima
293 1912 524 1965 trisemos,
551 1910 755 1957 secunda
776 1918 1068 1966 tetrasemos,
1093 1910 1229 1956 tertia
1254 1910 1274 1938 ¹³
1290 1910 1568 1955 hexasemos

114 1988 299 2045 dicitur,
324 2005 381 2033 ex
407 2005 463 2032 eo
488 1986 615 2048 quod
641 2004 666 2032 e
691 1986 856 2039 tribus,
882 1997 927 2031 et
952 1994 1221 2047 cquattuor,
1247 1996 1294 2031 et
1330 2002 1410 2031 sex
1449 1994 1569 2030 tem-

115 2064 306 2127 poribus
343 2064 614 2117 subsistant,
640 2081 763 2125 quae,
789 2062 1011 2109 detractis
1044 2063 1102 2107 ab
1136 2061 1270 2107 initio
1294 2079 1450 2107 versus
1476 2061 1569 2123 pri-

114 2140 203 2186 mis
230 2141 438 2203 syllabis,
455 2140 633 2186 diversa
656 2149 911 2186 metrorum
941 2156 1112 2200 genera
1136 2137 1406 2183 informant.
1443 2139 1570 2191 Qua·
1588 2160 1606 2188 3

113 2233 218 2263 rum
255 2217 408 2280 prima
445 2216 532 2261 erit
572 2216 765 2272 ἐπιπλοκὴ
807 2216 968 2271 ὃναὸικὴ
1006 2214 1214 2275 τρίσημος,
1250 2213 1294 2258 id
1332 2222 1416 2269 est,
1457 2231 1567 2258 cum

114 2292 330 2339 iambicis
356 2293 596 2339 trochaica
620 2292 641 2321 d
657 2310 873 2339 connexa
898 2291 1138 2336 variantur
1161 2290 1207 2335 in
1233 2289 1411 2353 species
1437 2288 1567 2345 duas,

112 2378 335 2432 utrasque
376 2370 606 2424 trisemas‚
642 2379 695 2416 ut
730 2368 955 2424 diximus,
990 2377 1261 2430 temporum
1298 2366 1471 2412 trium:
1520 2366 1566 2411 in

113 2445 445 2509 conjugatione
491 2463 601 2491 vero
642 2454 751 2492 sunt
798 2444 1041 2503 Εὲξάσημοι,
1079 2443 1126 2489 id
1173 2452 1257 2496 est,
1296 2454 1564 2506 temporum

113 2535 208 2565 sex,
278 2519 406 2565 Nam
434 2520 642 2566 iambico
665 2519 833 2574 versui,
858 2527 911 2565 ut
934 2527 1019 2575 est,
1590 2548 1607 2574 4

165 2685 187 2704 u
207 2678 399 2727 brevibus]
423 2691 466 2731 Y?
487 2678 657 2715 brevibus
678 2679 719 2716 P.
829 2685 858 2703 w
878 2677 1105 2726 icch-eoque]
1129 2675 1339 2729 idcircoque
1361 2675 1399 2711 P.
1492 2680 1511 2699 ¹
1531 2683 1569 2710 at

111 2749 242 2778 contra
261 2742 497 2792 dissyllabos]
522 2751 632 2791 atque
652 2741 850 2791 disyllabos
871 2741 912 2778 P.
1045 2748 1063 2775 y
1083 2740 1156 2787 his]
1181 2740 1224 2777 iis
1245 2741 1285 2777 P.
1413 2746 1430 2764 z
1452 2751 1566 2786 copu-

112 2795 195 2842 lari]
217 2795 390 2845 copulare
412 2797 452 2832 P.
537 2793 557 2821 d
576 2794 887 2842 detractionibus]
914 2793 966 2830 vel
988 2793 1281 2830 detractionibus
1303 2794 1342 2829 P.
1414 2789 1434 2816 b
1454 2792 1566 2827 hexa-

113 2849 252 2896 semos]
277 2861 468 2885 exasemos
488 2850 530 2885 P.
659 2855 676 2875 c
695 2848 871 2897 quatuor]
895 2855 1071 2896 quattuor
1090 2847 1130 2882 P.
1254 2844 1274 2872 d
1293 2844 1479 2889 connexa]
1503 2855 1565 2879 co-

116 2913 209 2937 nexa
230 2901 274 2937 P.
385 2908 401 2928 e
421 2900 595 2949 ἑξάσημοι]
619 2913 816 2938 exasemoe
836 2901 877 2936 P.

799 2972 892 3009 M2
