1962 3355
370 198 461 247 298
927 188 1084 235 Marii
1107 186 1264 234 Plotia?

369 329 464 358 non
501 310 738 375 imperitia
763 310 949 372 judicet
983 310 1282 372 ignoratum3
1319 324 1428 352 nam
1468 314 1549 353 aut
1582 306 1738 369 aliqua
1775 324 1824 352 re

369 387 591 443 detracta,
623 396 705 434 aut
745 387 918 443 addita,
955 395 1035 432 aut
1077 391 1371 430 commutata
1408 382 1616 428 inveniet
1654 384 1826 446 figura-

372 473 493 510 tum.
562 464 691 527 Ergo
716 463 774 510 de
798 461 1074 525 compositis
1101 459 1302 505 breviter
1325 474 1635 521 exponamus,

336 623 352 643 2
818 602 904 648 De
929 607 1078 647 metro
1104 599 1382 663 iambelego.

429 691 755 754 Iambelegum
777 698 980 736 metrum
1003 696 1189 734 constat
1213 705 1270 733 ex
1292 687 1488 751 syzygia
1504 687 1707 734 iambica
1723 705 1827 734 mo-

373 776 587 813 nometra
613 776 659 812 et
685 765 879 829 syllaba,
905 773 974 810 s‘et
993 782 1050 810 ex
1075 763 1268 828 dipodia
1292 763 1526 827 dactylica
1561 764 1830 828 penthemi-

374 844 562 899 merica,
590 842 798 905 [duobus
825 841 1068 904 paeonibus
1088 840 1333 903 dactylicis
1353 849 1400 886 et
1424 840 1643 906 syllaba]
1686 840 1831 888 Unde

374 920 514 965 etiam
537 929 739 965 metrum
764 936 938 963 nomen
958 918 1154 980 accepit,
1171 916 1298 980 quod
1317 917 1522 963 iambico
1537 927 1584 964 et
1601 917 1832 980 telegiaco

375 1004 575 1043 constat.
648 995 825 1041 Melius
858 994 947 1040 erit
981 994 1209 1040 Latinum
1236 994 1527 1057 exemplum.
1595 993 1726 1040 Nam
1755 994 1832 1039 Vin

376 1082 575 1135 utraque
608 1089 785 1119 caesura
814 1071 975 1117 finiam
1015 1080 1197 1135 partem
1237 1070 1460 1116 orationis
1498 1087 1592 1116 non
1625 1078 1679 1116 ut
1704 1070 1835 1116 Grae-

378 1168 506 1206 cum,

667 1214 815 1254 Amore
834 1214 950 1268 cogis
970 1214 1148 1253 scribere
1169 1213 1405 1254 versiculos.

342 1370 360 1399 3
607 1352 691 1398 De
715 1359 863 1398 metro
888 1351 1248 1415 encomiologico
1274 1351 1606 1398 Stesichorica

448 1439 886 1503 Encomz'ologieum
913 1439 1284 1485 Stesichoriczmz
1320 1440 1372 1485 fit
1407 1457 1431 1485 e
1463 1439 1711 1486 contrario.
1782 1437 1839 1484 In

383 1518 474 1564 hoc
498 1517 625 1563 enim
650 1516 942 1580 praeponitur
964 1515 1446 1579 penthemimerieum
1471 1515 1776 1579 dactylicum,
1794 1523 1842 1560 et

384 1595 687 1657 subjungitur
711 1594 989 1649 iambicum,

668 1670 901 1710 wMollibus
922 1670 968 1708 ἐπ’
982 1669 1132 1724 pueris
1152 1674 1227 1708 aut
1247 1669 1292 1708 ἑτι
1306 1669 1473 1724 puellis.

347 1812 367 1841 4
702 1791 787 1837 De
813 1790 1174 1854 encomiologico
1193 1790 1243 1836 Α
1250 1791 1524 1838 rclzilochio.

454 1878 895 1942 Encomiologicecm
931 1877 1290 1925 Archilochium
1329 1880 1383 1925 fit
1420 1878 1847 1943 penthemimerica

388 1957 623 2020 dactylica
649 1954 900 2019 praeposita
919 1963 965 2000 et
990 1964 1215 2017 quattuor
1239 1956 1438 2019 pedibus
1464 1955 1706 2019 disyllabis
1732 1955 1848 2000 iam-

389 2034 507 2079 bicis
534 2031 816 2093 subjunctis,

620 2108 785 2148 Fabula
806 2109 1070 2163 quantafici,
1091 2109 1371 2149 conviciorum
1388 2110 1571 2164 paenitet.

357 2247 373 2278 5
772 2229 854 2275 De
879 2229 1142 2292 logaoedico
1167 2229 1475 2276 ArchebuliO.

462 2316 807 2380 Logaoedicum
846 2315 1192 2362 Arclzebulium
1231 2317 1285 2362 fit
1326 2315 1512 2362 duobus
1560 2316 1760 2380 dactylis
1806 2324 1853 2361 et

396 2393 581 2440 duobus
607 2391 840 2448 trochaeis,
865 2392 935 2437 vel
961 2393 1169 2438 trochaeo
1193 2402 1240 2438 et
1265 2393 1490 2456 spondeo,

684 2469 784 2507 Jam
809 2468 1013 2522 Cytherea
1034 2468 1176 2508 choros
1205 2469 1335 2508 Vemcs
1355 2470 1442 2510 dat.

400 2542 534 2589 Huic
581 2541 796 2587 Xadditus
837 2542 954 2587 alter
993 2542 1227 2588 trochaeus
1268 2542 1407 2589 faciet
1453 2542 1853 2606 Nitliyphallicum

400 2618 688 2682 dactylicum
715 2617 773 2664 de
797 2635 892 2679 quo
917 2636 1039 2681 saepe
1064 2619 1296 2665 Ztractavi.

458 2758 473 2777 s
488 2758 527 2787 et
545 2751 605 2797 ex]
626 2748 685 2785 Sic
706 2749 747 2785 L.
769 2754 802 2785 et
823 2762 899 2786 om.
924 2750 1131 2787 Putschius.
1252 2752 1266 2777 t
1286 2751 1390 2801 elego
1411 2752 1576 2799 constat]
1600 2753 1755 2798 elegiaco
1774 2763 1857 2787 con-

403 2810 473 2840 stet
493 2804 537 2840 L.
649 2808 665 2824 v
686 2803 722 2838 in
745 2804 915 2851 utraque]
940 2806 974 2839 in
995 2816 1068 2840 om.
1091 2804 1135 2841 L.
1256 2812 1284 2830 w
1305 2807 1340 2840 ιή
1360 2806 1546 2841 mobilibus
1562 2807 1684 2853 pueris
1703 2809 1736 2839 et
1754 2805 1859 2851 puel-

405 2860 447 2893 lis
466 2857 510 2894 L.
637 2862 656 2881 Χ
677 2855 845 2903 additus]
870 2858 1018 2892 additur
1038 2857 1082 2893 L.
1231 2863 1244 2886 Y
1266 2857 1566 2908 ithyphallicum]
1588 2858 1791 2906 stipalicum
1812 2857 1857 2894 L.

406 2918 422 2937 Ζ
444 2908 610 2956 tractavi]
635 2914 811 2946 tractatur
831 2909 872 2945 L.
