1962 3355
315 188 412 236 360
772 185 918 232 Atilii
941 185 1278 232 Fortunatiani
1578 196 1685 226 PAR.
1713 196 1764 225 11.

551 307 667 348 Vides
687 314 734 348 ut
754 307 841 348 alta
860 313 937 348 stet
956 307 1052 347 nive
1072 305 1357 346 lcandidulum

543 375 728 424 Soracte,
749 388 821 414 nec
826 375 926 429 jam
946 373 1179 414 sustineant
1199 372 1349 412 onusti.

316 454 530 501 Tertium
559 454 697 500 colon
722 453 969 499 trimetron
996 449 1425 514 hypercatalecton,

544 531 691 586 Sylvae
711 530 944 570 laborantes
957 527 1137 582 geluque
1156 524 1346 564 candido.

319 605 553 665 Quartum
576 602 896 666 compositum
924 609 995 646 est
1019 616 1078 644 ex
1102 596 1471 662 penthemimeri
1491 604 1537 641 et
1556 595 1767 641 bacchio.

318 680 671 726 Hexametrum
697 678 755 724 de
782 679 872 723 hoc
894 675 1035 722 facies
1060 673 1254 720 redditis
1279 673 1642 736 quibuscunque
1666 689 1770 734 par-

317 757 446 803 tibus
473 755 566 809 sic3
865 798 870 802 ,

488 831 691 870 Flumina
711 828 972 869 constiterint
992 827 1157 882 scopulo
1174 827 1420 883 pugnantia
1438 832 1570 867 acuto.

257 932 299 961 30
380 915 434 968 [Ι.
457 914 539 968 10.]
571 915 639 953 Tu
661 926 712 952 ne
731 912 946 968 quaesieris
966 912 1072 951 scire
1091 912 1212 966 nefas
1232 926 1349 966 quem
1370 912 1471 951 mih-z·
1491 925 1608 966 quem
1630 912 1719 951 tibi.

319 988 418 1035 Hic
463 985 886 1048 hendecasyllabus
923 984 1206 1048 Sappfflcus,
1242 984 1301 1030 de
1343 985 1435 1030 hoc
1470 983 1571 1045 jam
1614 1001 1771 1047 supra-

318 1065 500 1112 dictum
526 1072 612 1120 est,
631 1062 895 1125 adjectione
921 1061 1118 1125 spondei
1145 1060 1200 1107 ad
1222 1069 1379 1124 caput,
1397 1070 1444 1106 et
1467 1068 1499 1088 ¹¹³
1511 1060 1770 1124 pyrrhichii

319 1142 375 1188 ad
402 1143 563 1198 finem,
588 1140 635 1185 in
673 1138 831 1185 medio
865 1155 964 1183 esse
1003 1137 1379 1184 choriambicum
1411 1137 1696 1193 trimetrum,
1719 1145 1773 1182 ut

319 1217 435 1264 illud
461 1217 718 1263 dimetrum
747 1214 956 1260 diximus
982 1214 1170 1269 habere,

547 1294 603 1333 M
603 1306 759 1333 (coenas
779 1292 919 1332 atavis
940 1291 1044 1331 edite
1066 1292 1251 1347 regibus.

320 1368 385 1414 Et
411 1377 522 1413 nota
547 1366 673 1429 quod
699 1375 746 1411 et
778 1366 825 1410 in
861 1365 947 1410 hac
980 1373 1027 1409 et
1062 1364 1110 1410 in
1148 1364 1227 1410 illa
1263 1363 1430 1426 egloga
1465 1362 1688 1425 strophen
1728 1361 1772 1406 in

322 1445 518 1509 singulis
544 1443 754 1489 versibus
781 1441 1046 1505 expedivit3
1086 1441 1156 1486 his
1182 1449 1229 1486 et
1253 1440 1438 1486 Aloaeus
1464 1448 1621 1495 nuSUS,

453 1521 651 1582 Νύμφαις
675 1526 763 1571 ταῖς
789 1517 886 1571 Διὸς
911 1518 951 1572 ἐξ
975 1517 1143 1579 αἷγιὸχω
1167 1515 1274 1576 φασὶ
1298 1516 1574 1577 τετυγμέναις.

323 1599 492 1645 Cetera
533 1614 640 1660 quae
683 1603 945 1658 sequuntur
981 1593 1142 1639 eadem
1183 1602 1332 1639 metra
1371 1603 1480 1638 sunt
1511 1592 1568 1638 de
1604 1591 1775 1653 quibus

263 1676 416 1738 31jam
455 1674 636 1720 dictum
674 1680 745 1717 est
787 1671 835 1716 in
877 1669 1086 1716 secundo
1129 1670 1260 1716 libro.
1346 1669 1557 1715 Metrum
1599 1685 1775 1714 novum

324 1762 410 1808 cst,
439 1752 530 1815 [II.
557 1747 654 1813 18.]

552 1827 651 1866 IVon
672 1825 771 1865 ebur
791 1837 918 1879 neque
938 1837 1113 1863 cmm-eum

553 1893 655 1933 ssIea
678 1891 836 1931 renidet
858 1892 902 1930 in
923 1891 1039 1930 domo
1060 1890 1250 1929 lacunar.

330 1971 442 2017 Hoc
480 1966 625 2014 semel
667 1965 865 2011 omnino
905 1982 1015 2010 usus
1064 1973 1135 2009 est
1175 1963 1421 2018 Horatius,
1470 1963 1657 2009 Alcaeus
1693 1960 1782 2007 fre-

329 2057 552 2110 quenter:
592 2044 650 2090 ab
686 2042 894 2089 iambico
924 2050 1089 2087 natum
1127 2049 1211 2097 est,
1248 2057 1355 2086 nam
1398 2039 1433 2085 si
1471 2038 1635 2085 reddas
1671 2038 1782 2084 huic

329 2133 512 2188 partem
538 2138 688 2178 suam,
712 2120 949 2183 integrum
975 2118 1245 2164 trimetrum
1271 2116 1412 2163 facies
1438 2116 1520 2172 sic,

558 2197 716 2236 Beatus
735 2196 803 2236 ille
822 2210 905 2235 non
926 2196 1026 2235 ebur
1045 2207 1172 2249 neque
1191 2206 1381 2233 aureum.

334 2271 622 2317 Philoxenus
648 2269 711 2315 ait
737 2269 828 2314 hoc
854 2266 1214 2331 heptasyllabon
1241 2265 1592 2311 choriambicon
1616 2265 1784 2321 vocari,

334 2359 382 2394 ct
406 2365 505 2394 esse
530 2346 763 2392 dimetron
791 2345 1053 2391 catalecton
1079 2341 1376 2405 Euripidion,
1395 2341 1471 2386 ille
1497 2341 1651 2403 inquit
1675 2341 1784 2396 sic0,

665 2428 747 2467 Νῦν
771 2422 812 2467 δέ
834 2443 901 2482 μοι
925 2419 996 2482 πρὸ
1020 2420 1193 2481 τειχέων.

337 2505 595 2567 Reliquum
637 2503 684 2548 in
721 2501 950 2565 Euripide
986 2498 1341 2556 attendendum,
1371 2507 1417 2544 et
1450 2516 1648 2561 sequens
1679 2516 1785 2562 pars

336 2581 441 2628 talis
466 2589 536 2626 est
561 2579 711 2641 qualis
738 2578 830 2634 illa,

571 2666 845 2720 Trahuntqne
863 2665 993 2705 siccas
1014 2663 1212 2703 machinae
1232 2663 1416 2709 carinas,

391 2813 401 2841 l
421 2813 671 2858 candidulum]
698 2812 887 2846 candidum
908 2809 1012 2845 Med.
1122 2815 1152 2833 m
1168 2807 1386 2855 pyrrhichii]
1408 2807 1455 2843 V.
1476 2806 1579 2842 addit
1600 2807 1647 2841 ad
1658 2806 1785 2854 finem.

339 2876 358 2894 Π
380 2869 479 2914 usus]
504 2865 618 2902 Addit
639 2866 681 2899 V.
703 2870 842 2912 νυμφαις
862 2879 951 2898 acme
971 2861 1024 2903 ξαι
1045 2877 1141 2906 τιοχω
1160 2868 1247 2909 φασι
1268 2877 1302 2896 τε
1325 2876 1496 2907 τυγμενας.
1636 2866 1654 2884 ⁰
1676 2859 1786 2894 Addit.

339 2922 385 2956 V.
408 2937 455 2956 νεν
475 2923 506 2956 δε
526 2936 576 2965 μοι
596 2933 818 2966 ποροσεκομοσ.
