1962 3355
359 195 456 234 450
961 184 1211 231 Diomedis
1616 195 1714 227 Lm.
1741 195 1816 227 111.

364 306 543 354 moedia
575 305 700 353 dicta
735 304 811 353 ἀπὸ
846 312 919 353 τῶν
954 311 1101 366 κωμῶν.
1172 310 1316 365 Κῶμαι
1355 303 1482 350 enim
1523 302 1822 366 appellantur

365 384 491 448 pagi,
515 383 561 429 id
588 391 673 437 est,
700 381 1031 429 conventicula
1061 380 1362 426 rusticorum.
1431 377 1623 439 fItaque
1651 377 1824 439 juven-

366 471 442 508 tus
462 460 638 515 Attica,
660 467 741 506 gut
760 459 824 505 ait
841 459 1005 513 Varro,
1025 457 1204 503 circum
1233 456 1356 502 vicos
1382 455 1446 501 ire
1473 455 1609 500 solita
1625 453 1824 508 hfuerat,

368 546 416 583 et
439 544 647 600 quaestus
682 535 750 580 sui
792 551 931 580 causa
975 532 1066 578 hoc
1103 549 1254 594 genus
1291 531 1511 578 carminis
1549 530 1827 593 pronuntia-

369 614 465 659 bat.
534 612 634 657 Aut
674 610 823 656 icerte
866 627 891 655 a
932 607 1055 654 ludis
1088 607 1384 654 vicinalibus.
1466 607 1595 653 Nam
1641 615 1827 671 postea-

370 705 513 751 quam
547 704 606 732 ex
644 685 765 748 agris
791 685 1005 731 Athenas
1042 684 1412 746 commigratum
1449 692 1535 740 est,
1559 692 1607 730 et
1641 684 1690 730 hi
1726 682 1825 729 ludi

370 762 605 810 kinstituti
633 770 758 819 sunt,
783 762 904 807 sicut
930 761 1098 807 Romae
1123 759 1456 824 Compitalitii,
1476 760 1532 806 ad
1558 759 1824 806 canendum

371 839 639 904 prodibant,
661 836 729 883 let
763 838 822 883 ab
859 837 1038 883 urbana
1074 835 1186 901 κώμῃ
1216 835 1283 883 καὶ
1318 836 1395 900 ὧδῇ
1430 835 1667 883 comoedia
1701 835 1829 881 dicta

373 926 458 973 est,
493 915 566 962 vel
603 914 730 977 quod
766 914 812 960 in
850 932 906 960 ea
943 913 1224 970 viculorum,
1259 911 1308 958 id
1345 921 1416 958 est
1453 912 1710 958 humilium
1747 911 1830 958 do-

374 1010 561 1047 muum,
586 992 787 1038 fortunae
823 989 1303 1054 comprehendantur,
1332 1006 1426 1035 non
1460 997 1515 1034 ut
1548 989 1597 1035 in
1632 989 1829 1051 Tragoe-

372 1069 450 1116 dia
475 1068 773 1133 publicarum
802 1068 1150 1131 regiarumque.
1219 1066 1308 1112 Vel
1334 1065 1409 1112 ἀπὸ
1433 1071 1500 1112 τοῦ
1524 1065 1668 1120 κώμου,
1687 1065 1734 1111 id
1760 1073 1831 1110 est

374 1145 733 1201 comessatione,
757 1144 883 1207 quod
921 1144 1034 1190 olim
1073 1144 1122 1190 in
1160 1142 1436 1205 mejusmodi
1461 1142 1633 1189 fabulis
1670 1158 1832 1188 aman-

374 1224 494 1269 tium
515 1221 748 1284 juvenum
775 1227 927 1282 ιῚκῶμοι
954 1221 1258 1267 canebantur.

442 1296 695 1344 Comoedia
721 1315 745 1343 a
768 1296 1020 1361 Tragoedia
1044 1296 1211 1353 differt,
1237 1294 1363 1358 quod
1400 1294 1449 1341 in
1472 1293 1728 1357 Tragoedia
1762 1293 1831 1339 in-

376 1375 692 1421 troducuntur
728 1374 937 1430 0heroes,
973 1373 1132 1429 duces,
1166 1389 1324 1435 reges:
1364 1371 1412 1416 in
1451 1371 1704 1417 Comoedia
1744 1371 1833 1416 hu-

378 1451 514 1498 miles
551 1462 692 1512 atque
728 1449 922 1513 privatae
958 1458 1213 1513 Ppersonae.
1284 1449 1342 1493 In
1375 1446 1455 1493 illa
1480 1447 1651 1503 luctus,
1676 1446 1832 1501 exilia,

378 1527 560 1581 caedes3
597 1526 644 1572 in
673 1526 762 1572 hac
788 1543 985 1583 amores,
1009 1525 1246 1589 virginum
1284 1531 1472 1587 raptus:
1509 1522 1680 1569 deinde
1705 1521 1832 1585 quod

378 1603 426 1649 in
465 1603 545 1649 illa
583 1602 854 1664 frequenter
889 1611 935 1647 et
970 1620 1091 1665 pene
1127 1618 1314 1665 semper
1350 1601 1467 1646 laetis
1501 1601 1640 1646 rebus
1677 1600 1834 1646 exitus

377 1680 550 1736 tristes,
575 1688 622 1725 et
647 1679 928 1724 ‘Hiberorum
957 1678 1348 1739 fortunarumque
1381 1676 1592 1739 priorum
1618 1676 1666 1722 in
1700 1676 1835 1740 pejus

379 1756 587 1819 agniti03
636 1755 683 1801 in
721 1755 809 1801 hac
847 1754 1059 1800 tristibus
1100 1753 1276 1800 laetiora
1319 1752 1595 1799 succedunt.
1679 1753 1836 1805 Quare

432 1947 448 1975 f
465 1948 585 1995 Nam]
610 1951 733 1996 itaque
752 1949 897 1985 A.B.C.
920 1951 970 1984 ita
991 1949 1086 1985 ven.
1238 1954 1260 1982 g
1279 1956 1320 1983 ut
1340 1948 1391 1984 ait
1412 1947 1528 1983 Varro
1548 1947 1688 1995 Attica]
1712 1948 1838 1984 Attica

381 2008 421 2038 ut
441 2005 495 2038 ait
520 2003 635 2037 Varro
656 2003 797 2039 A.B.C.
1069 1999 1090 2027 h
1110 2000 1182 2037 fuit
1201 2002 1255 2049 et]
1275 2001 1398 2050 fuerit
1417 2006 1451 2036 et
1470 2002 1514 2037 A.
1533 2002 1669 2050 fuerat
1689 2007 1723 2037 et
1744 2002 1837 2038 B.C.

382 2055 392 2082 i
413 2065 512 2092 certe
533 2069 553 2091 a
575 2054 682 2102 vicis]
718 2061 812 2091 certe
838 2068 860 2090 α
892 2056 985 2090 ludis
1015 2056 1227 2091 vicinalibus
1246 2056 1385 2092 A.B.C.
1418 2060 1513 2090 certe
1539 2068 1561 2090 a
1589 2057 1722 2091 vicibus
1741 2055 1837 2091 Ven.

382 2108 404 2135 k
424 2108 637 2157 constituti]
663 2111 817 2144 instituti
836 2109 932 2145 AB.
1064 2107 1075 2134 1
1096 2117 1133 2144 et
1153 2109 1198 2144 ab
1218 2109 1362 2144 urbana
1381 2120 1487 2144 come
1507 2116 1545 2144 et
1564 2108 1636 2144 oda
1655 2107 1840 2145 comoedia

383 2162 482 2198 dicta
501 2170 568 2205 est,
589 2163 651 2197 ἀπὸ
671 2167 732 2197 τῶν
750 2167 874 2206 κωμῶν.
896 2162 922 2198 i.
945 2161 1085 2205 viculis,
1107 2175 1142 2210 q.
1164 2174 1208 2198 ea
1231 2161 1444 2208 humilium]
1474 2163 1518 2197 ab
1545 2163 1681 2197 orbana
1709 2163 1840 2197 comice

386 2217 476 2251 odae
504 2217 672 2251 comoeclia
702 2217 797 2251 (licta
827 2220 878 2250 est
905 2217 960 2250 vel
991 2228 1103 2251 aenea
1133 2216 1345 2256 viculorum,
1368 2216 1405 2250 z'cl
1434 2220 1484 2250 est
1515 2215 1701 2250 humilium
1722 2215 1763 2249 A.
1795 2215 1840 2250 ab

385 2269 526 2304 urbana
551 2270 680 2304 comice
699 2270 789 2304 odae
815 2270 983 2304 conzoedia
1003 2270 1099 2303 (licta
1119 2273 1181 2310 est,
1202 2270 1258 2303 vel
1284 2269 1378 2315 quocl
1397 2269 1433 2302 in
1453 2280 1495 2303 ea
1514 2268 1713 2302 viculorum
1733 2269 1770 2303 id
1789 2273 1840 2303 est

388 2322 575 2357 humilium
597 2321 638 2357 B.
659 2323 788 2357 comice
815 2323 880 2356 osle
906 2323 1065 2356 comedia
1093 2323 1191 2356 (licta
1220 2326 1271 2356 est
1299 2322 1355 2356 vel
1384 2333 1471 2356 enea
1499 2322 1691 2356 vitulorum
1723 2322 1759 2355 id
1790 2326 1841 2356 est

388 2375 574 2410 humilium
604 2375 771 2409 domuum
790 2373 956 2421 fortunoe
981 2374 1369 2422 comprehendebantur
1389 2375 1434 2410 C.
1493 2374 1564 2408 Pro
1591 2375 1722 2409 comice
1751 2375 1841 2409 odae

387 2427 412 2463 f.
435 2427 505 2477 leg.
526 2430 614 2475 κώμῃ
635 2429 689 2462 καὶ
709 2430 780 2474 ὠδῇ.
838 2426 1115 2462 Grammaticus
1142 2426 1178 2461 in
1206 2426 1366 2462 Bekkeri
1386 2427 1527 2462 Anecd.
1550 2440 1585 2476 p.
1603 2438 1692 2475 747.
1719 2426 1841 2475 εἴρηται

388 2481 420 2516 δὲ
440 2485 528 2529 παρὰ
549 2482 585 2516 τὸ
605 2483 693 2526 κώμη
713 2481 768 2514 καὶ
788 2480 823 2514 τὶ
844 2480 916 2523 ὠδή.
950 2480 994 2514 ab
1015 2481 1152 2516 urbana
1180 2492 1275 2516 come
1302 2486 1335 2516 et
1362 2481 1442 2522 orla,
1465 2482 1633 2516 comoedia
1663 2482 1762 2516 dicta
1791 2485 1842 2516 est

387 2534 444 2569 vel
462 2535 525 2569 ἀπὸ
544 2538 606 2568 τῶν
626 2533 824 2568 viculorum
845 2534 881 2568 id
901 2538 951 2568 est
973 2533 1158 2569 humilium
1180 2533 1275 2569 Ven.
1439 2540 1470 2558 m
1490 2532 1721 2581 hujusmodi]
1751 2533 1842 2579 eJ'us-

388 2589 484 2622 morli
504 2587 595 2622 AB.
718 2591 734 2606 ¹²
755 2591 851 2631 κῶμοι
871 2587 1093 2635 agebantur]
1118 2599 1236 2622 comae
1256 2587 1475 2622 canebantur
1495 2589 1675 2623 comoedia
1695 2601 1718 2623 a
1740 2592 1842 2634 trogo

390 2641 471 2676 edia
491 2640 612 2688 differt
630 2640 675 2675 A.
696 2647 734 2674 et
755 2638 828 2674 fere
852 2639 892 2674 B.
917 2639 976 2675 ubi
999 2653 1074 2675 om.
1096 2640 1217 2687 differt
1237 2641 1331 2688 quod
1350 2642 1386 2675 in
1409 2642 1608 2688 tragoedia.
1735 2647 1753 2666 o
1773 2640 1842 2676 du·

390 2705 451 2730 ces
471 2693 618 2740 heroes]
645 2693 765 2728 heroes
784 2693 889 2727 (luces
903 2693 995 2728 ΑΕ.
1019 2694 1165 2729 herolzes
1184 2695 1218 2729 cl.
1240 2694 1285 2730 B.
1361 2701 1380 2728 P
1402 2695 1585 2743 personae]
1609 2706 1683 2729 orn.
1700 2694 1841 2729 A.B.C.

389 2753 410 2781 q
430 2745 628 2782 liberorum
650 2746 957 2794 fortunarumque
979 2746 1139 2795 priorum
1162 2746 1197 2782 in
1220 2746 1324 2796 pejus
1344 2746 1497 2797 agnitio.
1527 2747 1564 2783 in
1585 2748 1654 2783 hac.
1675 2745 1843 2783 tristibus

390 2799 531 2835 laetiora
550 2799 764 2836 succedunt.
806 2799 930 2837 Quare
949 2799 1042 2835 varia
1059 2800 1298 2847 diffinitione]
1322 2806 1357 2836 et
1377 2801 1844 2849 heroumfortunarumque

387 2855 490 2900 prior
522 2855 555 2888 in
587 2851 688 2900 pejus
723 2853 870 2888 adnitio.
910 2866 1022 2899 quare
1051 2855 1172 2889 variat
1201 2855 1398 2902 difinitione
1427 2854 1518 2889 AB.
1546 2855 1698 2900 agnitio.
1732 2865 1844 2900 quare

390 2908 495 2942 varia
517 2906 560 2943 C.
582 2909 616 2942 in
634 2907 757 2954 poenis
777 2907 913 2952 agnitio
934 2906 1026 2942 Ven.
1049 2906 1111 2955 qui
1132 2919 1207 2944 om.
1230 2909 1266 2943 in
1288 2908 1613 2943 hac—succedunt.
