1962 3355
141 229 245 260 CAP.
273 222 344 261 13.
590 211 671 258 De
698 209 829 257 Colis
853 209 1142 257 Metrorum.
1533 219 1589 268 71

139 348 224 395 per
258 331 500 394 dipodiam
539 348 649 378 vero
686 339 874 378 ecetera.
945 331 1101 394 Igitur
1145 348 1254 377 cum
1302 329 1598 377 ‘hexameter
1616 340 1656 377 46

139 423 298 452 versus
334 418 593 454 metrorum
631 407 850 453 omnium
884 409 992 452 finis
1027 424 1080 452 ac
1113 423 1300 453 summa
1332 406 1407 461 sit,
1434 406 1481 451 hi
1515 407 1595 468 qui

140 482 262 545 epici
299 501 393 529 non
427 492 551 538 sunt,
577 483 613 529 si
651 500 733 546 per
769 482 978 543 singulos
1013 482 1156 546 pedes
1192 482 1434 537 feriantur,
1460 500 1597 528 exce-

139 557 254 604 dant
286 576 476 605 necesse
501 567 572 604 est
597 558 792 605 modum
830 557 1129 605 ffhexametri
1155 576 1330 614 versus,
1356 557 1481 604 unde
1518 575 1600 620 per

138 634 384 698 gdipodias
409 635 667 681 feriuntur:
707 644 758 680 ut
783 634 967 680 etiamsi
994 634 1158 680 decern
1198 633 1375 696 pedum
1409 633 1598 690 fuerint,

139 727 232 755 non
273 710 529 757 decametri
574 710 886 773 appellentur,
928 710 1006 755 sed
1049 709 1350 773 pentametri,
1387 709 1598 772 quinque

140 785 318 833 scilicet
343 787 546 850 dipodiis
571 787 874 849 computatis,

359 918 493 970 CAP.
525 918 689 970 XIII.
763 920 848 970 De
881 919 1021 969 Colis
1048 919 1372 970 Metrormn.

206 999 562 1047 Consideranda
598 1010 822 1064 praeterea
853 1001 901 1046 in
938 1001 1096 1046 metris
1123 1001 1256 1057 Cola,
1287 1018 1393 1062 quae
1426 1002 1597 1046 Latine

140 1077 366 1131 membra,
392 1077 508 1122 item
535 1077 755 1132 Comma,
788 1075 944 1139 hquod
983 1094 1148 1123 caesum
1182 1095 1208 1123 a
1243 1077 1379 1122 nobis
1411 1077 1597 1140 proprie

139 1152 326 1208 dicitur,
356 1152 401 1197 id
428 1161 512 1209 est,
533 1163 744 1198 extrema
770 1162 816 1199 et
839 1153 1010 1216 exigua
1035 1172 1139 1215 pars
1165 1154 1211 1199 in
1239 1154 1415 1199 metris.
1456 1154 1598 1199 Men-

141 1246 247 1274 sura
271 1227 397 1273 enim
427 1245 506 1273 seu
535 1227 702 1273 modus
729 1237 991 1273 metrorum
1019 1229 1289 1289 hujusmodi
1329 1229 1599 1292 accipietur,

141 1321 248 1349 nam
275 1311 541 1349 extremum
578 1304 625 1349 in
660 1303 731 1349 his
758 1313 901 1366 atque
928 1304 1168 1360 ultimum,
1195 1305 1320 1366 quod
1351 1322 1599 1350 monome-

139 1390 243 1426 tron
277 1380 465 1437 dicitur,
489 1389 676 1426 constat
710 1398 766 1426 ex
804 1398 900 1426 uno
930 1380 1064 1444 pede,
1091 1381 1356 1427 maximum
1391 1398 1499 1426 vero
1526 1399 1600 1427 us-

140 1474 232 1518 que
258 1456 313 1503 ad
341 1456 590 1520 periodum
619 1456 942 1502 decametrum
982 1457 1259 1520 porrigetur,
1284 1474 1484 1519 quorum
1512 1457 1601 1503 dif-

139 1532 334 1578 ferentia
373 1533 477 1578 talis
516 1542 601 1578 est.
670 1533 823 1578 Colon
862 1542 932 1578 est
975 1534 1243 1579 membrum
1284 1533 1410 1595 quod
1453 1534 1637 1579 finitisz

139 1618 325 1655 constat
348 1609 578 1673 pedibus,
615 1609 822 1655 Comma
847 1618 1003 1655 autem
1033 1609 1078 1655 in
1106 1627 1201 1671 quo
1225 1610 1297 1655 vel
1324 1627 1431 1673 pars
1468 1609 1599 1672 pedis

141 1693 225 1730 est.
296 1687 452 1731 Erunt
491 1685 651 1747 itaque
685 1684 802 1730 Cola
839 1685 1083 1748 particulae
1125 1686 1386 1732 solutorum
1429 1694 1600 1731 metro-

140 1779 262 1818 rum,
288 1771 355 1819 ut,

472 1828 628 1874 Arma
654 1829 906 1890 virumque
930 1845 1058 1873 cano.

141 1901 345 1948 kOmnis
393 1913 550 1949 autem
598 1921 755 1950 versus
803 1904 910 1949 κατὰ
949 1903 993 1949 τὸ
1039 1910 1229 1949 πλεῖστον
1276 1903 1320 1948 in
1364 1903 1457 1948 duo
1498 1903 1635 1951 colas

141 1979 380 2025 dividitur.
450 1980 661 2026 Abusive
709 1990 866 2025 autem
908 1979 1052 2025 etiam
1092 1978 1160 2024 ¹et
1200 1996 1390 2025 comma
1429 1978 1601 2024 dicitur

142 2055 295 2100 colon.
368 2055 461 2100 His
495 2055 688 2117 quidam
730 2055 998 2118 adjungunt
1034 2055 1269 2108 Stichum,
1304 2054 1348 2100 id
1381 2063 1466 2110 cst,
1503 2071 1601 2099 ver-

142 2148 263 2184 sum,
301 2131 388 2175 sub
428 2131 699 2191 hujusmodi
729 2131 1003 2188 differentia,
1038 2142 1091 2177 ut
1126 2131 1186 2176 sit
1217 2148 1376 2176 versus
1408 2130 1488 2192 qui
1520 2147 1600 2175 ex—

142 2205 264 2251 cedit
307 2205 582 2263 dimetrum,
620 2208 745 2253 unde
782 2218 829 2253 et
864 2207 1264 2253 mhemistichium
1302 2206 1488 2261 dicitur,
1524 2224 1601 2251 co-

141 2281 220 2327 lon
267 2291 427 2328 autem
469 2292 514 2329 et
551 2301 741 2330 comma
784 2284 904 2330 intra
945 2283 1218 2329 dimetrum.
1289 2283 1394 2329 Erit
1442 2283 1637 2345 itaque4

141 2358 277 2404 colon
305 2376 415 2404 cum
441 2359 637 2422 integrae
662 2361 836 2406 fuerint
861 2359 1098 2423 syzygiae3
1133 2377 1321 2405 comma
1346 2376 1469 2415 ver0,
1489 2377 1597 2405 cum

142 2433 446 2496 i111perfectae.
518 2436 708 2500 Proprie
745 2446 900 2482 autem
940 2435 1093 2482 Graeci
1130 2436 1233 2481 cola
1268 2435 1449 2491 dicunt,
1475 2453 1600 2497 quae-

141 2527 329 2572 cunque
360 2511 483 2557 circa
509 2511 759 2572 juncturas
796 2521 877 2557 aut
902 2522 1027 2557 artus
1057 2521 1269 2574 porrecta
1294 2521 1402 2557 sunt
1427 2511 1472 2556 in
1502 2511 1600 2555 lon-

141 2586 408 2649 gitudinem
438 2589 680 2634 membra:
713 2588 837 2633 unde
861 2587 1129 2651 Euripides,

338 2660 405 2708 καὶ
431 2670 540 2709 κῶλα
565 2664 705 2716 κώλοις
727 2667 942 2726 τετράπουν
964 2665 1213 2725 μιμήσομαι.

195 2775 211 2794 e
231 2770 381 2815 caetera]
407 2778 530 2805 cetera
550 2770 589 2805 P.
701 2770 714 2796 f
733 2770 963 2816 hexameter]
989 2777 1177 2806 exameter
1198 2771 1236 2806 P.
1330 2768 1359 2795 ff
1378 2767 1596 2813 hexametri]

142 2822 318 2856 exau-etri
339 2822 378 2856 P.
490 2829 510 2857 g
531 2822 718 2871 ‹lipodias]
741 2823 916 2871 dipotleas
937 2824 978 2859 P.
1064 2822 1084 2848 h
1105 2823 1223 2871 quod]
1249 2836 1331 2870 quie
1351 2824 1389 2857 P.
1477 2820 1497 2845 k
1518 2834 1596 2856 om-

145 2873 219 2920 nis]
245 2874 412 2910 omnium
434 2875 473 2910 P.
625 2874 634 2900 ¹
654 2878 819 2923 comma]
844 2886 880 2912 et
901 2889 1048 2912 omunia
1069 2877 1108 2911 P.
1252 2883 1280 2900 m
1303 2874 1596 2921 hemistichium]

144 2926 392 2963 emistichium
416 2928 455 2963 P.
