1962 3355
74 184 182 216 CAP.
207 179 283 216 28.
552 169 638 216 De
661 168 826 215 metris
850 166 1066 214 Horatii.
1431 172 1525 210 353

73 309 291 338 sensum:
330 291 421 338 hoc
445 300 516 337 est
540 290 665 336 enim
694 289 961 353 legitimum
988 288 1035 334 in
1062 286 1240 351 epodis.
1302 286 1431 348 Ergo
1457 303 1522 330 se-

72 368 280 414 cundum
313 369 417 415 haec
441 378 488 414 et
512 367 661 431 elegia
686 366 938 430 epodicum
966 381 1172 411 carmen.
1237 361 1359 408 Haec
1384 361 1527 424 igitur
1548 378 1564 409 7

72 445 230 491 cantio
255 445 414 507 lyrica,
439 461 543 506 quae
576 453 668 489 tres
707 443 788 488 has
824 450 979 506 partes
1013 441 1170 497 habet,
1196 438 1412 503 periodos
1446 455 1527 501 ap-

72 521 300 584 pellatur3
339 520 502 566 eadem
531 519 658 573 trias,
678 518 714 564 si
751 535 809 564 ex
845 518 983 564 rebus
1018 518 1091 564 his
1127 525 1325 564 constet.
1395 515 1528 561 Solet

72 596 199 641 enim
237 596 551 644 abundantior
587 605 633 642 et
674 594 857 658 plenior
895 594 1051 640 cantio
1094 593 1267 640 habere
1308 591 1527 638 antistro-

72 672 199 736 phen
243 673 468 736 periodon
507 672 757 735 aliquando
793 682 840 718 et
880 671 927 717 in
967 670 1139 727 medio,
1175 670 1266 716 hoc
1301 677 1372 715 est
1407 668 1528 715 inter

72 749 297 813 strophen
335 759 382 796 et
418 749 744 813 antistrophen
784 747 1026 794 mesodon.
1096 746 1410 793 Inveniuntur
1445 754 1563 791 au-8

72 833 169 871 tem
202 825 247 870 in
283 825 475 889 strophe
501 826 603 872 cola
626 825 698 871 vel
726 834 965 871 commata
989 823 1181 886 ¹aliqua,
1201 840 1261 869 ex
1283 822 1526 868 voluntate

73 901 321 947 scribentis
369 902 494 948 varia
538 902 672 948 metri
725 902 826 964 lege
867 901 1027 946 finita:
1083 900 1194 946 huic
1232 899 1526 962 antistrophe

74 977 284 1023 redditur
319 977 518 1024 totidem
557 978 687 1035 colis,
712 976 897 1024 hisdem
934 977 1121 1022 metris:
1163 976 1301 1022 tertio
1340 975 1528 1022 additur

73 1053 265 1116 epodos,
295 1054 396 1116 jam
436 1055 648 1116 quolibet
684 1063 864 1107 metro3
916 1053 1017 1099 haec
1051 1063 1122 1099 est
1158 1062 1209 1098 ut
1244 1052 1341 1098 dixi
1381 1069 1525 1114 quam

73 1130 223 1176 triada
257 1130 512 1194 appellant.
583 1129 674 1176 Sed
700 1129 924 1192 quoniam
959 1130 1060 1175 haec
1085 1129 1346 1175 accuratius
1372 1128 1525 1175 Graeci
1545 1146 1565 1177 9

73 1216 224 1268 poetae
249 1216 564 1261 servaverunt,
594 1206 760 1252 melius
785 1215 831 1252 te
855 1205 1009 1252 Graeci
1044 1205 1256 1268 magistri
1282 1205 1340 1251 de
1364 1223 1527 1251 exem-

72 1282 161 1346 plis
188 1282 366 1328 Graecis
392 1281 645 1328 docebunt.

138 1358 284 1404 Nunc
309 1359 554 1405 veniamus
581 1358 636 1404 ad
663 1358 942 1405 divisionem
970 1367 1245 1405 metrorum.

304 1459 361 1514 [1.
386 1459 441 1512 1.]
482 1458 694 1499 amoenas
714 1460 853 1499 atavis
874 1459 977 1499 edite
999 1460 1182 1515 regibus.
1551 1472 1589 1493 10

72 1532 416 1596 Asclepiadeon
445 1540 627 1577 metron
666 1540 875 1588 vocatur,
900 1550 995 1578 non
1022 1532 1147 1594 quod
1185 1541 1394 1596 repertor
1429 1531 1529 1593 ejus

73 1608 377 1672 Asclepiades
402 1608 558 1665 fuerit,
584 1607 663 1654 sed
690 1607 816 1671 quod
852 1626 907 1654 eo
939 1609 1215 1656 familiarius
1240 1618 1287 1655 et
1311 1609 1531 1672 frequen-

73 1686 168 1732 tius
194 1685 254 1732 sit
278 1702 403 1731 usus.
463 1685 590 1730 Ante
624 1684 757 1730 illum
784 1686 912 1732 enim
940 1686 1009 1732 usi
1035 1687 1224 1733 Alcaeus
1250 1696 1297 1733 et
1333 1687 1531 1751 Sappho

77 1764 167 1808 hoc
191 1762 376 1824 integro
402 1779 483 1807 usa
508 1771 578 1807 est
604 1761 693 1807 min
720 1762 838 1807 libro
863 1762 1046 1823 quinto.
1119 1763 1249 1809 Inter
1274 1762 1407 1809 binos
1432 1780 1532 1808 ver-

76 1857 153 1885 sus
178 1838 433 1885 decurrunt
470 1838 638 1884 melica
672 1839 990 1902 systematica‚
1017 1839 1148 1886 nhaec
1180 1840 1302 1885 binis
1337 1840 1409 1886 vel
1446 1840 1527 1885 tri-

76 1918 163 1963 bus
203 1916 274 1962 vel
318 1925 542 1978 quattuor
588 1915 798 1960 versibus
846 1924 1080 1961 constant.
1170 1916 1282 1962 Hoc
1323 1926 1528 1962 metrum

76 1993 260 2040 videtur
285 2010 311 2038 a
336 2001 634 2056 pentametro
659 1990 857 2055 epodico
882 2000 1063 2037 natum.
1114 1991 1240 2038 Nam
1269 1992 1413 2039 habet
1437 1991 1531 2039 duo
1554 2013 1587 2033 11

76 2070 471 2134 penthemimere,
497 2069 703 2131 primum
744 2067 1071 2122 acatalectum,
1108 2069 1369 2115 secundum
1409 2078 1533 2116 cata-

78 2147 317 2203 lecticum‚

361 2212 576 2252 Mcecenas
596 2212 736 2251 atavis
757 2211 861 2251 edite
881 2211 1062 2267 regibus.

78 2286 209 2333 Huic
246 2286 282 2332 si
319 2285 481 2331 reddas
507 2286 555 2331 in
583 2285 754 2331 ultimo
779 2284 1027 2347 syllabam,
1053 2285 1234 2347 integer
1255 2285 1341 2330 erit
1367 2295 1533 2349 penta-

77 2370 242 2416 meter,

363 2428 420 2467 M
420 2442 574 2469 (ecenas
594 2429 733 2468 atavis
753 2427 857 2467 edite
877 2428 1042 2483 regilio.

78 2501 156 2547 Ab
195 2517 251 2546 eo
291 2509 449 2546 tamen
495 2509 794 2564 pentametro
830 2501 1038 2547 nascitur
1073 2501 1154 2564 qui
1191 2517 1289 2548 X111
1332 2501 1534 2565 syllabas

80 2578 238 2634 habet,
266 2576 355 2622 hoc
385 2587 457 2623 est
489 2577 621 2638 cujus
647 2577 799 2641 prima
827 2594 931 2640 pars
956 2576 1014 2623 de
1040 2577 1251 2641 spondeo
1276 2586 1322 2624 et
1346 2577 1535 2641 dactylo

80 2662 279 2700 constet.
349 2652 574 2699 Ceterum
602 2653 947 2717 Asclepiadeon
974 2653 1405 2718 duodecasyllabon
1436 2672 1535 2700 esse
1560 2680 1593 2699 η

81 2739 282 2795 oportet,
308 2738 463 2794 potest
499 2739 546 2776 et
581 2731 920 2794 antispasticon
957 2749 1057 2776 esse
1094 2732 1343 2777 trimetron
1381 2740 1534 2776 acata-

138 2849 148 2876 l
166 2851 308 2940 αἰὶᾳίιίια]
332 2851 480 2897 aliquod
500 2849 604 2885 Med.
717 2856 745 2874 m
764 2852 799 2884 ὶη
821 2862 895 2885 om.
920 2851 964 2886 V.
1079 2858 1096 2876 n
1119 2852 1207 2898 hate]
1234 2856 1316 2886 sunt
1336 2852 1400 2886 hoc
1419 2855 1469 2884 est
1490 2850 1536 2886 V.

84 2905 150 2939 hoc
168 2905 235 2940 Me
267 2931 274 2939 .

768 2981 845 3011 ZZ
