1962 3355
318 193 382 239 46
825 192 986 239 ,Μανῆ
1013 191 1068 238 V
1066 193 1262 240 ictorini
1612 208 1708 238 LIB.
1734 207 1767 238 1.

448 313 522 359 Ni
537 312 729 376 palmas
745 321 894 377 ponto
920 316 1115 362 tendens
1139 321 1366 377 utrasque
1394 313 1672 368 Cloanthus,

317 388 364 434 in
389 388 437 434 l:
475 389 606 445 item,

386 465 685 528 Brontesque
694 465 1008 529 Steropesque
1025 473 1069 513 et
1083 466 1240 513 nudus
1254 465 1463 512 membra
1480 464 1769 527 Pyracmon,

318 541 366 587 in
391 560 464 589 m:
501 543 632 600 item,

450 618 627 665 IVescio
652 619 759 682 quis
782 625 970 666 teneros
992 618 1191 666 koculus
1214 619 1329 665 mihi
1335 617 1563 682 fascinat
1583 633 1747 680 agnos,

260 712 295 734 21
316 693 365 738 in
390 710 435 739 n.
497 694 660 741 Habes
685 695 905 758 exempla
929 704 1153 757 quattuor
1177 695 1477 757 liquidarum,
1502 711 1618 755 quas
1644 710 1771 738 ame-

317 770 498 816 tabolas
546 771 770 828 diximus,
809 789 917 817 nam
962 773 1113 817 brevis
1157 772 1335 833 syllaba
1374 780 1443 816 est
1479 771 1582 816 loco
1617 770 1769 834 posita

315 847 551 909 positione
590 847 729 909 longa
766 847 862 892 vim
903 865 997 893 suae
1032 847 1324 910 proceritatis
1366 847 1453 892 loci
1499 846 1770 892 conditione

261 939 299 960 22
318 940 411 968 non
437 922 653 968 lobtinet.
722 924 854 984 Ergo
882 922 959 968 1110
985 940 1068 985 pro
1087 923 1214 968 brevi
1241 922 1499 986 accipietur
1517 923 1618 984 lege
1639 940 1767 968 com-

317 999 557 1054 munium,
576 1006 767 1060 mquum
793 999 918 1061 prior
941 1006 1074 1044 muta
1095 1015 1118 1044 c
1138 1015 1337 1059 sequens
1363 997 1540 1058 liquida
1565 998 1623 1042 sit
1646 1015 1687 1053 r,
1706 997 1772 1043 ita

316 1085 494 1129 tamen,
529 1084 583 1120 ut
619 1083 829 1136 utraeque
868 1083 1180 1120 consonantes
1221 1074 1269 1118 in
1311 1091 1404 1119 una
1439 1074 1618 1137 syllaba
1659 1091 1772 1119 con-

310 1150 490 1212 junctae
534 1150 822 1195 habeantur:
860 1168 969 1195 nam
1013 1150 1048 1195 si
1091 1150 1233 1195 altera
1275 1167 1435 1195 earum
1476 1150 1522 1195 in
1567 1150 1772 1196 secunda

319 1228 514 1290 syllaba,
550 1244 750 1288 sequens
787 1227 835 1272 in
879 1226 1014 1272 tertia
1052 1227 1324 1289 reperiatur,
1365 1244 1458 1271 non
1499 1226 1602 1287 jam
1642 1243 1770 1272 com-

262 1323 299 1352 23
319 1321 531 1359 munem,
556 1303 633 1348 sed
662 1303 853 1366 longam
889 1303 1119 1365 syllabam
1157 1303 1286 1364 njure
1321 1303 1540 1348 efficient.
1608 1302 1698 1348 Sed
1725 1311 1773 1348 et

319 1379 426 1425 duae
464 1379 654 1441 liquidae
695 1397 740 1426 m
779 1388 825 1424 et
861 1396 907 1435 η,
945 1396 1050 1440 quae
1087 1379 1194 1425 solae
1231 1397 1287 1425 ex
1325 1379 1424 1424 Ο1115
1456 1378 1542 1424 51111
1578 1378 1774 1440 subjun-

320 1465 510 1519 guntur,
535 1473 628 1500 non
666 1455 961 1518 praecedente
998 1464 1147 1511 muta,
1172 1456 1218 1501 in
1248 1473 1343 1501 una
1375 1455 1556 1519 syllaba
1580 1456 1770 1518 longam

320 1532 550 1596 syllabam
577 1531 726 1578 facere
750 1540 963 1595 possunt,
988 1541 1054 1586 ut,

457 1618 688 1664 Omnibus
713 1625 954 1665 errantem
979 1619 1134 1664 terris.

318 1682 398 1737 Et,

452 1748 556 1794 Aut
580 1749 1015 1812 PAgamemnonias
1036 1749 1213 1795 παρηὶς.

261 1858 300 1887 24
317 1835 478 1881 Tertia
511 1853 634 1892 vero,
671 1853 778 1881 cum
817 1836 980 1882 eodem
1025 1836 1214 1899 dactylo
1246 1836 1400 1899 prima
1437 1836 1631 1898 syllaba,
1668 1853 1773 1897 quae

319 1929 506 1975 semper
540 1920 707 1957 natura
743 1921 813 1957 est
849 1911 1015 1968 brevis,
1040 1912 1181 1975 longa
1205 1912 1456 1968 invenitur,
1489 1912 1579 1957 1100
1616 1911 1774 1965 modo,

319 1987 356 2032 si
382 1996 596 2050 correpta
621 1988 668 2032 in
694 2006 747 2033 ea
766 1988 938 2034 vocalis
964 1988 1147 2034 desinat
1172 1988 1217 2034 in
1248 2006 1388 2033 unam
1416 1997 1774 2041 consonantem,

319 2072 387 2119 ut,

450 2126 562 2173 Hoc
584 2135 688 2174 erat
712 2128 842 2174 alma
861 2146 1054 2190 parens.

262 2235 298 2265 25
320 2213 423 2259 Erit
462 2232 572 2277 ergo
601 2216 871 2261 communis
911 2216 1089 2279 syllaba
1127 2234 1181 2262 ea
1213 2216 1498 2272 conditione,
1535 2232 1628 2276 qua
1668 2232 1774 2277 pars

318 2291 541 2336 orationis
575 2291 777 2345 finiatur,
803 2301 849 2336 01
874 2309 1072 2353 sequens
1107 2310 1132 2337 a
1157 2292 1304 2338 vocali
1342 2292 1551 2354 incipiat,
1577 2309 1634 2336 110
1670 2291 1775 2336 1000

261 2381 300 2412 26
319 2377 366 2413 et
390 2367 498 2413 sede
523 2367 697 2431 dactyli
723 2369 987 2414 tribrachus
1012 2367 1192 2431 positus
1217 2384 1317 2411 esse
1342 2365 1566 2411 videatur.
1602 2364 1775 2426 Neque

318 2444 446 2489 enim
486 2444 562 2490 1110
599 2445 789 2490 finalem
829 2444 1059 2507 syllabam
1102 2452 1349 2489 ‘lcausatus
1386 2442 1460 2496 sis,
1497 2458 1607 2486 nam
1646 2440 1775 2486 nulla

319 2520 384 2565 ibi
409 2520 661 2583 proceritas
689 2529 838 2577 sonat,
865 2521 943 2565 ubi
970 2538 1076 2566 vere
1100 2519 1253 2566 finalis
1279 2536 1373 2564 non
1399 2527 1495 2563 est:
1533 2517 1676 2573 velut,

451 2596 607 2642 Arma
630 2596 883 2658 virumque
908 2614 1037 2643 cano.

320 2672 443 2718 Cum
472 2672 601 2718 enim
633 2689 711 2718 ma
743 2673 924 2735 syllaba
956 2681 1140 2736 partem
1172 2669 1394 2717 orationis
1430 2669 1683 2732 compleat,
1707 2677 1777 2714 ta-

373 2808 394 2835 k
414 2808 548 2858 oculis]
575 2809 703 2845 oculus
725 2810 764 2845 P.
874 2808 885 2835 1
906 2808 1097 2855 obtinens]
1120 2807 1265 2844 obtinet
1283 2808 1323 2843 P.
1438 2813 1469 2832 m
1489 2808 1578 2854 qua]
1602 2818 1712 2854 quam
1734 2806 1776 2841 P.

320 2870 339 2888 n
360 2862 396 2898 in
418 2863 474 2909 se]
490 2865 573 2912 jure
593 2863 631 2898 P.
728 2869 746 2888 0
768 2862 823 2898 1115
842 2863 940 2911 quae]
965 2861 1021 2898 his
1041 2862 1080 2898 P.
1181 2868 1201 2896 P
1221 2859 1549 2911 Agamemnoniis]
1572 2859 1775 2909 Agamem-

321 2915 455 2952 nonius
476 2916 514 2951 P.
626 2923 645 2950 q
665 2917 873 2963 caussatus]
898 2923 1069 2952 causatus
1090 2915 1129 2950 P.
