1962 3355
139 210 245 242 CAP.
270 205 343 253 19.
444 195 526 241 De
550 201 672 241 tome
694 194 792 240 sive
812 193 1039 239 incisione
1060 210 1297 240 versuum.
1524 202 1581 240 85

137 316 338 377 Adjecta
361 315 502 377 longa
525 316 581 361 fit
605 313 976 369 choriambicon,
1001 322 1067 369 ut,
1609 333 1645 353 12

208 391 310 438 Cur
332 392 421 438 dea
427 391 559 454 jecit
584 391 672 437 dea
697 391 808 437 belli
831 390 1120 437 dominatrice
1146 389 1388 453 Phrygas.

138 468 319 514 Rursus
345 467 526 530 adjecta
562 467 683 513 talia
718 467 873 530 longa,
897 465 1068 512 efficiet
1097 466 1304 512 ionicum
1345 465 1586 526 majorem,
1608 487 1643 515 13

137 544 218 601 sic,

201 609 313 655 Hoc
337 626 422 655 cm·
445 609 533 655 dea
538 606 676 673 fecit
700 608 789 654 dea
815 607 926 654 belli
950 607 1244 654 dominatrix
1265 606 1542 670 ”Phrygas

137 696 260 742 Item
300 695 500 758 adjectio
537 695 687 741 brevis
724 704 939 758 quartam
978 694 1182 757 speciem
1228 693 1274 738 in
1315 692 1434 756 pede
1472 693 1590 739 anti·
1613 701 1649 731 Ι4

136 780 294 833 spasto
318 771 596 834 procreabit,
623 771 702 828 ita,

136 845 206 892 Et
229 846 315 893 lzoc
339 864 426 893 cur
451 847 539 893 dea
545 845 681 911 fecit
705 846 793 892 dea
820 845 930 892 belli
955 845 1248 891 dominatrix·
1270 844 1517 908 Phryga&

136 922 349 985 Adoeque
374 932 421 968 et
445 923 524 969 hic
549 940 707 968 versus
733 923 857 986 apud
884 921 1159 976 Horatium,
1612 938 1646 970 15

137 998 438 1046 Miserarum
464 1005 534 1045 est
557 1016 709 1062 neque
727 998 880 1045 amori
905 998 1021 1044 dare
1046 997 1210 1044 ludum
1236 1015 1387 1061 neque
1412 997 1555 1052 dulci,

137 1084 322 1122 constat
345 1092 401 1120 ex
427 1074 582 1121 ionico
617 1075 828 1127 minore;
868 1074 978 1120 huic
1004 1074 1039 1119 si
1066 1074 1355 1136 copulaveris
1380 1074 1588 1137 longam,
1612 1093 1649 1124 16

136 1150 223 1197 erit
246 1150 636 1204 choriambicum,

142 1226 301 1276 Quam
325 1227 609 1272 miserarum
636 1232 706 1271 est
730 1242 878 1288 neque
901 1226 1053 1272 amori
1078 1226 1194 1272 dare
1219 1225 1383 1271 ludmn
1408 1243 1559 1289 neque
1584 1226 1724 1273 dulci.

135 1302 259 1348 Item
287 1303 426 1365 longa
453 1303 542 1348 alia
569 1302 783 1365 apposita
808 1302 921 1347 facit
945 1301 1151 1346 ionicum
1180 1302 1423 1363 majorem,
1449 1311 1515 1357 ut,
1617 1322 1652 1353 17

141 1377 186 1423 O
209 1395 353 1440 quam
378 1379 664 1425 miserarum
690 1384 761 1423 est
785 1394 937 1440 neque
963 1378 1118 1423 amori
1142 1378 1257 1424 dare
1283 1377 1447 1424 ludum
1472 1395 1624 1442 neque
1648 1378 1791 1425 dulci.

134 1453 300 1499 Brevis
326 1464 483 1501 autem
510 1453 701 1518 praelata
727 1453 1040 1517 antispastum
1066 1452 1356 1510 informabit,
1381 1455 1461 1508 sic,
1618 1467 1654 1496 18

137 1529 207 1575 Et
224 1546 249 1574 ο
269 1546 412 1593 quam
431 1529 717 1574 miserarum
734 1533 804 1573 est
819 1543 971 1590 neque
990 1528 1141 1573 amori
1161 1527 1275 1574 dare
1295 1526 1457 1574 ludam
1477 1545 1626 1591 neque
1651 1527 1791 1575 dulci.

135 1604 212 1650 Ad
248 1613 551 1660 wsummam,
576 1604 731 1650 omnis
765 1604 957 1660 ἐπιπλοκὴ
993 1603 1192 1667 propriis
1228 1604 1428 1668 pedibus
1462 1604 1592 1650 nulla
1614 1626 1651 1657 19

137 1681 494 1727 intermixtione
531 1681 728 1727 aliorum
770 1681 1029 1727 subsistens
1074 1680 1168 1726 suis
1206 1698 1354 1743 usque
1391 1679 1447 1726 ad
1484 1680 1592 1725 ulti-

139 1774 271 1803 mum
300 1757 500 1821 pedibus
526 1757 884 1803 terminabitur:
921 1757 991 1802 sin
1013 1765 1172 1802 autem
1194 1756 1308 1802 alios
1335 1756 1591 1814 admiserit,

136 1833 407 1879 variabitur.
478 1833 605 1879 Nam
636 1833 867 1878 familiare
903 1842 973 1878 est
1011 1832 1260 1894 xutrisque
1296 1832 1462 1878 ionicis
1498 1841 1592 1877 tro-

138 1911 323 1956 chaicas
351 1911 436 1955 sibi
463 1911 632 1955 Ybases
658 1909 931 1955 admiscere.
990 1909 1120 1973 Ergo
1154 1910 1420 1955 zsincerum
1445 1930 1593 1969 μονοει-

138 1987 217 2041 δὲς,
244 1987 447 2032 mixtum
476 1994 633 2031 autem
661 1986 832 2045 ὁμοειδὲς
857 1985 1116 2032 vocabitur.

198 2117 337 2169 CAP.
370 2117 523 2169 XIX.
576 2119 660 2169 De
689 2126 821 2168 tome
846 2117 956 2169 sive
983 2117 1236 2169 incisione
1263 2135 1527 2169 versuum.

204 2216 468 2262 Incisiones
494 2217 636 2262 etiam
662 2233 899 2271 versuum,
927 2233 1042 2277 quas
1076 2216 1228 2262 Graeci
1255 2217 1383 2275 τομὰς
1408 2225 1592 2272 vocant,

139 2301 246 2339 ante
288 2292 449 2338 omnia
490 2292 536 2338 in
579 2292 895 2338 bhexametro
939 2293 1081 2338 heroo
1133 2293 1391 2338 necessario
1432 2293 1593 2338 obser-

190 2413 203 2434 ῐ
223 2407 311 2455 alia]
337 2408 407 2444 alia
427 2407 539 2457 longa
559 2409 599 2444 P.
737 2415 756 2433 u
777 2407 955 2457 Phrygas]
983 2407 1135 2457 phrigas
1157 2408 1203 2444 P.
1331 2415 1359 2433 w
1379 2408 1587 2455 summum]

137 2474 322 2497 summam
345 2461 391 2498 P.
419 2461 476 2497 ed.
500 2462 606 2497 Cam.
745 2467 764 2486 Χ
784 2460 994 2509 utriusque]
1018 2462 1184 2509 utrisque
1205 2462 1244 2497 P.
1269 2469 1307 2497 et
1328 2460 1381 2497 sic
1401 2474 1495 2498 corr.
1522 2462 1591 2496 Ca-

138 2514 326 2551 merarius,
410 2521 429 2548 Y
449 2515 573 2561 bases]
600 2513 697 2549 basis
720 2515 760 2550 P.
868 2520 885 2539 Ζ
907 2515 1120 2563 syncerum]
1145 2513 1289 2550 sincere
1310 2515 1348 2550 P.
1433 2521 1452 2540 ἢ
1471 2515 1590 2561 τομὰς]

136 2580 243 2603 τοΜοο
265 2568 304 2603 P.
414 2564 434 2593 b
454 2567 687 2613 hexametro]
710 2574 898 2603 exametro
918 2574 955 2603 et
975 2567 1027 2603 sic
1049 2580 1133 2603 mox
1156 2568 1197 2604 P.

137 2650 340 2688 sumserint
360 2659 540 2700 quantum
569 2652 613 2687 ad
644 2651 834 2687 deelaran-
892 2654 1004 2687 omnis
1028 2650 1033 2702 Ι
1067 2653 1114 2689 Ut
1134 2655 1169 2688 in
1188 2656 1297 2689 armis
1311 2658 1509 2700 superaret,
1523 2654 1589 2688 &c.

137 2705 224 2741 dum
247 2705 317 2740 hoe
338 2705 435 2752 quod
467 2705 628 2746 doceret,
650 2704 738 2741 satis
758 2718 837 2741 esse
893 2704 1074 2741 Similiter
1101 2707 1330 2742 Horatianus
1361 2705 1527 2742 trimeter
1554 2719 1590 2740 a·

138 2758 315 2794 crederet.
358 2757 430 2793 Sed
447 2758 696 2794 Terentianus
712 2758 835 2794 locum
893 2759 1108 2801 catalectus,
1143 2761 1359 2794 Miserarum
1398 2764 1448 2794 est
1481 2771 1592 2804 neque

138 2810 325 2859 integrum
354 2810 522 2851 adduxit,
545 2818 583 2846 et
602 2824 724 2847 versus
753 2824 836 2847 aca-
893 2813 1009 2847 amori
1033 2813 1121 2848 dare
1142 2814 1276 2854 ludum,
1304 2811 1498 2847 adducitur
1527 2812 1589 2846 ad-

139 2863 305 2899 talectos.
357 2865 569 2899 Diomedem
593 2866 695 2899 modo
719 2861 724 2914 l
752 2865 837 2899 Dea
889 2863 1021 2911 juncto
1051 2873 1231 2914 sequente
1264 2864 1359 2914 pede
1398 2864 1434 2899 in
1474 2863 1591 2898 forma

126 2916 223 2964 feeit
242 2918 308 2952 decc
329 2917 411 2952 hem
431 2918 650 2952 dominatrix
674 2918 839 2963 Phrygas
894 2919 1113 2953 tetrametri.
1159 2917 1357 2952 CAMER.
