1962 3355
150 209 256 242 cAP.
276 205 321 243 5.
704 195 790 242 De
813 195 1039 242 Pedibus.
1504 201 1598 252 437

215 316 520 382 Antispastus
551 334 608 364 ex
645 317 806 364 iambo
830 325 877 362 et
900 316 1123 372 trochaeo,
1149 314 1240 360 hoc
1272 322 1343 360 est
1378 331 1436 360 ex
1474 315 1598 361 brevi
1620 333 1659 366 45

150 401 199 438 et
230 393 412 440 duabus
448 393 602 457 longis
637 402 684 439 et
718 392 863 450 brevi,
885 400 1156 456 temporum
1195 407 1292 448 sex,
1316 400 1384 449 ut,
1407 389 1604 438 Medul-

151 468 267 527 lina,
291 470 589 518 ‘Saloninus

218 545 352 593 Huic
404 546 663 593 contrarius
709 554 782 592 est
824 544 1144 602 choriambUS‚
1189 560 1250 590 ex
1306 543 1511 590 trochaeo
1558 553 1604 590 et
1622 559 1665 598 46

151 622 328 678 iambo,
354 623 446 669 hoc
470 632 540 668 est
563 639 621 668 ex
657 622 798 685 longa
826 629 873 667 et
896 620 1078 667 duabus
1115 620 1335 666 brevibus
1367 628 1414 667 et
1445 620 1605 684 longa,

152 707 422 761 temporum
450 715 546 756 sex,
572 707 637 754 ut,
660 697 897 755 nobilitas,
922 697 1226 759 armipotens.

221 775 328 822 Hos
352 793 517 821 omnes
542 792 651 821 cum
678 774 736 820 de
762 773 897 820 metri
923 782 1151 820 §tractatu
1175 773 1351 836 aliquid
1387 773 1606 837 legimus,
1625 796 1667 830 47

153 850 425 914 diligentius
451 850 759 908 considerare,
775 859 823 896 et
847 850 894 895 in
921 850 1149 896 memoria
1174 850 1346 896 habere
1361 849 1608 907 debemus,

155 936 223 983 ut,
267 928 440 990 singuli
483 927 660 989 quique
707 943 866 972 versus
913 926 1086 989 quibus
1132 925 1333 990 pedibus
1372 935 1608 985 constent,

155 1005 271 1050 seire
295 1004 546 1067 possimus.

223 1080 369 1126 Pedes
394 1079 684 1143 heteroploci
710 1078 1025 1142 pentasyllabi
1062 1087 1171 1125 sunt
1195 1095 1394 1125 numero
1416 1078 1612 1143 triginta
1629 1093 1671 1131 48

156 1166 203 1203 et
227 1157 337 1213 duo,
364 1157 439 1202 hi:

223 1233 440 1290 Orthius‚
493 1249 551 1278 ex
611 1231 828 1278 brevibus
877 1231 1102 1294 quinque,
1147 1235 1443 1295 ttemporum
1504 1232 1614 1278 toti-

157 1310 283 1356 dem.

223 1385 515 1442 Pariambus,
553 1401 610 1431 ex
645 1385 787 1448 longa
818 1393 867 1431 et
898 1383 1119 1431 brevibus
1154 1392 1393 1447 quattuor,
1429 1393 1616 1449 tempo—

158 1480 263 1508 rum
289 1479 387 1508 sex.

224 1538 551 1602 vParapienos‚
583 1555 641 1584 ex
679 1537 808 1585 brevi
843 1546 890 1584 et
927 1538 1086 1602 longa,
1117 1546 1165 1585 et
1195 1539 1346 1586 tribus
1378 1538 1616 1597 brevibus,

158 1624 429 1678 temporum
456 1632 552 1661 sex.

227 1691 566 1748 MesomacrOS,
590 1707 649 1737 ex
685 1690 869 1737 duabus
906 1691 1141 1748 brevibus,
1172 1700 1220 1738 et
1251 1692 1392 1756 longa
1424 1700 1472 1738 et
1503 1691 1617 1738 dua·
1634 1713 1676 1745 49

162 1768 249 1814 bus
271 1767 546 1821 wbrevibus,
571 1777 841 1830 temporum
869 1784 966 1813 sex.

230 1842 644 1906 Hegemoscolius‚
669 1859 728 1888 ex
752 1843 901 1889 tribus
927 1843 1146 1890 brevibus
1171 1852 1218 1890 et
1240 1844 1383 1908 longa
1402 1852 1449 1891 et
1473 1844 1618 1901 brevi,

162 1929 433 1983 temporum
460 1936 556 1965 sex.

230 1996 765 2060 Pyrrhiehianapaestus,
789 2012 847 2042 ex
884 1995 1105 2042 brevibus
1130 2004 1354 2058 quattuor
1383 2004 1431 2043 et
1461 1997 1618 2060 longa,

164 2082 434 2136 temporum
462 2088 557 2117 sex,

230 2148 543 2211 ProbrachyS‚
568 2165 626 2194 ex
663 2148 791 2195 brevi
828 2156 876 2194 et
909 2148 1061 2211 longis
1086 2156 1323 2210 quattuor,
1347 2157 1620 2213 temporum

164 2243 351 2273 novem.

230 2301 657 2365 xHyperbraehys,
693 2318 751 2347 ex
787 2301 928 2365 longa
963 2311 1010 2348 et
1043 2301 1171 2348 brevi
1204 2310 1252 2348 et
1284 2301 1435 2348 tribus
1467 2302 1620 2364 longis
1639 2319 1682 2352 50

166 2388 434 2442 temporum
462 2395 650 2424 novem.

222 2517 237 2537 ¹⁴
256 2507 439 2556 salonius]
465 2510 660 2546 Saloninus
680 2511 773 2547 A.C.
793 2511 825 2545 V
828 2523 888 2547 en.
921 2511 1143 2561 Salonianus
1163 2509 1253 2559 (sic)
1276 2513 1323 2548 Β.
1407 2519 1422 2538 s
1443 2511 1620 2557 tractatu]

169 2563 324 2599 tractavi
338 2562 386 2598 B.
443 2562 458 2588 t
470 2570 508 2598 et
521 2563 676 2599 totidem
693 2565 921 2613 temporum]
943 2569 1140 2612 temporum
1155 2567 1299 2602 totidem
1319 2566 1459 2602 A.B.C.
1521 2571 1538 2590 v
1553 2563 1622 2599 Pa-

168 2615 338 2666 rapienos
351 2628 395 2651 ex
407 2615 520 2666 longa
532 2623 570 2652 et
582 2616 700 2664 brevi]
715 2630 941 2665 parapusnos
952 2630 994 2653 ex
1007 2619 1102 2655 brevi
1114 2624 1149 2655 et
1165 2620 1274 2666 longa
1281 2620 1325 2655 A.
1336 2630 1564 2667 parapycnos
1578 2617 1623 2653 B.

167 2668 305 2706 Nescio
326 2681 372 2704 an
401 2668 438 2705 h.
458 2668 482 2704 l.
511 2670 642 2718 reponi
667 2669 801 2706 debeat
818 2671 1038 2708 Pariambus
1062 2679 1100 2708 et
1130 2672 1254 2721 paullo
1274 2686 1386 2722 supra
1406 2674 1623 2718 Parapaeon.

168 2729 197 2749 W
218 2721 398 2759 brevibus.
431 2722 581 2770 Hyemo
604 2722 757 2769 scolius]
788 2724 947 2761 brevibus
970 2730 1170 2773 temporum
1192 2738 1263 2763 sem.
1293 2728 1512 2773 antispastus
1529 2723 1623 2759 A.B.

170 2777 331 2812 brevibus
352 2780 549 2823 temporum
568 2788 641 2812 sex.
672 2777 906 2824 Antispastus
921 2790 964 2814 ex
984 2780 1096 2814 tribus
1116 2779 1277 2816 brevibus
1297 2785 1331 2815 et
1344 2781 1450 2825 longa
1470 2783 1505 2814 et
1525 2773 1624 2812 brevi

171 2834 370 2877 temporum
389 2840 462 2865 sex.
487 2829 869 2877 pirrichioanapoestas
887 2843 929 2866 ex
950 2832 1110 2868 brevibus
1129 2838 1286 2880 quatuor
1299 2833 1342 2868 C.
1433 2838 1453 2857 x
1473 2831 1513 2867 H
1517 2842 1622 2879 yper-

170 2883 326 2932 brachys
345 2895 388 2919 ex
418 2881 530 2932 longa
548 2888 586 2919 et
612 2882 712 2918 brevi
736 2890 774 2919 et
797 2882 940 2921 duabus
963 2884 1086 2935 longis
1109 2893 1321 2935 temporum
1351 2885 1501 2932 novem]
1533 2884 1623 2931 Ypo-
