1962 3355
115 170 222 202 CAP.
242 165 288 212 9.
367 154 444 201 De
468 156 631 203 Ionica
656 162 809 202 metro
835 161 881 201 et
907 155 1010 219 ejus
1031 154 1288 217 speciebus,
1485 164 1577 212 295

114 276 272 324 ionico
307 276 494 339 majori,
517 275 822 334 dditroehaeo‚
858 276 1014 323 ionico
1051 276 1235 338 majori,
1270 275 1482 340 spondeo
1508 276 1579 321 vel

116 353 344 409 trochaeo,

401 419 527 459 Lecta
546 419 664 459 nobis
685 419 790 459 bona
811 417 906 458 date
925 417 989 457 vel
1012 418 1172 459 dantes.

514 601 601 648 De
624 606 906 648 tetrametro
930 599 1182 646 catalecto.
1604 625 1640 646 ιο

187 688 400 734 Ionicum
425 695 757 735 tetrametrum
782 687 1116 734 catalecticum
1147 689 1202 734 fit
1230 687 1377 734 tribus
1414 686 1580 733 ionicis

118 764 394 826 majoribus,
435 775 604 827 quarto
641 764 1006 828 amphibraehy,
1047 781 1155 810 eum
1180 763 1391 828 {deberet
1437 762 1582 810 ditro-

120 841 270 896 chaeo,

231 918 439 973 Deprome
460 917 608 958 bonum
629 917 895 972 quadrimum
918 918 1063 957 vinum
1084 917 1188 957 celer
1207 918 1384 957 avitum.

382 1072 469 1119 De
493 1078 775 1119 tetrametro
800 1074 1064 1120 acatalecto
1087 1072 1309 1119 Sotadeo.
1601 1095 1636 1116 ιι

185 1175 401 1222 Ionicum
455 1175 613 1239 majus
664 1181 1002 1221 tetrametrum
1049 1174 1367 1220 acatalectum
1413 1173 1582 1220 eSota-

119 1252 257 1298 deum
278 1254 332 1298 fit
358 1252 508 1298 modis
528 1252 705 1298 tribus:
736 1251 885 1296 tribus
911 1249 1078 1296 ionicis
1101 1249 1358 1311 majoribus
1376 1259 1421 1296 et
1437 1250 1581 1296 ditro-

118 1328 268 1386 chaeo,

288 1393 463 1433 Morosa
468 1394 680 1448 juventus
699 1392 803 1431 bona
824 1404 984 1446 semper
1006 1390 1126 1430 fdolet
1146 1391 1350 1446 eligendo.

117 1478 217 1524 Aut
241 1477 391 1524 tribus
418 1477 582 1524 ionicis
610 1477 867 1539 majoribus
893 1485 941 1523 et
965 1475 1242 1540 dispondeo,

348 1560 431 1606 Qui
448 1560 615 1615 primus
635 1560 686 1599 ab
707 1560 794 1599 oris
813 1560 969 1600 evenit.

117 1633 216 1679 Aut
241 1633 436 1680 solvitur
459 1633 600 1697 primi
628 1632 767 1679 ionici
795 1633 984 1695 majoris
1020 1633 1172 1696 prima
1199 1633 1354 1696 longa,
1379 1631 1578 1678 hsecun-

117 1708 204 1754 dus
229 1709 410 1756 ionicus
437 1710 586 1771 major
610 1709 803 1773 ponitur
826 1708 1043 1772 iinteger,
1071 1711 1194 1756 tertii
1222 1710 1360 1756 ionici
1390 1708 1577 1770 majoris

119 1786 326 1831 secunda
351 1787 490 1849 longa
517 1787 728 1843 solvitur,
755 1798 949 1849 quartus
987 1805 1068 1850 pes
1101 1786 1334 1832 trocbaeus
1371 1785 1578 1849 ponitur,

119 1873 172 1909 ut
196 1863 337 1909 faciat
362 1872 686 1909 tetrametrum
718 1862 1197 1924 brachycatalectum,

294 1940 475 1979 Gracilis
487 1938 756 1994 puerfizlget
777 1944 874 1977 tuus
895 1938 1016 1992 Hyla
1036 1938 1111 1978 sub
1132 1938 1353 1978 Arethusa.

118 2012 262 2059 kHoe
299 2013 403 2058 ideo
440 2012 698 2058 Sotadeum
738 2011 918 2058 dictum
955 2021 1180 2068 metrum,
1217 2012 1342 2075 quod
1380 2012 1577 2058 Sotades

118 2099 257 2153 poeta
283 2108 338 2136 eo
368 2108 477 2136 usus
507 2099 593 2136 est.

371 2231 457 2277 De
479 2231 631 2278 ionico
655 2231 830 2277 minori
853 2231 1055 2277 dimetro
1081 2229 1328 2276 catalecto,
1603 2256 1636 2276 η

185 2317 357 2365 *Minus
407 2319 616 2365 ionicum
669 2318 926 2364 dimetrum
975 2317 1261 2364 catalectum
1315 2318 1368 2363 fit
1424 2317 1580 2364 ionico

120 2394 303 2440 minore
327 2404 374 2441 et
399 2403 652 2458 anapaesto,

517 2471 564 2517 ἴθι
589 2479 718 2534 μᾶτερ
741 2473 921 2532 μεγάλη.

520 2547 634 2588 Nive
654 2548 833 2588 candens
851 2548 1003 2587 nimia.

175 2717 195 2744 d
213 2719 405 2755 ditrochoeo
424 2721 579 2766 spondeo
598 2722 655 2755 vel
676 2722 839 2757 trochaeo.
870 2727 999 2757 caetera
1019 2734 1121 2757 arma
1143 2723 1234 2757 lecta
1256 2721 1300 2758 L.
1431 2727 1447 2747 e
1469 2722 1578 2756 Sota-

121 2774 222 2808 ‹Ieum
247 2771 400 2809 accessit
421 2785 462 2808 ex
484 2773 527 2809 L,
658 2772 674 2799 f
689 2775 802 2821 dolet]
828 2775 889 2811 Sic
908 2776 951 2811 L.
973 2776 1056 2810 dolo
1079 2774 1290 2811 Putsehius.
1417 2781 1438 2809 g
1456 2773 1574 2819 venit]

122 2828 242 2862 veniat
264 2826 307 2862 L.
399 2824 419 2851 h
438 2825 642 2873 secundus]
667 2827 739 2862 Sed
758 2829 787 2862 si
807 2828 850 2864 L.
942 2826 951 2853 i
973 2836 1013 2864 ut
1033 2829 1145 2878 aeger]
1168 2831 1308 2874 integer
1326 2828 1369 2863 L.
1469 2824 1490 2852 k
1513 2827 1578 2861 hoc

123 2881 339 2915 icleo--usus
359 2884 408 2914 est
429 2887 660 2915 accesserunt
680 2892 723 2915 ex
744 2880 786 2915 L.
