1962 3355
326 193 420 230 334
797 184 948 230 Atilii
972 185 1314 231 Fortunatiani
1591 200 1698 230 PAR.
1720 200 1773 230 11.

327 305 374 350 in
402 305 607 351 secundo
633 306 737 351 loco
760 306 928 369 posita,
952 306 997 351 id
1024 315 1108 360 est,
1131 323 1236 351 cum
1265 305 1353 350 alia
1377 305 1678 350 consonantis
1698 322 1778 352 vo-

328 381 415 426 cali
453 381 592 444 priori
631 381 868 444 praecedit.
927 382 1191 428 mCeterum
1231 380 1267 425 si
1305 380 1460 442 aliqua
1485 381 1652 426 harum
1686 381 1778 443 pri-

328 473 463 502 mum
489 457 646 503 locum
675 466 848 514 teneat,
872 457 917 503 id
944 467 1015 502 cst
1049 474 1195 519 prope
1220 457 1446 510 vocalem,
1471 456 1569 502 nsic
1591 466 1643 502 ut
1667 474 1778 502 con-

330 550 502 578 sonans
539 532 685 595 accipi
712 532 867 587 debet‚
893 533 1003 578 item
1032 550 1139 578 cum
1169 533 1305 577 metri
1343 532 1591 578 necessitas
1615 532 1778 595 exigit,

330 617 640 654 consonantes
669 608 915 652 habentur.

712 737 846 788 CAP.
879 737 986 788 ΠΙ.
1055 740 1139 790 De
1163 740 1398 808 syllabis.

397 835 588 898 Syllaba
625 844 696 881 est
736 835 996 882 litterarum
1040 855 1294 883 consensus
1336 855 1419 900 per
1456 838 1665 883 vocalem
1706 838 1779 883 vel

330 915 511 957 vocales
537 913 920 975 comprehensus.
991 913 1261 975 Aliquando
1285 922 1442 958 tamen
1478 930 1618 958 unam
1644 931 1782 959 voca-

331 989 423 1033 lem
461 1006 547 1051 pro
584 989 763 1052 syllaba
804 989 1006 1052 positam
1045 989 1236 1035 abusive
1277 989 1505 1052 syllabam
1544 1006 1781 1046 vocamus,

332 1065 511 1127 syllaba
537 1065 662 1110 enim
699 1083 724 1110 a
754 1064 931 1111 Graecis
964 1064 1137 1110 dicitur
1161 1063 1236 1110 ἀπὸ
1268 1070 1335 1111 τοῦ
1366 1068 1700 1124 Οσυλλαμβάνειν
1731 1065 1783 1110 τὰ

330 1143 572 1203 γράμματα.
624 1141 828 1205 Syllabae
852 1149 931 1186 aut
957 1142 1118 1186 breves
1145 1150 1254 1186 sunt
1279 1149 1358 1186 aut
1384 1140 1550 1203 longae.
1606 1141 1781 1186 Breves

333 1217 477 1263 efficit
517 1227 730 1280 correpta
767 1217 970 1263 vocalis:
1026 1217 1176 1280 longae
1217 1227 1373 1262 autem
1411 1217 1594 1263 duobus
1631 1217 1782 1263 modis

334 1294 470 1349 fiunt,
495 1302 575 1338 aut
602 1302 782 1349 natura,
809 1303 889 1339 aut
915 1293 1161 1356 positione.
1222 1293 1450 1347 PNa'tura,
1476 1311 1584 1339 cum
1611 1292 1782 1338 vocalis

333 1368 628 1414 extenditur:
670 1369 901 1431 positione
938 1372 1060 1415 fiunt
1095 1369 1246 1415 modis
1284 1386 1380 1425 sex,
1412 1386 1520 1414 cum
1558 1378 1640 1414 aut
1674 1368 1782 1413 duae

334 1454 646 1490 consonantes
684 1444 728 1489 in
763 1445 925 1490 eadem
955 1446 1133 1508 syllaba
1158 1446 1365 1491 vocalem
1405 1455 1679 1506 sequuntur,
1705 1454 1785 1489 qut

335 1537 446 1566 ars:
486 1529 565 1566 aut
591 1520 634 1565 in
663 1520 778 1566 duas
805 1521 1006 1583 syllabas
1032 1530 1269 1584 separatae,
1290 1530 1341 1566 ut
1365 1537 1536 1566 arcus:
1574 1530 1654 1565 aut
1673 1537 1784 1566 cum

334 1595 511 1658 duplex
537 1596 690 1642 littera
716 1597 761 1641 in
789 1597 952 1642 eadem
981 1597 1159 1659 syllaba
1185 1607 1267 1652 est,
1294 1607 1346 1642 ut
1370 1615 1467 1642 7111oe
1485 1617 1499 1642 .·
1538 1606 1618 1642 aut
1643 1595 1687 1640 in
1715 1613 1786 1641 se-

335 1672 518 1733 quenti,
546 1682 595 1718 ut
620 1673 725 1718 aoeis
744 1693 758 1718 :
798 1683 877 1718 aut
903 1690 1010 1717 cum
1050 1674 1259 1735 sequitur
1292 1674 1308 1718 ἰ
1339 1674 1407 1718 vel
1434 1691 1461 1719 v
1494 1673 1598 1718 loco
1623 1688 1788 1717 conso—

336 1748 550 1793 nantium
578 1748 744 1811 posita,
770 1748 1062 1811 praecedente
1089 1749 1177 1794 alia
1201 1760 1503 1803 consonante,
1530 1758 1596 1804 ut,

451 1824 554 1862 Cum
577 1824 612 1863 J
613 1838 693 1863 nno
716 1830 913 1864 (eternum
935 1838 1109 1864 servans
1130 1825 1204 1864 sub
1222 1831 1383 1879 pectore
1405 1825 1571 1873 vulnus,

335 1887 395 1930 et,

568 1945 603 1983 O
622 1945 799 1984 nimium
822 1946 945 2000 virgo
966 1947 1142 1985 'nimium
1164 1946 1324 1986 crudele
1346 1945 1482 1985 fluisti

562 2012 839 2066 Supplicium.

336 2093 503 2139 Brevis
541 2095 721 2157 syllaba
762 2105 952 2159 tempus
991 2113 1135 2141 unum
1178 2097 1347 2142 babet:
1392 2097 1546 2159 longa,
1578 2096 1673 2141 sivc
1708 2113 1791 2141 na-

338 2177 457 2225 tura,
483 2169 577 2215 sive
602 2171 834 2230 positione
859 2172 1014 2229 fuerit,
1038 2172 1148 2217 duo.

730 2312 864 2362 CAP.
896 2313 993 2363 IV.
1055 2316 1140 2364 De
1157 2315 1398 2383 pedibus.

407 2413 553 2459 Pedes
590 2414 826 2478 simplices
859 2418 1003 2462 Sfiunt
1034 2417 1215 2463 duabus
1241 2419 1310 2463 vel
1348 2419 1498 2464 tribus
1535 2418 1741 2482 syllabis,
1767 2437 1793 2464 a

341 2490 607 2535 sublatione
644 2492 690 2536 in
723 2491 1064 2554 depositionem
1093 2493 1229 2539 certis
1254 2495 1547 2558 temporibus
1573 2495 1795 2540 termina-

341 2563 415 2621 tis,
440 2565 736 2627 paucissimis
763 2567 964 2625 duobus,
990 2568 1204 2631 plurimis
1242 2588 1335 2616 sex.
1405 2571 1527 2617 Sunt
1558 2580 1715 2617 autem
1744 2571 1791 2616 hi

342 2641 540 2687 universi
594 2643 735 2705 pedes
773 2644 1041 2690 duodecim.
1111 2645 1187 2690 Ex
1229 2645 1300 2691 his
1339 2646 1575 2710 disyllabi,
1610 2646 1796 2710 pyrrhi-

341 2715 476 2762 chius
502 2733 558 2762 ex
585 2717 768 2764 duabus
800 2720 1034 2776 brevibus,
1059 2721 1294 2784 spondeus
1322 2740 1380 2768 ex
1406 2723 1588 2769 duabus
1625 2723 1793 2786 longiS‚

395 2850 426 2869 m
447 2845 617 2891 ceterum]
640 2857 762 2881 verum
783 2847 830 2881 V.
980 2853 998 2871 n
1019 2848 1068 2881 sic
1088 2847 1145 2893 ut]
1169 2850 1215 2883 sit
1234 2848 1281 2883 V.
1304 2854 1344 2884 ut
1365 2861 1439 2885 om.
1462 2849 1565 2886 Med.
1712 2856 1731 2875 0
1749 2852 1796 2885 τὰ

340 2898 548 2944 γράμματα]
571 2914 616 2933 τα
636 2914 768 2944 στοιχια
788 2899 834 2934 Υ.
911 2906 929 2933 P
952 2899 1101 2944 natura]
1127 2913 1208 2935 nam
1231 2901 1276 2936 Υ.
1361 2909 1379 2936 q
1404 2908 1441 2938 ut
1461 2915 1534 2938 om.
1557 2903 1602 2938 V.
1688 2909 1701 2928 ¹¹
1722 2903 1791 2949 uti]

341 2952 395 2984 uti
420 2950 462 2987 V.
483 2950 733 3000 suprascripto
756 2953 866 2987 luisti.
978 2953 1117 2999 Sflunt]
1141 2959 1223 2987 sunt
1248 2954 1290 2988 Y.
