1962 3355
107 182 214 211 CAP.
237 172 408 223 17—19.
437 164 519 211 De
536 163 1255 226 procel.—pcconico—pentane.
1282 162 1411 225 epod.
1464 171 1559 221 347

109 288 219 334 Hoc
247 297 448 333 metrum
477 288 514 332 si
540 286 810 348 geminetur
834 285 947 331 facit
983 293 1309 331 tetrametrum
1350 285 1559 331 ionicum
1580 311 1601 337 4

107 382 131 409 a
156 364 337 409 minore
376 363 755 417 tanaclomenon‚
790 361 917 423 quod
952 370 1232 407 eteromeres
1266 361 1560 425 Sapphicum

106 440 383 503 appellatur,
410 439 499 485 hoc
528 438 682 491 modo,

276 517 431 556 Docuit
444 522 595 571 patens
616 515 802 555 labellum
827 516 961 571 bifido'
960 517 1124 571 jugare
1144 517 1265 555 rictu.

106 590 273 636 Simile
296 598 623 636 tetrametrum
652 607 871 635 mensura
896 607 991 635 non
1017 588 1447 651 conjugationibUS‚
1476 597 1541 644 ut,

275 666 393 706 Rudz'
415 666 605 705 Palladis
626 665 773 704 umbra
795 670 915 705 sonat
934 665 1118 705 oscinum
1139 665 1308 721 loquela.

108 738 210 784 Has
237 748 328 784 tres
355 739 534 802 species
561 738 837 799 ideojunxi,
863 738 1087 801 quoniam
1126 756 1260 802 paene
1291 738 1415 784 idem
1454 747 1564 783 sunt

103 815 258 878 unod
287 816 468 862 ionicus
493 816 559 861 ἀπ’
587 816 802 867 ἐλάσσονος
826 823 909 860 est.

350 958 483 1010 CAP.
514 959 698 1010 XVII.
739 961 823 1012 De
838 959 1322 1030 proceleusmatico,

171 1058 379 1110 Quidam
424 1058 651 1120 adjiciunt
701 1058 773 1104 his
814 1067 922 1104 octo
959 1057 1453 1121 proceleusmaticum,
1486 1057 1560 1103 cui

105 1152 192 1180 nec
217 1135 322 1181 addi
349 1137 604 1197 quicquam
644 1154 731 1181 nec
766 1135 914 1181 minui
950 1143 1133 1198 potest:
1170 1136 1395 1181 omnibus
1431 1135 1558 1181 enim

106 1211 323 1257 brevibus
349 1220 561 1257 constare
585 1210 739 1256 debet.
811 1211 1032 1256 Dimeter
1062 1210 1379 1267 catalecticus,

445 1287 532 1326 Ave
554 1300 721 1326 nemora
741 1287 874 1326 silent.

102 1360 398 1406 Tetrameter
422 1360 738 1413 catalecticus,

331 1437 558 1477 Maritima
581 1443 721 1477 tenera
739 1450 945 1492 peragere
964 1438 1096 1492 capio.

454 1572 586 1623 CAP.
609 1571 827 1623 XVIII.
873 1574 957 1624 De
974 1572 1227 1643 pceom'co.

171 1671 440 1718 Paeonicum
469 1690 526 1717 ex
553 1672 657 1735 ipso
681 1671 800 1736 pede
831 1690 916 1718 suo
950 1689 1126 1718 nomen
1163 1673 1358 1735 accepit.
1430 1674 1563 1718 WRe-

106 1748 222 1811 cipit
253 1757 410 1794 autem
450 1747 496 1793 in
533 1748 768 1812 principio
802 1748 1030 1795 creticum
1065 1757 1232 1811 praeter
1269 1749 1425 1811 ipsum
1470 1766 1563 1811 pae-

103 1842 210 1881 ona,
234 1824 352 1870 duos
379 1834 535 1870 autem
571 1842 762 1888 paeonas
798 1825 846 1870 in
885 1824 1056 1870 medio.
1127 1824 1421 1888 Exemplum
1448 1825 1562 1870 utri-

105 1919 254 1964 usque
279 1901 455 1964 linguae
481 1901 547 1946 sic
571 1902 671 1947 erit.
741 1901 1092 1947 Tetrametrum
1118 1900 1492 1955 '‘catalecticum,

291 1973 355 2023 29¹
378 1976 471 2023 πόλι
496 1978 601 2036 φίλη
626 1977 827 2040 Κέκροπος
850 1977 1047 2037 αὐτοφυὲς
1068 1976 1250 2034 Ἀττική.

309 2054 344 2093 O
364 2067 463 2109 rege
482 2059 519 2093 te
539 2054 749 2107 wefizcz‘lis
769 2059 852 2094 esto
872 2055 1013 2109 ‘magis
1032 2054 1089 2093 ad
1109 2060 1211 2093 tuos.

312 2188 444 2240 CAP.
473 2188 627 2240 XIX.
673 2189 759 2240 De
774 2197 1112 2259 pentaw'zetro
1137 2188 1356 2259 epodz'w.

172 2289 295 2336 Haec
320 2298 431 2336 sunt
462 2297 516 2335 ut
545 2288 642 2334 dixi
680 2296 832 2334 metra
867 2287 1126 2350 originalia.
1198 2287 1368 2334 Cetera
1403 2288 1564 2333 omnia

105 2383 164 2412 cx
190 2366 263 2412 his
289 2375 399 2412 sunt
423 2365 640 2422 deducta,
665 2383 770 2428 quae
796 2383 822 2410 a
847 2364 1025 2410 Graecis
1051 2382 1288 2427 paragoga
1321 2364 1565 2428 appellan-

106 2451 196 2498 tur,
232 2441 290 2487 de
327 2443 499 2505 quibus
537 2460 687 2506 pauca
727 2441 883 2487 adhuc
919 2440 1092 2487 dicam.
1174 2441 1302 2487 Nam
1344 2441 1560 2503 quaedam

98 2517 201 2579 jam
241 2517 335 2563 suis
371 2518 678 2581 originalibus
707 2517 864 2579 junxi,
897 2526 948 2563 ut
983 2516 1141 2562 videas
1177 2527 1355 2579 quanta
1392 2517 1560 2563 horum

161 2672 175 2699 t
209 2673 466 2708 anaclomenon
487 2676 582 2720 quod
604 2679 813 2710 eteromeres
840 2673 1050 2721 sapphicum
1080 2674 1287 2708 nominatur
1308 2672 1372 2708 hoc
1391 2672 1494 2707 modo
1514 2671 1560 2706 V.

108 2725 205 2762 Dedi
228 2739 311 2762 mox
330 2726 432 2773 bifido
453 2739 518 2774 pro
535 2728 667 2775 diffido.
745 2734 764 2752 v
786 2728 919 2762 ionicus
939 2739 1021 2762 aves
1040 2738 1184 2761 nemora
1204 2727 1328 2773 silent]
1353 2726 1488 2760 ionicus
1505 2727 1560 2759 ἀπ’

107 2782 279 2821 ἐλάσσονος
300 2784 350 2815 est
366 2780 411 2815 V.
447 2778 520 2817 Qui
542 2779 684 2816 addidit
703 2792 734 2816 c.
755 2792 833 2828 seq.
941 2787 970 2804 w
990 2781 1116 2827 recipit
1135 2779 1272 2825 autem]
1297 2779 1424 2824 recipit
1442 2781 1562 2812 autem

108 2834 141 2867 ιή
159 2834 337 2880 principio
356 2832 405 2869 V.
425 2840 462 2868 et
482 2846 567 2868 mox
589 2845 665 2869 om.
687 2834 828 2868 ultima.
950 2839 970 2858 Χ
990 2831 1264 2878 catalecticum]
1289 2830 1403 2867 Addit
1425 2830 1468 2863 V.
1491 2836 1561 2864 πολι

106 2892 187 2933 φιλη
205 2902 347 2935 κεκροπος
365 2892 525 2935 αυτοφυης
542 2902 666 2929 απικης.
718 2887 747 2921 0
768 2898 849 2932 rege
871 2893 903 2921 te
923 2898 965 2921 ne
973 2886 1103 2933 facilis
1122 2890 1195 2921 esto
1214 2886 1329 2931 magis
1348 2884 1396 2918 ml
1417 2887 1505 2917 tuos.

767 2958 907 3011 Yy2
