1962 3355
370 236 387 271 1
397 226 461 273 06
868 228 1024 274 Marii
1053 227 1295 275 Victorini
1643 244 1740 275 Lm.
1760 243 1814 275 11.

365 348 610 405 clausulas,
635 348 683 395 id
708 359 778 395 est
803 349 1069 396 minuscula
1099 351 1214 405 cola,
1252 350 1472 413 pertinet,
1495 357 1612 412 quot
1647 366 1818 412 genera

365 442 583 471 versuum
623 435 746 481 sunt,
783 426 979 472 totidem
1019 444 1182 472 eorum
1224 426 1436 471 membra
1477 443 1563 488 pro
1597 424 1816 471 clausulis

366 501 476 563 poni
513 513 726 565 possunt,
752 511 799 547 et
824 503 976 547 solent
1012 502 1056 547 in
1092 501 1286 547 canticis
1324 501 1472 564 magis
1498 517 1641 562 quam
1668 499 1818 546 diver-

368 577 470 633 biis,
508 595 613 639 quae
652 595 707 623 ex
752 578 964 624 trimetro
1004 577 1154 640 magis
1193 576 1469 634 subsistunt,
1505 576 1737 631 collocari,
1773 585 1820 621 et

363 653 599 716 praecipue
648 653 771 717 apud
821 654 1057 707 Plautum,
1100 663 1146 699 et
1189 653 1411 699 Naevium
1462 662 1508 699 et
1553 652 1818 698 Afranium.

366 729 495 774 Nam
530 729 576 774 hi
616 730 824 774 maxime
849 746 904 774 ex
932 730 1154 775 omnibus
1190 730 1417 775 membris
1442 746 1680 785 versuum,
1705 728 1819 774 eolis

367 807 424 850 ab
451 805 522 850 his
548 804 786 868 separatiS,
813 805 1005 850 licenter
1031 805 1099 850 usi
1127 805 1422 869 reperiuntur
1446 806 1493 851 in
1521 805 1757 852 clausulis.

659 936 794 985 CAP.
820 935 910 984 lV.
971 936 1055 986 De
1083 936 1319 987 Iambz‘co
1346 945 1526 988 metro.

432 1033 730 1079 Hexametro
755 1033 990 1096 dactylico
1015 1033 1226 1079 trimeter
1250 1034 1481 1081 iambicus
1507 1046 1821 1098 comparatur,

366 1126 507 1170 quem
536 1109 707 1154 Latine
733 1109 969 1155 senarium
994 1109 1313 1166 nominamus,
1331 1111 1473 1157 veluti
1497 1111 1821 1166 hexametron,

367 1202 446 1230 sex
486 1185 612 1230 enim
653 1184 796 1248 pedes
833 1185 1016 1231 iambos
1052 1185 1210 1243 habet,
1246 1197 1299 1232 ut
1333 1187 1411 1232 ille.
1446 1187 1674 1250 dactyIOS‚
1712 1204 1820 1232 eum

331 1284 344 1304 2
367 1271 565 1323 uterque
590 1278 734 1324 purus
761 1277 816 1306 ex
844 1279 891 1306 se
917 1263 1159 1323 figuratur.
1230 1261 1510 1307 iTrimetrus
1548 1271 1702 1307 autem
1743 1279 1823 1324 ap-

367 1337 571 1399 pellatur
596 1354 620 1382 a
647 1337 840 1391 Graeeis,
865 1337 977 1398 quia
1002 1337 1149 1383 tribus
1176 1337 1558 1400 percussionibus
1583 1354 1666 1400 per
1689 1337 1823 1400 dipo-

367 1413 465 1458 (lias
502 1412 710 1458 caeditur.
784 1412 992 1474 Ideoque
1028 1413 1200 1459 dieitur
1223 1422 1270 1458 et
1296 1413 1539 1458 Homerus
1575 1413 1625 1458 in
1661 1412 1825 1458 kMar-

328 1511 344 1539 3
368 1489 464 1551 gite
502 1507 586 1535 suo
612 1488 855 1534 miscuisse
887 1489 971 1534 hos
998 1507 1157 1535 versus
1184 1498 1427 1551 tamquam
1459 1506 1607 1551 pareS.
1662 1488 1823 1550 Hujus

371 1582 589 1609 mensura
625 1582 770 1625 usque
803 1564 858 1609 ad
885 1573 1235 1626 pentametrum
1270 1564 1568 1618 extenditur3
1600 1574 1824 1628 praeterea

371 1649 420 1685 nt
446 1640 640 1685 heroum
671 1649 872 1684 metrum
902 1639 1068 1702 incipit
1094 1658 1118 1685 a
1142 1640 1392 1686 duodecim
1421 1641 1612 1704 syllabis
1637 1649 1684 1687 et
1702 1659 1824 1687 cres-

368 1715 431 1760 eit
458 1715 513 1760 ad
541 1714 898 1777 septemdecim,
924 1715 986 1760 ita
1010 1724 1055 1760 et
1081 1716 1359 1773 iambicum,
1385 1717 1512 1763 velut
1544 1717 1588 1762 in
1625 1717 1697 1762 his
1723 1734 1825 1762 ver-

369 1791 512 1845 sibus,

503 1867 687 1912 Beatus
712 1866 794 1912 ille
819 1868 901 1930 qui
916 1868 1094 1930 procul
1115 1870 1332 1932 negotiis.

371 1944 489 1989 Item
519 1943 859 2005 septemdecim
887 1944 1190 2006 syllabarum,

506 2019 640 2068 Quid
662 2020 747 2073 ais,
772 2019 1020 2081 kkEpiclia,
1047 2020 1350 2084 tibilfiteilior
1374 2022 1468 2068 erit
1491 2040 1638 2068 amor.

332 2111 349 2136 4
369 2094 460 2139 Sed
488 2104 532 2139 et
559 2103 708 2139 tomas
734 2112 850 2156 quas
888 2113 1027 2158 supra
1053 2096 1362 2153 ostendimus,
1399 2097 1443 2143 id
1479 2106 1549 2143 est
1573 2097 1824 2143 divisiones

370 2188 604 2225 versuum,
623 2172 801 2234 recipit,
820 2171 1269 2234 ¹penthemimeren]
1281 2183 1326 2218 et
1342 2174 1824 2237 lieplithemimerem,

333 2265 347 2293 5
370 2245 414 2291 id
453 2256 536 2300 est,
561 2247 823 2308 quinariam
862 2257 909 2292 et
946 2248 1272 2310 septenariam.
1342 2249 1386 2294 E
1418 2249 1591 2311 quibus
1627 2251 1827 2313 penthe-

372 2321 590 2366 mimeres
628 2322 674 2367 in
710 2322 936 2368 trimetris
978 2323 1088 2368 satis
1123 2323 1397 2387 ”probatum
1423 2343 1532 2387 quae
1568 2344 1652 2389 per
1690 2327 1825 2372 binos

371 2397 552 2442 iambos
578 2407 623 2442 et
649 2397 938 2461 semipedem
968 2400 1106 2445 verba
1133 2400 1253 2456 finit,
1281 2410 1332 2446 ut
1356 2409 1442 2456 est,

434 2486 438 2487 ⁷
503 2472 626 2517 Divi
643 2480 862 2534 potentes
867 2473 1012 2538 ferte
1037 2474 1230 2522 lassatis
1253 2493 1399 2538 opem.

372 2547 610 2593 Pessimus
647 2557 804 2593 autem
842 2550 921 2609 qui
960 2550 1143 2613 singula
1172 2553 1313 2598 verba
1347 2552 1391 2597 in
1430 2551 1633 2615 dipodiis
1671 2552 1827 2607 habet,

373 2622 524 2684 qualis
550 2632 635 2679 est,

504 2697 823 2744 Prcesentium
850 2699 1078 2745 divinitas
1103 2700 1370 2747 scelestium.

427 2796 436 2822 i
456 2795 680 2843 Trimetrus]
703 2797 909 2833 Trimetros
931 2798 969 2834 P.
1083 2796 1103 2823 k
1124 2798 1303 2848 Margite]
1323 2799 1496 2849 Margine
1517 2799 1562 2836 P.
1673 2798 1716 2825 kk
1737 2800 1828 2849 Epi-

375 2849 452 2896 dia]
480 2850 523 2885 F.
546 2849 714 2897 Epidiee.
810 2848 820 2875 l
841 2850 1157 2898 penthemimeren
1179 2861 1215 2887 et
1237 2851 1580 2900 hephthemimeren
1602 2853 1641 2888 P.
1673 2855 1826 2901 penthe-

375 2902 546 2937 mimerin
587 2911 623 2938 et
656 2902 993 2951 liephthemimerin
1031 2903 1088 2939 ed.
1128 2905 1234 2939 Cam.
1266 2917 1349 2953 qnae
1387 2917 1471 2940 mox
1510 2905 1826 2954 penthemimeris.

375 2954 394 2980 Π
417 2956 594 3004 probatur
613 2957 714 3004 quae]
740 2956 873 3004 probat
892 2954 956 3004 qni
977 2956 1016 2991 P.
