1962 3355
315 219 406 277 176
814 218 974 265 Marii
1005 216 1250 264 Victorini
1560 227 1656 257 LIB.
1683 226 1758 256 111.

308 341 558 388 dumtaxat
603 358 781 398 sensus,
826 339 1036 393 revulsis,
1083 348 1130 384 et
1174 335 1427 397 cujuslibet
1468 335 1562 379 fine
1602 349 1760 377 versus

310 419 571 465 hexametri
610 425 877 472 connectas,
913 413 1195 479 propagabis
1227 428 1411 457 versum
1453 408 1759 470 hendecasyh

309 492 469 538 labum
495 493 658 538 formae
685 491 887 547 alterius,
912 509 1054 553 quam
1082 500 1152 536 est
1177 489 1269 543 ille,
1295 487 1375 550 qui
1404 487 1617 533 subnexo
1637 485 1762 531 Pha-

309 569 440 615 ]aecio
466 571 707 632 figuratur.
741 568 852 614 Hoc
870 568 1140 630 frequenter
1163 583 1247 611 usa
1271 573 1342 610 est
1367 562 1577 626 Sappho,
1596 561 1675 623 qui
1697 561 1762 606 ita

310 645 571 708 copulatur,

509 717 751 783 Sic-fatur
777 719 1049 771 lacrimans,

310 803 357 841 et
382 793 508 852 salio,

508 869 716 917 Labitur
739 870 853 916 oris.

311 936 450 991 Item,

506 1000 773 1064 Postquam
796 1018 875 1047 res
898 1000 1034 1046 Asice
1058 1015 1274 1064 quoerere
1299 1006 1471 1046 terras.

274 1123 290 1144 2
308 1098 436 1144 Nam
464 1098 494 1128 ff
507 1098 736 1162 semipedi
772 1099 854 1161 qui
890 1108 1100 1163 superest
1131 1098 1370 1161 sequentis
1395 1097 1583 1145 dimetri
1610 1096 1764 1161 prima

311 1176 491 1238 syllaba
532 1175 717 1222 adnexa
764 1175 1029 1239 spondeum
1077 1175 1290 1221 medium
1339 1174 1484 1221 dabit.
1555 1175 1763 1227 Quartus

309 1252 610 1314 pyrrhichius
647 1253 750 1309 erit,
775 1253 989 1309 ultimus,
1012 1259 1066 1297 ut
1097 1252 1189 1297 fors
1226 1250 1401 1305 tulerit,
1427 1259 1508 1297 aut
1531 1249 1764 1296 trochaeus

273 1337 391 1384 3aut
427 1328 662 1391 spondeus
699 1328 967 1391 reperietur.
1038 1327 1178 1380 Quod
1211 1344 1359 1390 genus
1398 1327 1533 1372 metri
1572 1343 1630 1372 ex
1667 1343 1764 1371 uuo

310 1421 444 1449 versu
470 1405 660 1450 formari
690 1405 876 1468 poterit,
902 1405 983 1450 illo
1006 1404 1271 1459 dumtaxat,
1297 1404 1371 1450 cui
1408 1405 1588 1467 primus
1625 1419 1766 1465 spon-

310 1480 442 1537 deus,
479 1489 531 1526 ut
568 1497 721 1544 supra,
750 1481 914 1543 [gsed]
954 1498 1154 1542 sequens
1193 1480 1253 1526 sit
1288 1480 1521 1543 dactylus,
1558 1477 1764 1541 demptis

312 1556 480 1603 mediis
505 1557 653 1603 tribus
679 1567 760 1604 aut
785 1567 1009 1619 quattuor
1034 1556 1240 1619 syllabis,
1265 1566 1526 1619 tamquam,

511 1633 581 1679 At
604 1634 774 1696 regina
795 1633 942 1696 gravi
964 1632 1130 1678 saucia
1156 1649 1285 1678 cura.

508 1709 774 1772 Postquam
798 1726 877 1755 res
899 1708 1033 1754 Asiae
1055 1715 1243 1754 vertere
1262 1715 1472 1772 gentem.

274 1784 362 1836 4Si
388 1793 545 1831 tamen
574 1786 619 1831 in
646 1803 780 1832 versu
813 1787 1093 1832 novissimos
1126 1787 1243 1833 duos
1280 1786 1421 1850 pedes
1457 1786 1627 1848 integri
1663 1802 1767 1830 sen-

313 1879 388 1907 sus
413 1860 635 1917 invenies,
660 1860 816 1924 hquod
841 1880 943 1908 raro
968 1863 1217 1926 contingit,
1242 1862 1368 1909 idem
1395 1863 1486 1909 hoc
1520 1861 1768 1925 ipraedieta

310 1937 714 2001 penthemimeres
752 1938 1014 1985 hexametri
1040 1949 1183 1995 tome,
1209 1948 1255 1985 et
1280 1939 1483 1985 iambica
1508 1938 1630 1984 basis
1655 1955 1765 1983 cum

314 2014 568 2078 semipede,
594 2013 728 2077 kquae
765 2014 958 2078 adaeque
993 2015 1398 2079 penthemimeres
1434 2015 1602 2061 incisio
1630 2013 1767 2060 metri

314 2091 506 2138 iambici
533 2101 616 2148 est,
641 2090 873 2138 ¹subnexa
898 2093 1123 2157 superiori
1150 2092 1348 2140 efficiet:
1388 2102 1454 2150 ut,

314 2243 338 2288 Ι
516 2176 723 2224 Carmen
746 2179 973 2226 Pierides
995 2187 1188 2227 struunt
1210 2197 1411 2227 sorores.

343 2252 455 2296 tem,

515 2307 727 2355 Silenum
754 2309 969 2357 Bromiis
992 2312 1174 2358 dabunt
1199 2312 1393 2358 choreis

278 2394 443 2441 5Nam
485 2394 699 2442 Silenum
735 2398 948 2445 Bronziis
983 2400 1245 2446 hexametri
1288 2409 1359 2447 est
1396 2414 1540 2456 tome,
1575 2405 1771 2446 struunt

315 2488 519 2527 sorore3‚
544 2472 791 2519 miambici.
859 2474 924 2520 At
959 2476 993 2520 si
1032 2476 1197 2522 eadem
1229 2485 1374 2533 tome,
1397 2475 1454 2522 de
1487 2493 1581 2538 qua
1616 2493 1769 2522 sermo

317 2558 402 2605 est,
427 2549 484 2594 ab
511 2549 787 2596 hexametro
812 2550 973 2608 divisa,
1004 2562 1276 2615 sequentem
1304 2570 1462 2598 versus
1500 2551 1630 2613 nejus
1665 2569 1771 2615 par-

317 2633 416 2671 tem
446 2624 595 2670 tribus
631 2625 849 2672 trochaeis
886 2628 1115 2690 perficias,
1147 2641 1350 2675 metrum
1386 2628 1510 2674 haud
1547 2628 1769 2674 indecens

373 2772 388 2799 f
405 2773 494 2820 alio]
518 2773 586 2809 alia
609 2774 650 2810 P.
788 2772 816 2800 ff
834 2774 1029 2824 semipedi]
1055 2775 1244 2824 semipede
1266 2777 1306 2812 P.
1448 2782 1469 2810 g
1488 2775 1569 2822 sed]
1592 2789 1631 2812 se
1654 2776 1770 2822 (inter

318 2826 406 2876 lin.)
428 2827 468 2862 P.
578 2825 599 2852 h
620 2827 737 2876 quod]
762 2827 824 2876 qui
848 2828 886 2863 P.
998 2826 1008 2853 i
1031 2828 1222 2876 praedicta]
1248 2837 1331 2877 post
1350 2828 1448 2865 dicta
1464 2829 1504 2864 Ρ.
1625 2827 1646 2854 k
1667 2828 1766 2877 quae]

319 2879 382 2929 qui
405 2880 444 2916 P.
585 2878 595 2905 1
616 2880 800 2930 subJecta]
822 2881 985 2917 subnexa
1005 2881 1044 2917 P.
1188 2889 1218 2907 m
1239 2881 1400 2918 iambici.
1430 2883 1495 2929 At]
1522 2881 1642 2917 Iainbi
1663 2882 1707 2918 ad
1728 2882 1769 2918 P.

319 2940 339 2958 n
358 2934 454 2982 ejus]
476 2931 600 2983 sepius
621 2933 660 2969 P.
