1962 3355
120 177 225 208 CAP.
247 172 289 208 2.
542 162 628 208 De
654 160 832 208 Metris
862 161 1141 209 Oratorum.
1476 172 1566 221 391

186 283 536 337 eQuintilianus
562 283 608 329 in
634 291 730 329 arte
754 282 814 329 de
837 284 1047 329 numeris
1072 292 1120 329 et
1144 291 1377 329 structura
1394 284 1577 329 Demo-

121 359 300 406 sthenis
331 359 396 406 sic
421 359 559 405 dicit:
597 364 626 386 ‘⁶
645 358 776 405 Nam
803 376 858 404 eo
884 360 938 404 fit
963 368 1014 405 ut
1041 359 1383 405 Demosthenis
1419 376 1578 405 severa

120 441 151 461 ‘⁶
177 435 391 482 videatur
409 435 705 499 compositio,
722 434 826 487 froc}
845 440 942 486 θεοῖς
960 435 1129 496 εὔχομαι
1149 443 1250 481 πᾶσι
1268 434 1334 481 καὶ
1349 438 1517 492 πάσαις,
1531 445 1579 481 et

119 518 147 538 ‘⁶
173 512 266 567 illa,
291 512 417 574 quod
445 514 502 559 ab
523 530 634 569 uno,
654 511 778 575 quod
805 511 968 568 sciam,
987 512 1139 558 Bruto
1161 511 1319 557 minus
1335 514 1578 576 probatur,

122 597 149 616 ‘⁶
175 589 339 635 ceteris
364 590 534 653 placet,
560 588 662 636 ἕκᾶἶν
685 591 801 650 μήπω
826 591 971 653 βάλλῃ
992 590 1093 647 μηδὲ
1119 588 1295 652 τῡξεῦῃ.”
1365 588 1503 634 Idem
1530 589 1576 634 in

122 664 245 711 halio
266 667 369 712 loco
387 667 479 713 sic:
506 673 535 693 “
553 666 687 713 Talia
707 675 818 712 sunt
834 665 1178 712 Demosthenis
1203 664 1322 711 ἰπᾶσι
1343 665 1409 710 καὶ
1428 668 1580 717 mio-mg

122 750 150 768 “
174 743 239 788 καὶ
257 751 378 788 πᾶσιν
397 744 500 804 ὑμῖν.
533 743 598 789 Et
613 761 734 807 pene
751 752 903 789 totum
924 742 1252 805 principium.''
1277 742 1332 788 In
1349 741 1470 788 kalio
1485 741 1551 788 sic
1569 761 1579 788 ε

122 825 151 846 “
175 819 264 865 Est
287 829 333 866 et
357 820 624 875 dochmius,
650 821 729 883 qui
754 822 807 866 fit
831 837 889 866 ex
915 819 1113 866 bacchio
1138 829 1185 865 et
1215 819 1389 873 iambo,
1416 820 1488 865 vel
1523 836 1582 865 ex

123 903 150 922 “
176 896 334 942 iambo
351 907 397 942 et
418 897 607 954 cretico,
626 897 805 943 stabilis
829 897 874 942 in
893 896 1114 943 clausulis
1132 906 1178 941 et
1195 913 1394 942 severus.
1430 896 1584 959 Spon-

122 978 149 998 “
174 971 289 1018 deus
314 991 502 1035 quoque
528 990 622 1034 quo
649 973 907 1036 plurimum
936 983 1007 1018 est
1032 973 1385 1019 Demosthenes
1413 971 1562 1018 usus.''

188 1048 470 1096 1Di0medes
519 1050 585 1096 sic
632 1049 748 1096 dicit
789 1049 835 1095 in
877 1050 995 1095 libro
1031 1049 1282 1095 msecundo
1314 1049 1424 1095 artis
1462 1066 1583 1095 suae:
1606 1067 1638 1087 11

123 1131 151 1152 ‘⁶
175 1125 328 1188 Igitur
364 1126 599 1189 spondeus
636 1144 661 1172 e
696 1125 879 1171 duabus
917 1125 1109 1187 syllabis
1148 1125 1301 1187 longis
1343 1134 1479 1188 aptus
1515 1133 1585 1170 est

123 1209 150 1228 “
175 1203 412 1259 clausulis,
429 1202 647 1264 qualibus
670 1202 878 1247 maxime
895 1201 1249 1247 Demosthenes
1271 1200 1433 1256 utitur,
1452 1209 1585 1246 Ππᾶσι

122 1285 150 1304 “
175 1277 241 1324 καὶ
265 1281 417 1330 πάσαις
453 1278 517 1324 καὶ
551 1287 673 1324 πᾶσιν
702 1278 805 1338 ὑμῖν.
877 1277 1041 1322 Habet
1065 1277 1191 1322 enim
1233 1294 1395 1339 graves
1432 1294 1586 1330 sonos,

122 1360 148 1380 ‘⁶
176 1356 415 1417 finemque
442 1372 619 1410 sensus,
644 1363 690 1400 et
714 1354 938 1400 clausulae
971 1355 1128 1398 firmas
1167 1352 1298 1398 sedes
1325 1353 1587 1407 constituit,

123 1437 150 1457 “
175 1440 227 1477 ut
261 1430 534 1493 reipublicae
570 1447 755 1485 caussa,
794 1436 840 1476 et
881 1447 1017 1476 arma
1051 1430 1248 1492 sumpsi,
1282 1437 1327 1476 et
1364 1447 1462 1476 esse
1496 1447 1588 1492 pro

123 1513 150 1533 ‘⁶
173 1508 319 1554 nobis.
392 1507 592 1554 Gravior
617 1517 687 1554 est
714 1517 870 1554 autem
911 1507 1052 1571 longa
1086 1506 1267 1570 syllaba
1293 1506 1589 1570 praecedente

124 1592 151 1611 ‘⁶
177 1603 320 1647 quam
360 1585 515 1631 brevi:
554 1585 688 1631 aliter
722 1585 848 1631 enim
889 1595 1023 1630 sonat
1058 1601 1194 1630 arma
1231 1584 1423 1646 sumpsi,
1457 1585 1590 1630 aliter

126 1668 154 1689 “
180 1670 311 1708 ⁰esse
331 1680 422 1724 pro
446 1663 614 1709 nobis.''

192 1738 358 1784 Cicero
396 1738 454 1784 ad
488 1739 817 1785 PHerennium
859 1739 905 1783 in
946 1748 1042 1784 arte
1080 1739 1145 1784 sic
1181 1738 1299 1801 Ἷπερὶ
1334 1739 1588 1800 ὑπερβάτουι
1615 1767 1647 1787 ιε

127 1822 153 1840 “
174 1814 520 1874 Hujuscemodi
549 1815 839 1876 transjectio,
865 1831 971 1876 quae
1000 1831 1096 1859 rem
1125 1833 1217 1860 non
1244 1815 1398 1861 reddit
1421 1816 1592 1862 obscu-

128 1900 154 1917 “
181 1908 296 1946 ram,
324 1891 526 1936 multum
562 1891 769 1954 proderit
808 1890 861 1936 ad
901 1890 1297 1946 continuationes,
1323 1892 1381 1937 de
1417 1893 1590 1954 quibus

128 1975 155 1993 ‘⁶
183 1978 291 2012 ante
328 1966 507 2012 dietum
545 1978 642 2013 est:
681 1967 737 2013 de
771 1967 944 2029 quibus
980 1978 1167 2031 oportet
1192 1969 1333 2014 verba
1359 1969 1494 2015 sicuti
1533 1969 1590 2016 ad

128 2051 153 2070 “
180 2044 416 2107 poeticam
450 2054 664 2090 extruere
698 2060 969 2097 numerum,
999 2053 1048 2089 ut
1084 2046 1290 2108 perfecte
1315 2054 1362 2091 et
1398 2054 1591 2109 rperpo-

128 2128 155 2147 “
183 2121 398 2166 litissime
425 2121 609 2184 possint
634 2138 732 2166 esse
759 2120 1025 2166 absolutae.”

194 2198 270 2243 De
307 2197 532 2253 numeris,
559 2197 602 2242 id
637 2206 706 2242 cst
740 2196 797 2242 de
835 2199 1098 2249 structuris,
1131 2198 1227 2244 sive
1251 2198 1309 2244 de
1341 2199 1592 2246 continua-
1617 2229 1650 2258 13

127 2276 271 2332 tione,
298 2276 394 2321 sive
430 2275 488 2321 de
524 2274 871 2337 compositione
908 2274 1099 2321 SCicero
1137 2275 1203 2321 sic
1240 2274 1381 2321 dicit:
1418 2275 1593 2322 “Lon-

128 2359 155 2378 “
181 2353 373 2415 gissima
415 2363 485 2397 est
526 2352 668 2415 igitur
707 2351 978 2415 complexio
1018 2353 1283 2407 verborum,
1321 2370 1443 2414 quae.
1467 2353 1591 2403 volvi

127 2435 154 2455 ‘⁶
179 2447 274 2475 uno
301 2429 467 2492 spiritu
503 2438 684 2493 potest:
722 2429 802 2475 sed
842 2429 917 2475 hic
955 2441 1133 2476 naturae
1171 2429 1340 2475 modus
1371 2438 1455 2485 est,
1480 2429 1590 2475 artis

182 2537 198 2565 f
214 2542 456 2580 τοῖς-πάσαις
470 2552 546 2576 om.
562 2540 656 2576 ven.
731 2547 752 2575 g
771 2539 997 2585 κᾶν-τοξεύη
1014 2554 1089 2577 om.
1106 2540 1204 2577 Ven.
1216 2538 1277 2576 κᾶν
1295 2543 1389 2587 μήπω
1408 2542 1592 2587 βαλλοίμην

129 2594 207 2628 αὐτὸ
226 2595 280 2637 ζῆν
300 2592 383 2628 Ald.
536 2591 557 2618 h
578 2592 652 2628 alio
674 2593 774 2641 loco]
798 2593 845 2630 ib.
867 2608 894 2629 S.
919 2604 981 2642 73.
1139 2592 1150 2619 i
1169 2595 1400 2641 πᾶσι-ὑμῖν]
1425 2595 1461 2630 τὸ
1480 2597 1543 2641 ’γὰρ
1559 2592 1591 2629 εἶ

127 2648 282 2692 πράττειν
309 2647 399 2693 παρὰ
419 2646 476 2688 τὴν
495 2644 592 2686 ἀξίαν
610 2647 740 2694 ἀφῡρμῆ
761 2653 814 2682 τοῦ
834 2652 939 2688 κακῶς
966 2652 1087 2696 φρονεῖν
1115 2652 1180 2688 τοῖς
1208 2647 1349 2690 ἀνοήτοις
1376 2649 1514 2695 γίνεται.
1546 2650 1598 2683 ’δεῖ

128 2700 163 2742 δὴ
184 2702 356 2746 χρημάτων
377 2700 431 2733 καὶ
452 2697 526 2733 ἄνευ
545 2702 654 2734 τοῦτον
673 2702 756 2735 οἰδέν
775 2704 849 2735 ἐστι
868 2702 1022 2747 ’γενέσθαι
1041 2706 1102 2736 τῶν
1121 2701 1249 2737 δεόντων
1271 2701 1363 2736 Ven.
1455 2698 1475 2726 k
1496 2700 1586 2747 alio]

130 2752 179 2788 ib.
202 2765 231 2789 5.
252 2763 314 2800 97.
443 2749 455 2777 l
474 2751 697 2799 Diomedes]
720 2752 804 2788 Lib.
824 2754 876 2789 ΙΙ.
897 2767 932 2802 p.
955 2755 1047 2802 465.
1171 2760 1204 2779 m
1219 2753 1402 2800 secundo]
1427 2766 1471 2789 x1
1492 2754 1589 2789 Ven.

132 2813 153 2831 n
172 2811 256 2841 πᾶσι
276 2813 346 2841 etc.
367 2817 441 2840 om.
463 2805 560 2841 Ven.
705 2811 723 2831 o
743 2818 822 2842 esse
842 2820 918 2843 om.
942 2808 1036 2843 Ven.
1059 2807 1142 2843 Ald.
1288 2815 1307 2842 P
1330 2806 1585 2852 Herennium]

132 2858 218 2895 Lib.
242 2859 310 2894 IV.
333 2871 364 2894 c.
387 2870 450 2905 32.
534 2864 554 2892 q
573 2859 640 2904 περὶ
659 2860 838 2906 ὑπερβάτου
857 2873 931 2895 om.
954 2861 1047 2896 Ven.
1074 2860 1135 2909 qui
1158 2873 1242 2896 mos
1262 2861 1411 2908 poterit..
1486 2866 1502 2885 ¹·
1519 2872 1590 2908 po-

133 2911 318 2958 litissime]
342 2910 586 2961 ppolitissime
606 2911 701 2946 Ven.
813 2918 827 2937 S
849 2912 996 2961 Cicero]
1021 2914 1080 2950 De
1101 2915 1206 2949 Orat.
1228 2914 1298 2949 111.
1320 2924 1384 2959 47.
