1962 3355
350 178 435 218 582
862 179 1126 234 Scriptorum
1146 179 1300 233 aliquot

350 301 462 344 soepe
488 301 610 343 pceue
640 288 707 328 vel
732 301 783 328 eoe
812 287 898 338 hoc,
929 287 994 328 vel
1021 301 1072 327 ea*
1099 287 1195 327 illo:
1227 288 1312 327 uisi
1337 287 1445 342 quod
1471 286 1802 342 Wtemperatissi-

351 369 444 395 mus
447 356 510 409 fit
530 356 749 410 utriusque
768 356 971 404 mixtura,
994 369 1118 410 quam
1137 355 1175 395 si
1196 356 1439 395 instruatur
1460 362 1513 393 Xa
1533 354 1734 409 singulis.

425 419 573 477 Refert
621 423 926 476 Hieronymus,
966 423 1172 462 canticum
1213 422 1527 461 Deuteronomii
1569 421 1803 460 hexametro

352 503 475 530 versu
505 503 589 529 esse
617 490 908 544 conscriptum,
940 503 1032 544 quoe
1066 489 1268 543 yMoyses
1307 489 1430 544 longe
1465 494 1560 528 aute
1596 488 1800 541 Pherecy-

351 558 441 597 dem
465 563 504 597 et
530 558 762 597 Homerum
790 556 983 595 cecinisse
1011 557 1287 595 certissimum
1317 561 1392 595 est.
1458 555 1576 595 Unde
1606 561 1644 595 et
1673 569 1803 609 appa-

352 631 429 676 ret,
441 624 557 680 apud
577 624 782 663 Hebraeos
804 631 821 649 z
829 623 1046 678 antiquius
1049 623 1199 676 sitisse
1214 622 1402 662 studium
1416 624 1665 673 carminum,
1678 636 1802 678 quam

351 692 467 747 apud
490 691 685 747 gentiles.
756 689 872 730 aSed
901 695 938 729 et
967 689 1046 729 Job
1082 689 1227 744 *Moysi
1259 689 1508 744 temporibus
1542 689 1800 743 adcequatus‚

353 758 540 814 bdactylo
557 756 808 813 spondioque
827 756 1023 796 decurrit.
1084 756 1246 796 Psalmi
1273 771 1427 811 quoque
1456 755 1605 796 David
1635 756 1800 795 ctrime-

352 832 416 865 tro
437 831 474 865 et
494 830 730 865 tetrametro
756 824 902 879 scripti
925 829 1025 863 suut
1046 837 1182 863 versu.
1233 824 1512 864 Heoeametros
1533 829 1670 863 autem
1689 822 1804 877 apud

352 892 527 932 Latinos
553 893 739 947 primum
752 892 914 944 jecisse
933 891 1107 930 Ennius
1138 891 1341 941 traditur,
1363 904 1505 946 eosque
1533 891 1678 946 longos
1708 889 1804 930 dvo-

349 960 472 999 cavit.
1126 1005 1136 1015 ι

409 1026 665 1075 Bucolicum,
697 1026 743 1065 id
775 1031 836 1066 est
862 1026 1091 1081 pastorale,
1125 1039 1291 1065 carmen
1322 1025 1511 1080 plerique
1547 1025 1805 1079 eSgyracusis

344 1094 488 1149 primo
510 1092 784 1149 fcoupositum
805 1094 1051 1148 opinantur,
1074 1107 1155 1133 non
1175 1093 1282 1132 uulli
1304 1092 1638 1132 gLacedcemoue.
1673 1092 1806 1131 Nam-

351 1176 429 1216 que
444 1167 710 1216 transgresso
731 1160 751 1188 h
766 1161 811 1200 iu
831 1161 994 1200 Grcecia
1009 1161 1063 1199 X
1060 1174 1171 1209 eroee,
1189 1174 1287 1215 rege
1304 1160 1548 1208 Persarum,
1563 1173 1655 1199 cum
1672 1160 1806 1214 Spar-

354 1234 464 1268 tana:
494 1229 686 1284 virgines
717 1227 813 1268 isub
833 1228 977 1268 hostile
1006 1234 1115 1268 metu
1150 1241 1277 1282 neque
1299 1226 1478 1282 kegrecli
1506 1227 1646 1266 urbem
1679 1240 1806 1282 neque

348 1310 545 1351 pompam
578 1296 824 1352 chorumque
853 1301 1061 1352 agrestem
1103 1293 1285 1335 ¹Diance
1316 1294 1365 1334 de
1404 1307 1514 1333 more
1546 1300 1805 1334 exercerent:

356 1363 477 1403 turba
504 1369 738 1418 pastorum,
766 1377 816 1403 ue
842 1364 1000 1418 relegio
1033 1363 1323 1418 mprceteriret,
1355 1361 1557 1401 neundem
1588 1375 1710 1401 usum
1739 1362 1806 1400 iu-

353 1430 529 1471 couditis
554 1430 744 1470 cautibus
770 1430 1039 1470 celebrarunt.

411 1606 439 1624 W
470 1599 800 1646 temperatissimus]
836 1598 961 1633 Etiam
996 1596 1054 1632 hic

357 1652 469 1688 MSS.
501 1651 588 1687 Isid.
629 1664 712 1687 cum
754 1658 881 1686 nostro
918 1657 1052 1686 errant.

357 1706 457 1741 Nam
492 1717 534 1740 ex
572 1704 656 1740 edd.
688 1703 963 1739 emendandum
998 1711 1054 1739 est

357 1759 599 1805 temperatius.
642 1757 797 1793 HEUS.

411 1818 431 1837 Χ
451 1824 472 1846 a
499 1811 666 1857 singuiis]
702 1810 787 1846 MS.
819 1811 866 1845 ad
894 1810 1054 1856 singulis.

350 1865 509 1915 ¹HEUS.

411 1925 431 1952 Y
452 1918 611 1964 Moyses]
639 1916 740 1966 Lege
758 1917 918 1963 Moysen.
945 1915 1053 1951 Conf.

359 1970 488 2007 Isidor.
512 1984 546 2019 p.
564 1970 654 2017 852.
672 1982 720 2005 vs.
739 1979 800 2017 52.
843 1969 997 2005 HEUS.

412 2031 429 2049 z
451 2025 650 2071 antiquius]
691 2023 774 2059 MS.
807 2024 1057 2069 antiquiorem.

361 2077 516 2113 HEUS.

413 2137 431 2156 a
454 2130 527 2166 Sed
546 2135 579 2165 et
603 2129 691 2176 Job]
721 2126 902 2164 Isidorus:
937 2129 1056 2176 Siqui-

360 2185 435 2219 dem
457 2189 491 2219 et
510 2183 592 2219 Job.
633 2182 786 2218 HEUS.

413 2234 434 2263 b
449 2238 592 2284 dactylo
611 2235 842 2283 spondioque]
866 2234 998 2270 Isidor.
1020 2248 1056 2284 p.

363 2290 451 2337 852.
469 2302 517 2325 vs.
530 2300 591 2337 57.
604 2288 707 2324 addit
722 2289 926 2324 hexametro
941 2300 1055 2330 versa,

362 2356 443 2390 quae
475 2343 583 2378 verba
615 2349 740 2377 noster
769 2341 867 2377 haud
905 2349 1056 2384 temere,

361 2395 507 2445 opinor,
529 2394 665 2431 omisit.
707 2394 861 2430 HEUS.

417 2455 433 2474 ‘⁵
462 2449 621 2483 trimetro
649 2452 683 2482 et
715 2446 940 2493 tetrametro]
971 2446 1057 2481 MS.

365 2503 567 2536 trimetrum
589 2505 623 2535 et
642 2505 761 2535 cetera
780 2505 906 2534 metro.
947 2498 1058 2535 Conf.

363 2553 494 2590 Isidor.
542 2551 607 2589 lib.
643 2553 712 2588 VI.
759 2564 792 2588 c.
826 2564 859 2588 2.
899 2565 934 2600 p.
969 2561 1059 2599 953.

364 2606 516 2643 HEUS.

418 2658 438 2686 cl
456 2659 610 2705 vocavit]
634 2657 723 2695 Isid.
755 2671 789 2706 p.
806 2658 894 2706 852.
923 2670 975 2693 vs.
1000 2668 1061 2706 25.

364 2718 493 2750 vocat:
515 2713 601 2748 MS.
619 2710 899 2760 antiquissimus
918 2717 1059 2748 vocant.

368 2767 522 2803 HEUS.

420 2826 436 2845 e
457 2818 663 2867 Syracusis]
692 2818 777 2853 MS.
809 2830 830 2852 a
863 2818 1061 2864 Syracusis.

367 2872 524 2909 HEUS.

419 2924 435 2951 f
452 2924 687 2973 conpositum]
719 2923 884 2961 Isidorus
913 2937 948 2973 p.
973 2925 1059 2971 853.

1103 1430 1387 1485 Appellaruut
1416 1435 1553 1469 autem
1584 1428 1806 1469 bucolicum

1111 1609 1162 1632 vs.
1183 1608 1240 1631 20.
1273 1604 1404 1645 praeter
1435 1597 1691 1632 necessitatem
1715 1596 1806 1645 adji-

1109 1648 1160 1685 cit
1179 1663 1201 1684 α
1219 1649 1434 1696 pastoribus.
1476 1649 1629 1685 HEUS.

1163 1709 1184 1736 g
1216 1702 1485 1748 Lacedaemone]
1521 1702 1606 1738 MS.
1641 1702 1809 1737 Lacedoe-

1110 1767 1258 1790 monem.
1294 1755 1445 1790 HEUS.

1164 1807 1185 1834 h
1206 1810 1241 1843 in
1267 1809 1405 1843 Graecia
1426 1807 1564 1855 Xerxe]
1591 1807 1754 1843 Isidorus
1774 1809 1809 1842 in

1117 1863 1307 1897 Thraciam
1326 1861 1463 1897 Xerxe:
1486 1862 1571 1897 MS.
1587 1860 1718 1897 Isidori
1736 1861 1810 1908 pri-

1115 1914 1248 1950 marius
1266 1917 1301 1950 in
1323 1915 1476 1950 Thracia
1494 1915 1624 1950 Xerxe.
1658 1914 1810 1950 HEUS.

1167 1967 1177 1994 i
1196 1969 1260 2004 sub
1281 1969 1408 2004 hostile
1428 1969 1541 2015 metu]
1576 1968 1646 2003 Pro
1675 1967 1811 2009 hostile,

1115 2021 1150 2057 in
1174 2021 1273 2070 quod
1293 2028 1449 2058 vetustae
1470 2020 1604 2057 Isidori
1626 2020 1810 2056 membra·

1115 2088 1172 2111 nae
1191 2087 1276 2111 curn
1306 2073 1399 2110 libro
1429 2082 1556 2109 nostro
1585 2072 1811 2121 conspirant,

1114 2128 1174 2164 alii
1195 2128 1379 2164 dederunt
1399 2128 1528 2162 hostili.
1571 2127 1728 2163 HEUS.

1168 2179 1188 2206 k
1218 2182 1337 2228 egredi
1368 2181 1509 2228 urbem]
1548 2181 1659 2230 Apud
1694 2179 1812 2215 Isido-

1114 2248 1193 2271 rum
1229 2233 1352 2270 editur
1386 2235 1506 2280 egredi
1539 2235 1659 2268 urbem
1701 2234 1812 2268 aude-

1113 2294 1203 2330 rent,
1220 2287 1283 2323 sed
1299 2287 1410 2322 MSS.
1425 2288 1599 2322 auderent
1618 2284 1810 2321 omittunt.

1116 2341 1268 2377 HEUS.

1167 2391 1332 2428 lDianae
1362 2393 1405 2427 de
1434 2392 1548 2438 more]
1585 2391 1672 2427 Hoc
1705 2398 1813 2427 tuen-

1115 2454 1175 2482 tur
1209 2446 1319 2481 etiarn
1358 2446 1471 2481 MSS.
1520 2443 1668 2487 Isidori,
1708 2443 1813 2490 cujus

1115 2498 1286 2541 editores,
1308 2499 1492 2535 deteriora
1517 2495 1737 2547 exemplaria
1756 2509 1814 2533 se-

1116 2550 1202 2595 cuti,
1232 2552 1472 2602 vulgaverunt
1494 2552 1626 2586 Dianae
1651 2552 1724 2586 dece
1743 2563 1814 2597 pro

1117 2617 1225 2641 more.
1268 2605 1424 2641 HEUS.

1172 2665 1202 2683 m
1227 2658 1447 2706 proeteriret]
1487 2656 1596 2706 Apud
1629 2655 1814 2692 Isidorum

1112 2713 1259 2760 periret,
1291 2711 1412 2747 invitis
1444 2710 1634 2747 codicibus
1665 2709 1812 2750 nostris,

1117 2764 1324 2801 ediderunt.
1365 2764 1519 2800 HEUS.

1171 2825 1191 2843 n
1211 2820 1359 2854 eundem
1379 2819 1497 2865 usum]
1529 2818 1610 2852 Vox
1636 2828 1737 2851 usum
1768 2815 1814 2851 ab

1118 2871 1250 2907 Isidori
1276 2869 1543 2920 exemplaribus
1572 2877 1670 2906 recte
1699 2869 1813 2905 abest.

1119 2924 1271 2960 HEUS.
