1962 3355
100 195 205 225 CAP.
228 190 302 226 28.
558 180 643 226 De
666 180 832 226 metris
860 178 1076 224 Horatii.
1455 183 1548 221 355

100 299 245 347 Nasci
273 312 431 348 autem
460 301 643 347 videtur
668 302 726 347 ab
750 300 945 347 Alcaico
971 297 1408 361 Shendecasyllabo,
1576 304 1612 335 16

285 374 418 433 ῗΩναξ
437 376 645 425 Ἀπόλλων
667 384 747 424 παῖ
762 378 930 438 μεγάλω
954 375 1067 427 Διός.

99 453 178 509 Et,

278 530 394 570 Vides
415 536 462 570 ut
482 530 569 569 alta
589 534 666 570 stet
684 530 781 569 nive
801 528 1040 568 candidum.

102 602 263 664 Hujus
300 603 336 648 si
373 602 577 666 primam
623 603 851 666 syllabam
894 601 941 647 in
984 599 1210 647 ultimum
1248 596 1558 654 transtuleris,

100 679 241 724 facies
269 678 716 742 hendecasyllabum
746 677 1059 742 Sapphicum,

271 755 341 794 des
361 761 408 794 ut
428 755 515 795 alta
535 761 613 795 stet
632 756 729 795 nive
748 754 972 795 candidum
993 754 1048 793 υἱ.

102 828 284 880 Quarto
309 828 415 873 loco
434 827 644 874 clausula
669 838 739 875 est
762 827 1026 875 hexametri
1052 844 1110 872 ex
1132 825 1324 889 dactylo
1349 834 1395 871 et
1420 841 1561 888 spon-

100 906 205 958 deo,
234 914 286 949 ut
311 912 396 961 est,

276 982 453 1021 Primus
472 982 522 1022 ab
542 982 643 1021 oris.

101 1053 328 1117 Denique
354 1055 388 1100 si
420 1055 541 1101 lianc
577 1054 714 1100 tollas
751 1063 797 1100 et
835 1053 1151 1100 Horatianam
1188 1052 1396 1113 adjicias,
1419 1051 1561 1097 facies

103 1129 339 1193 integrum
369 1131 717 1186 hexametrum,

274 1207 407 1246 Arma
429 1207 646 1261 vio-nmque
666 1219 769 1245 cano
797 1205 943 1259 Trojce
962 1206 1033 1260 qui
1056 1207 1209 1246 terruit
1228 1206 1383 1245 urbem.

102 1278 283 1325 Eadem
329 1279 539 1324 clausula
583 1288 629 1323 et
670 1277 716 1323 in
756 1277 1089 1340 anapaesticam
1135 1278 1381 1341 syzygiam
1425 1276 1564 1334 cadit,
1586 1299 1623 1331 17

102 1372 210 1400 nam
252 1355 287 1400 si
317 1354 493 1418 jungas
531 1355 654 1401 banc
691 1353 757 1400 illi
783 1354 1057 1417 Virgilianae
1091 1353 1347 1400 dimetrum
1382 1371 1566 1418 anapae-

104 1431 276 1477 sticum
302 1431 462 1486 facies,
488 1440 555 1488 ut,

274 1508 450 1548 Primus
469 1508 521 1547 ab
541 1509 627 1547 oris
650 1508 802 1548 terruit
821 1508 979 1548 urbem.

105 1581 228 1627 Haec
254 1580 419 1627 eadem
448 1581 589 1626 babet
616 1580 995 1627 choriambicum
1021 1580 1257 1627 dimetron
1288 1584 1565 1644 hypercata-

105 1657 275 1703 lecton.

254 1766 312 1820 [Ι.
334 1767 392 1820 3.]
430 1767 504 1807 Sic
525 1772 562 1806 te
583 1767 682 1806 diva
695 1772 846 1821 potens
870 1767 1020 1822 Cypri,
1590 1782 1626 1811 18

430 1834 682 1887 Sicjintres
702 1834 877 1873 Helenoe
897 1835 1036 1874 lucrida
1056 1834 1222 1889 sydera.

105 1904 265 1949 Tertia
306 1901 395 1947 ode
435 1901 613 1948 dicolos
656 1910 742 1956 est,
781 1901 923 1947 babet
964 1902 1170 1965 primum
1215 1901 1563 1964 octosyllabum

105 1978 496 2034 Anacmontium,
539 1994 680 2040 quem
730 1986 777 2023 et
824 1978 1144 2041 Glyconicum
1194 1987 1380 2034 vocant,
1423 1977 1567 2023 habet

106 2055 338 2118 originem
366 2055 424 2100 ab
452 2054 611 2108 heroo,
637 2063 822 2100 constat
847 2072 905 2099 ex
939 2054 1149 2117 spondeo
1175 2065 1221 2101 et
1246 2054 1431 2100 duobus
1456 2053 1563 2100 dac-

105 2132 231 2195 tylis.
302 2131 435 2177 Huic
473 2130 510 2176 si
553 2129 728 2193 jungas
768 2130 1151 2193 heptasyllaburn
1193 2130 1566 2187 Pherecratium,

105 2208 187 2271 qui
219 2216 404 2255 constat
434 2224 491 2253 ex
529 2206 738 2270 spondeo
776 2210 842 2253 tet
878 2206 1067 2271 dactylo
1103 2217 1150 2254 et
1188 2207 1414 2271 spondeo,
1442 2206 1567 2253 Pria-

105 2302 251 2349 peum
276 2284 435 2342 facies,
460 2283 610 2346 qualis
638 2283 761 2347 apud
790 2283 1079 2341 Homerum,

238 2361 439 2424 Κουρῆτές
463 2364 499 2407 τ’
526 2361 720 2422 ἐμάχοντο
745 2359 811 2407 καὶ
835 2360 1008 2408 Αἰτωλοὶ
1031 2364 1300 2424 μενεχάρμαι.

110 2437 191 2495 Et,

277 2504 574 2559 Immotamque
593 2501 669 2542 coli
690 2501 801 2542 dedit
822 2507 860 2542 et
879 2508 1135 2543 contemnere
1156 2509 1308 2543 ventos.

106 2572 513 2617 vAnacreonteum
540 2578 626 2623 est,

163 2709 177 2729 S
199 2701 523 2751 hendecasyllabo]
546 2700 649 2736 addit
669 2701 714 2737 V.
736 2718 757 2736 ω
777 2701 862 2744 αναξ
880 2709 1028 2738 απολλων
1048 2718 1183 2749 τιμετια
1203 2709 1339 2749 ωμιλοις.
1498 2711 1513 2739 t
1533 2709 1567 2739 et

108 2757 251 2804 dactylo
271 2761 307 2792 et
323 2756 477 2802 spondeo
501 2756 692 2802 priopeum
708 2753 829 2801 facies
860 2757 978 2802 qualis
1007 2758 1106 2803 apud
1136 2757 1332 2791 Homerum
1360 2771 1502 2803 κουρητες
1529 2772 1567 2791 τε

109 2825 252 2856 μαχοντο
283 2825 338 2845 και
369 2814 499 2844 αιτωλοι
528 2822 711 2853 μενεχαρμε
744 2813 780 2842 et
806 2809 1022 2856 immotaque
1052 2811 1120 2846 coli
1150 2811 1249 2845 dedit
1282 2815 1316 2845 et
1347 2814 1569 2845 contemnere

110 2868 229 2899 ventos
249 2866 526 2898 anacreonteum
547 2865 597 2895 est
622 2875 709 2906 Ιγοωιο
728 2876 795 2905 μαε
815 2869 950 2909 σελαφτ
970 2864 1047 2904 βολε
1070 2864 1123 2898 nsi
1144 2872 1217 2899 etc.
1241 2863 1287 2898 V.
1315 2864 1566 2910 θῑ-μενεχάρ-

110 2932 172 2963 μαι
193 2929 268 2953 om.
289 2915 374 2952 edd.
486 2921 504 2939 v
525 2915 834 2960 Anacreonteum]
861 2916 1146 2951 Anacreonta-on
1170 2915 1271 2951 Med.
1293 2923 1330 2951 et
1350 2915 1417 2950 Gr.
1439 2927 1513 2950 om.

778 2991 805 3020 Z
830 2993 856 3021 Z
883 2987 909 3022 2
