1962 3355
168 181 274 214 CAP.
294 178 338 225 9.
574 167 659 214 De
677 168 912 230 poematis
931 167 1204 230 generibus.
1526 179 1622 228 449

305 288 504 328 Carmine
522 288 594 343 qui
616 288 782 342 tragico
803 287 923 326 vilem
944 288 1121 327 certavit
1140 288 1188 327 ob
1208 287 1384 336 hircum,

301 356 432 395 SIlIooe
452 356 576 395 ctiam
596 355 801 410 agi-esteis
821 355 1002 408 Satyros
1022 354 1216 394 nudavit.

160 439 223 486 Et
248 440 474 503 Virgilius
499 440 545 485 in
574 438 841 502 Georgicon
871 438 1093 495 secundO,
1119 456 1226 484 cum
1255 448 1301 484 ct
1327 438 1442 484 sacri
1469 456 1617 502 genus

159 525 407 570 monstrat,
433 526 481 562 et
506 533 692 562 causam
722 515 827 561 talis
855 515 1020 561 hostiae
1046 514 1198 561 reddit
1225 515 1296 560 his
1322 516 1548 571 versibus,

304 600 402 639 Non
421 600 547 639 aliam
571 600 617 639 ob
638 599 801 654 culpam
824 598 986 638 Baccho
1008 611 1133 653 caper
1153 597 1344 638 omuibus
1364 599 1455 637 aris

304 668 505 707 Cceclitur.

159 744 276 789 tAlii
304 754 461 790 autem
501 753 671 808 putant
708 762 731 789 a
765 744 894 798 faece,
920 761 1062 806 quam
1103 744 1378 790 Graecorum
1421 742 1613 805 quidam
1638 761 1670 781 11

156 820 284 883 τρύγα
330 821 588 885 appellant,
629 820 912 883 tragoediam
959 819 1269 876 nominatam,
1309 829 1432 883 Vper
1464 829 1617 866 muta-

156 897 384 943 tationem
422 898 679 943 litterarum
709 919 730 942 v
755 897 800 942 in
828 920 854 943 α
877 913 1077 953 versam,
1102 895 1330 958 quoniam
1355 896 1469 942 olim
1497 915 1616 943 non-

156 973 270 1019 dum
311 974 519 1037 personis
553 992 576 1019 3
608 973 850 1037 Thespide
886 973 1095 1036 repertis,
1120 973 1254 1019 taleis
1290 973 1471 1019 fabulas
1512 992 1613 1038 per-

155 1050 287 1096 uncti
313 1069 391 1097 ora
417 1051 611 1097 faecibus
648 1051 906 1114 agitabant,
932 1059 985 1096 ut
1007 1058 1236 1096 Wrursum
1274 1059 1347 1096 est
1381 1051 1613 1097 Horatius

154 1127 286 1173 testis
312 1127 393 1181 sic,

267 1215 465 1269 Ignotum
490 1215 668 1270 tragicae
683 1228 822 1269 genus·
843 1216 1050 1255 invenisse
1071 1215 1298 1255 xCamenae

268 1282 455 1330 Dicitur,
478 1288 516 1322 et
537 1282 766 1336 >plaustris
789 1284 950 1322 vexisse
967 1287 1159 1337 poemata
1187 1282 1379 1336 Thespis,

269 1350 372 1394 Quce
393 1355 588 1389 canerent
607 1356 860 1405 agerentque
882 1358 899 1376 z
909 1350 1101 1404 peruncti
1106 1350 1294 1404 fcecibus
1316 1364 1405 1388 ora.

150 1431 272 1478 aAlii
310 1450 334 1478 a
373 1432 480 1477 vino
517 1432 818 1489 arbitrantur,
850 1443 1097 1496 propterea
1135 1433 1260 1495 quod
1295 1433 1407 1478 olim
1444 1434 1608 1480 vinum

149 1508 456 1554 dictitabatur
473 1509 581 1571 τρὺξ,
603 1527 627 1554 3
648 1527 743 1572 quo
762 1509 953 1571 τρύγητος
975 1510 1210 1573 hodieque
1236 1510 1508 1556 bvindemia
1527 1520 1610 1565 est,

150 1585 261 1647 quia
298 1585 596 1632 Liberalibus
629 1587 752 1650 apud
781 1587 983 1644 Atticos,
1008 1586 1083 1632 die
1108 1586 1228 1632 festo
1253 1586 1414 1632 Liberi
1448 1589 1607 1650 patris,

149 1663 311 1708 vinum
351 1664 622 1710 cantoribus
660 1673 770 1728 Cpro
808 1663 1052 1710 corollario
1089 1663 1305 1719 dabatur,
1342 1664 1475 1725 cujus
1512 1664 1606 1710 drei

150 1739 280 1784 testis
306 1748 376 1784 est
400 1739 616 1785 Lucilius
644 1741 689 1785 in
715 1741 836 1786 XII.

216 1814 470 1861 Comoedia
502 1826 572 1862 est
608 1816 799 1880 privata?
833 1816 1079 1879 civilisque
1111 1816 1311 1861 fortunae
1355 1816 1454 1862 siue
1486 1817 1607 1880 peri·
1630 1841 1667 1863 12

150 1890 257 1936 culo
295 1891 404 1937 vitae
445 1892 825 1955 comprehensio,
863 1893 986 1956 apud
1035 1893 1229 1938 Graecos
1278 1893 1342 1937 ita
1383 1892 1604 1940 definita:

148 1968 330 2031 κωμῳδία
365 1968 472 2014 ἐστιν
508 1969 731 2016 θῖῧιωτικῶν
754 1971 996 2032 πραγμάτων
1019 1969 1212 2022 ἀκίνδυνος
1245 1970 1426 2033 περιοχή.
1514 1971 1607 2016 Co-

203 2117 217 2135 s
237 2111 329 2146 1&on
359 2111 469 2148 etiam
501 2113 674 2161 agresteis
706 2113 856 2162 Satyros
883 2111 1034 2148 nudavit
1055 2119 1093 2148 et
1114 2111 1243 2161 Verg.]
1277 2113 1365 2148 Μωτ
1390 2118 1426 2148 et
1453 2113 1605 2160 Satyros

147 2166 299 2210 agrestis
317 2167 462 2201 novavit
482 2172 514 2202 et
539 2166 713 2213 Virgilius
734 2168 767 2201 in
795 2167 991 2212 Georgicon
1014 2166 1105 2201 AB.
1165 2166 1254 2200 siloa:
1274 2171 1313 2201 ut
1337 2171 1477 2213 satyros
1496 2179 1603 2213 agre-

146 2219 208 2252 stis
237 2220 436 2254 nominavit
457 2225 497 2254 ut
522 2219 597 2255 Vir.
620 2222 654 2255 in
681 2220 723 2256 G.
755 2220 798 2255 C.
858 2220 946 2255 Mox
975 2224 1009 2254 et
1037 2221 1169 2254 satiros
1198 2221 1396 2255 nominavit
1428 2225 1467 2256 ut
1500 2220 1601 2267 Virg.

148 2271 241 2306 Veu.
262 2270 326 2320 qui
349 2285 433 2308 mox
456 2286 598 2309 carmen
619 2286 686 2322 pro
707 2286 880 2309 caussam.
1079 2273 1089 2293 ἰ
1108 2271 1180 2308 Alii
1202 2279 1336 2320 putant
1356 2285 1376 2308 3
1396 2272 1503 2320 faece]
1526 2275 1604 2309 Alii

146 2329 267 2360 autem
283 2330 417 2371 putant
437 2326 563 2374 aff'ecte
586 2327 712 2374 (affece
733 2327 797 2373 B.)
819 2326 911 2362 AB.
946 2326 1020 2360 Alii
1043 2331 1163 2360 azctem
1185 2326 1229 2361 C.
1412 2333 1433 2351 V
1454 2338 1604 2375 permu-

146 2378 289 2413 tatione
319 2378 502 2415 literarum
532 2379 569 2415 in
599 2381 811 2426 adversum]
842 2380 1142 2427 permutationem
1170 2379 1373 2415 litterarum
1394 2385 1420 2415 Ύ
1441 2382 1477 2415 in
1497 2393 1602 2415 aver—

145 2442 220 2465 sam
242 2431 333 2466 AB.
355 2439 393 2467 et
413 2434 455 2468 C.
476 2434 556 2469 sine
575 2439 613 2468 T.
776 2440 805 2458 w
825 2434 987 2480 rursum]
1013 2444 1136 2468 rursus
1156 2432 1199 2467 B.
1379 2440 1400 2459 Χ
1419 2434 1599 2480 camenae]

147 2485 309 2519 carmina
329 2485 420 2521 AB.
583 2493 603 2520 y
623 2485 813 2536 plaustris]
834 2487 1003 2533 planctus
1022 2486 1068 2522 A.
1090 2490 1125 2521 et
1139 2486 1291 2532 plautus
1309 2486 1355 2521 B.
1482 2495 1498 2514 Ζ
1519 2499 1600 2536 per-

150 2535 268 2584 uncti]
292 2537 415 2585 infecti
433 2539 574 2575 A.B.C.
757 2546 776 2566 a
797 2539 856 2576 alii
877 2552 898 2575 3
918 2540 1004 2575 vino
1026 2537 1265 2581 arbitrantur,
1288 2547 1483 2588 propterea
1503 2541 1603 2589 quod

81 2629 85 2631 ,
147 2588 235 2625 olim
259 2590 383 2626 vinum
404 2591 643 2628 dictitabatur
663 2591 739 2640 τρὺξ
759 2606 780 2629 3
798 2606 872 2641 quo
901 2595 1054 2640 τρύγητος
1081 2591 1210 2639 hodie]
1240 2594 1305 2627 alii
1331 2595 1413 2629 vino
1443 2595 1600 2629 arbitra-

148 2643 280 2678 bantur
298 2650 489 2692 propterea
510 2646 594 2680 olim
617 2651 700 2681 trux
721 2647 827 2692 (trix)
851 2647 1112 2682 dictitabantur
1136 2646 1388 2691 (dictabantur
1404 2648 1465 2694 C.)
1490 2660 1511 2682 a
1533 2660 1601 2694 quo

148 2699 318 2743 trogoetis
337 2699 484 2745 odieque
503 2698 643 2735 A.B.C.
667 2699 838 2746 hodieque
858 2700 950 2735 Ven.
974 2712 1048 2735 non
1072 2699 1175 2734 hodie
1194 2712 1344 2747 quoque.
1482 2697 1502 2725 b
1524 2699 1601 2734 vin-

147 2749 287 2797 demia]
310 2753 499 2787 vendens-ia
521 2752 564 2786 C.
729 2758 746 2778 c
766 2764 832 2800 pro
849 2751 1061 2799 corollario]
1080 2753 1299 2799 procellarz'o
1320 2754 1362 2788 C.
1510 2750 1529 2777 d
1550 2752 1601 2787 rei

148 2839 270 2885 testis]
297 2811 444 2885 regestis
462 2838 507 2874 A.
697 2845 714 2865 e
737 2839 906 2873 idioticon
922 2844 1145 2885 pragmaton
1163 2840 1207 2876 A.
1228 2839 1386 2875 comedia
1407 2842 1457 2873 est
1477 2839 1512 2873 in
1532 2838 1598 2872 idi·

148 2892 266 2928 oticon
281 2896 502 2940 pragmaton
522 2891 688 2927 acindino
706 2890 887 2939 sperioche
905 2891 949 2926 B.

823 2962 850 3000 3
878 2969 918 3000 Μ
