1962 3355
92 177 199 210 cAP.
220 173 267 221 9.
344 162 348 167 ”
501 163 587 209 De
608 161 713 209 rell.
743 162 949 209 Horatii
971 165 1152 210 metris.
1453 174 1547 224 327

319 285 453 326 Silvae
472 285 706 325 laborantes
720 283 901 339 geluque
920 262 922 264 >

318 353 523 392 Flumina
543 352 804 392 constiterint
822 357 956 392 acuto.

94 440 307 487 Primum
334 450 381 488 et
406 441 667 488 secundum
693 441 829 488 colon
855 440 985 504 paria
1010 449 1134 487 sunt.
1199 440 1434 487 Constant
1459 441 1554 487 sin·
1571 456 1588 483 8

94 518 204 578 gula
231 535 290 563 ex
315 518 500 564 duobus
527 517 862 574 commatibus,
887 535 1090 580 quorum
1131 517 1284 580 gquod
1316 518 1552 564 antecedit

95 610 154 638 ex
181 594 394 640 trimetro
422 594 624 640 iambico
651 603 897 658 sumptum
924 603 1009 648 est,
1027 604 1074 640 et
1099 612 1210 640 cum
1236 611 1292 640 eo
1317 595 1555 658 composi-

95 678 213 724 tum,
241 670 321 726 sic,

329 747 446 787 Vides
467 752 515 787 ut
534 747 622 788 alta
637 747 820 803 genibus
840 747 998 787 haerebo
1018 748 1112 787 tuis.

96 820 323 882 Sequitur
343 837 547 877 comma,

322 897 414 937 Stet
433 897 529 936 nive
549 895 773 935 candidum

95 977 193 1024 hex
250 979 554 1025 hemistichio
600 972 884 1043 pentametri
943 979 1070 1025 heroi
1121 978 1327 1025 delibata
1375 979 1557 1042 syllaba

96 1055 414 1119 compositum
443 1064 527 1110 est,
552 1055 732 1101 reddita
758 1056 885 1101 enim
912 1057 1093 1119 syllaba
1118 1057 1173 1101 fit
1197 1054 1325 1111 itale,

324 1134 416 1174 Stet
436 1134 533 1173 nive
553 1133 794 1173 candidum.

96 1215 256 1261 Potest
280 1216 424 1261 etiarn
450 1214 593 1261 videri
631 1232 737 1278 pars
763 1214 901 1259 metri
928 1214 1052 1259 illius
1079 1222 1306 1271 extrema,
1331 1213 1459 1277 quod
1486 1221 1557 1260 est
1576 1231 1595 1262 9

95 1291 206 1346 tale,

323 1356 534 1395 sslaecenas
554 1356 693 1396 atavis
714 1356 820 1396 edite
842 1357 1014 1412 regibus
1027 1373 1040 1400 ‚-

95 1440 154 1486 de
178 1458 273 1503 quo
290 1440 391 1502 jam
421 1440 794 1504 disputavimus:
834 1449 885 1486 ut
916 1440 1007 1486 hoc
1040 1440 1104 1486 ita
1130 1457 1239 1486 cum
1275 1439 1356 1485 illo
1383 1440 1560 1504 junga-

95 1525 186 1574 tur,

323 1594 380 1633 M
380 1608 535 1634 cecenas
555 1595 710 1644 atavis,
730 1600 808 1634 Stet
828 1595 924 1634 nive
944 1594 1169 1634 candidum

97 1674 281 1713 constat
305 1666 432 1712 enim
460 1666 551 1713 hoc
577 1684 767 1713 comma
792 1683 851 1712 ex
876 1666 1200 1724 kehoriambo,
1215 1684 1358 1729 quem
1378 1666 1561 1712 faciunt

89 1741 246 1803 juncti
272 1743 506 1789 trochaeus
533 1752 579 1790 et
614 1743 817 1797 iambus,
854 1753 901 1789 et
937 1743 1110 1789 iambo.
1184 1743 1260 1789 Ita
1283 1742 1421 1789 facile
1446 1760 1557 1789 con·
1582 1766 1620 1787 10

96 1819 227 1863 venit
251 1826 298 1864 et
322 1836 431 1865 cum
458 1819 735 1865 choriambo
761 1828 928 1876 metro,
949 1818 1075 1882 quod
1101 1818 1296 1865 lMusici
1324 1819 1560 1866 bacchion

98 1904 294 1949 vocant;
331 1896 468 1958 quale
494 1905 579 1951 est,

326 1972 384 2011 M
383 1986 538 2012 aecenas
559 1974 699 2013 atavis
719 1973 824 2014 edite
843 1974 1031 2029 regibus.

99 2045 191 2092 Sed
218 2045 298 2107 qui
326 2046 464 2092 altius
491 2047 592 2093 haec
611 2065 705 2093 non
731 2056 1113 2111 mperspexerunt
1133 2049 1448 2112 grammatici,
1470 2049 1559 2096 hoc

98 2130 271 2186 putant
307 2130 512 2168 metrum
540 2122 785 2169 decurtato
821 2133 1123 2187 pentametro
1148 2125 1345 2184 factum,
1368 2134 1422 2173 ut
1459 2126 1560 2173 red-

99 2198 197 2245 dita
222 2198 403 2262 syllaba
425 2200 507 2245 fiat
529 2208 882 2263 pentametrum
908 2202 1016 2256 tale,

313 2275 530 2316 Maecenas
550 2278 688 2317 atavis
708 2277 812 2317 edite
830 2279 1077 2334 remigibus.

100 2356 352 2420 nItemque
378 2375 561 2405 versum
590 2359 742 2417 illum,
1583 2390 1616 2411 11

214 2441 406 2481 Solvitur
425 2443 537 2482 acris
557 2442 696 2498 hyems
711 2449 847 2499 grata
869 2444 955 2484 vice
976 2445 1087 2485 veris
1108 2450 1147 2485 et
1168 2445 1336 2485 Favoni
1353 2462 1365 2490 ,-

100 2541 195 2569 non
221 2540 279 2569 ex
303 2523 488 2571 duobus
519 2526 680 2572 metris
717 2528 1038 2592 compositum
1076 2537 1263 2593 putant,
1288 2537 1342 2575 ut
1365 2546 1475 2575 cum
1501 2528 1560 2574 de

99 2600 393 2646 Archilocho
439 2601 667 2662 loquebar
712 2604 912 2662 ostendi,
961 2605 1041 2667 qui
1091 2613 1367 2651 tetrametro
1415 2605 1559 2651 heroo

155 2782 176 2810 g
196 2775 305 2823 quod]
328 2775 376 2811 V.
392 2773 496 2810 addit
510 2778 699 2814 antecedit.
808 2777 829 2804 h
845 2780 905 2826 ex]
930 2785 964 2815 et
983 2780 1033 2816 V.
1055 2780 1160 2816 Med.
1258 2778 1269 2808 i
1293 2780 1393 2828 talis]
1418 2781 1491 2816 tale
1510 2780 1556 2816 V.

100 2826 123 2854 k
143 2827 363 2874 choriambo]
387 2827 623 2864 choriambico
646 2830 690 2866 V.
778 2829 789 2857 l
810 2833 944 2869 Musici
964 2833 1151 2880 bacchion]
1176 2834 1346 2870 bacchion
1364 2834 1489 2869 musici
1507 2833 1556 2869 V.

102 2888 134 2908 ¹¹¹
149 2881 424 2930 perspexerunt]
445 2888 704 2929 prospexerunt
723 2883 771 2920 V.
882 2890 900 2907 ¹¹
919 2886 1022 2933 item]
1047 2888 1200 2933 itemque
1215 2886 1265 2922 V.
