1962 3355
157 237 265 270 CAP.
290 232 329 269 l.
368 223 451 269 De
476 220 695 268 connexis
717 220 846 265 inter
862 234 914 264 se
937 224 1080 280 atque
1103 215 1378 262 inconneoeis
1395 218 1473 278 (ξε.
1511 223 1602 261 203

154 345 257 400 buS,
281 343 455 390 debinc
485 341 719 405 dactyIUS,
743 338 1055 385 residentibus
1089 337 1239 383 tribus
1263 335 1481 381 trochaeis
1506 334 1607 381 hul-

154 420 299 477 timis,
324 420 410 466 erit
435 417 804 482 ithyphallicum
833 424 1055 468 metrum,
1082 414 1151 460 sin
1178 431 1288 459 vero
1322 413 1386 458 ita
1410 411 1608 467 dividas,

155 505 207 541 ut
244 496 453 558 primum
497 493 778 559 spondeum,
811 491 985 537 dehine
1021 489 1370 544 choriambum,
1399 495 1508 551 post
1539 486 1609 532 di-

154 570 370 617 iambum
396 580 443 617 et
469 571 700 635 syllabam
725 568 942 624 colloces,
967 566 1055 611 erit
1081 563 1390 617 Pbalaecium,
1417 571 1484 619 ut,

352 647 619 710 Postquam
643 662 722 692 res
745 644 874 690 Asia:
892 642 1024 705 perit
1044 639 1287 704 procellis.

156 721 291 768 Sicut
315 723 508 784 quidam
536 722 617 785 qui
643 739 697 767 ea
722 739 746 767 a
772 738 836 778 se,
861 728 914 765 ut
939 735 1078 782 supra
1108 715 1402 763 ostendimus
1426 713 1610 760 idistin-

155 806 322 861 guunt

220 874 286 920 Et
339 874 563 935 quoniam
619 870 998 935 hendecasyllabi
1054 870 1344 915 mentionem
1396 867 1609 922 fecimus,
1629 886 1665 918 51

155 949 401 995 occasione
447 950 733 996 admonente
780 948 890 993 satis
936 955 1258 1010 opportunum
1308 944 1506 990 arbitror
1551 942 1610 988 de

156 1026 400 1088 speciebus
442 1025 671 1087 ejusdem,
712 1041 817 1086 quae
855 1031 965 1068 sunt
1006 1022 1155 1067 ferme
1191 1036 1264 1067 v11
1303 1037 1360 1066 ex
1406 1037 1496 1065 una
1536 1036 1611 1063 ea-

155 1101 361 1163 demque
406 1101 586 1164 origine
632 1099 987 1151 descendentes,
1035 1098 1237 1143 breviter
1285 1096 1454 1152 dicere,
1503 1111 1611 1156 quae

157 1177 336 1223 scilicet
360 1195 417 1222 ex
450 1177 709 1237 utriusque,
734 1175 782 1220 id
817 1183 888 1219 est
922 1172 1143 1236 dactylici
1173 1181 1219 1218 et
1252 1171 1440 1217 iambici
1473 1170 1609 1215 metri

154 1253 485 1317 permixtione,
510 1252 754 1315 conposita
778 1258 825 1295 et
850 1249 1070 1312 copulata
1096 1255 1370 1293 noscuntur.
1410 1245 1610 1291 Initium
1631 1261 1669 1292 52

157 1338 315 1375 autem
355 1330 414 1375 ab
449 1347 504 1374 eo
537 1345 671 1374 versu
708 1327 1002 1381 ksumemus,
1041 1325 1115 1370 cui
1153 1323 1397 1387 Sapphico
1436 1339 1612 1367 nomen

156 1413 242 1462 est,
269 1422 362 1450 non
388 1414 440 1450 ut
464 1406 522 1450 ab
548 1422 601 1450 ea
623 1404 830 1456 invento,
847 1401 926 1448 sed
946 1401 1125 1464 jugiter
1149 1408 1404 1462 usurpato:
1433 1415 1458 1443 e
1477 1396 1612 1458 cujus

155 1481 288 1527 fonte
334 1480 551 1544 plurimae
600 1479 779 1544 species
833 1477 1031 1541 disparis
1079 1478 1241 1539 figurae
1288 1474 1611 1538 prolabuntur.

158 1556 320 1618 Hujus
352 1556 478 1620 prior
512 1555 664 1601 forma
699 1573 753 1601 ea
788 1555 892 1617 lege
927 1554 1186 1608 taxabitur,
1210 1568 1304 1613 qua
1327 1549 1527 1613 lprimus
1564 1549 1612 1594 in
1631 1563 1670 1595 53

156 1650 291 1679 versu
334 1632 570 1696 spondeus
607 1631 895 1688 solemniter,
936 1638 1045 1693 post
1080 1628 1315 1691 dactylus,
1351 1627 1526 1673 dehinc
1565 1635 1613 1671 et

156 1718 249 1754 tres
285 1708 477 1754 trochaei
511 1717 765 1772 ponantur,
791 1726 816 1753 6
851 1707 998 1769 mquis
1028 1705 1346 1769 itbypliallico
1371 1721 1452 1750 seu
1490 1703 1612 1749 Pha-

157 1785 305 1838 laeeio,
321 1792 373 1830 ut
389 1801 529 1848 supra
546 1784 771 1838 diximus,
790 1800 967 1828 nomen
991 1791 1075 1827 est.
1121 1779 1423 1827 nInstruendi
1450 1787 1610 1825 tamen
1631 1793 1672 1823 54

159 1878 322 1906 sumus
368 1860 549 1922 ⁰legem
597 1858 858 1905 collocandi
905 1858 952 1903 in
1001 1856 1195 1903 exordio
1242 1854 1436 1919 spondei
1487 1853 1611 1899 varie

157 1948 336 1984 veteres
361 1936 634 1982 custodisse.
683 1935 813 1981 Nam
840 1934 1033 1996 quidam
1062 1942 1109 1979 et
1134 1933 1394 1978 trochaeum
1423 1939 1471 1976 et
1496 1930 1614 1976 iam-

158 2014 273 2059 bum
311 2013 358 2058 in
391 2030 445 2058 ea
482 2011 590 2057 sede
626 2012 879 2057 collocasse
916 2009 1230 2073 reperiuntur,
1257 2007 1378 2053 inter
1414 2023 1533 2069 quos
1565 2014 1612 2051 et

158 2090 374 2136 Catullus
399 2097 470 2135 est
495 2089 582 2134 sub
607 2087 839 2151 exemplis
864 2084 1156 2147 hujusmodi,

360 2163 453 2211 Cui
476 2165 594 2210 dono
619 2163 825 2226 lepidum
850 2178 1022 2208 novum
1048 2158 1275 2213 libellum,

354 2240 512 2286 Arido
536 2240 670 2286 modo
688 2239 880 2302 pumice
906 2236 1180 2300 expolitum.

356 2316 529 2362 pMeas
555 2333 653 2362 esse
678 2315 867 2379 aliquid
884 2321 1061 2377 putare
1084 2329 1257 2377 nugas.

157 2393 285 2439 Nam
318 2392 412 2438 Cui
441 2392 512 2447 do,
536 2392 828 2456 spondeum:
867 2391 968 2438 Ari
991 2391 1281 2437 trocbaeum:
1318 2387 1463 2434 Meas
1499 2388 1614 2434 iam-
1633 2407 1672 2439 55

159 2471 292 2525 bum,
312 2477 404 2515 tres
430 2468 665 2515 ‘ldiversos
685 2468 829 2532 pedes
854 2485 969 2522 esse,
988 2467 1160 2529 quibus
1180 2464 1435 2529 supradicti
1453 2481 1614 2510 versus

156 2546 458 2600 inchoantur,
484 2545 530 2592 in
557 2545 754 2592 dubium
784 2562 877 2590 non
902 2543 1044 2589 venit.
1116 2541 1277 2602 Hujus
1305 2539 1615 2602 hendecasyl-

157 2622 251 2668 labi
279 2621 456 2685 species
481 2631 632 2676 erunt,
658 2631 710 2668 ut
733 2621 959 2676 diximus,
983 2627 1204 2683 rseptem.
1242 2618 1429 2663 Feritur
1453 2625 1611 2662 autem
1632 2625 1673 2666 56

211 2751 232 2778 h
253 2751 408 2799 ultimis]
432 2751 584 2788 ultimus
604 2752 643 2787 P.
665 2751 728 2800 qui
749 2764 833 2787 mox
854 2708 1080 2786 Phaleciium.
1229 2746 1240 2773 i
1260 2746 1513 2796 distinguunt]
1537 2745 1612 2780 dis-

160 2806 335 2854 tinguent
354 2806 395 2841 P.
559 2803 580 2830 k
601 2806 808 2852 sumemus]
834 2803 1014 2840 sumimus
1036 2803 1075 2838 P.
1239 2799 1250 2826 l
1270 2801 1429 2850 primus]
1454 2798 1553 2848 prius
1572 2799 1613 2832 P.

160 2865 190 2884 m
210 2857 359 2907 quibus]
383 2858 464 2907 quis
485 2858 527 2893 Ρ.
666 2865 686 2884 n
706 2857 933 2904 instruendi]
958 2854 1123 2892 struendi
1144 2854 1187 2890 P.
1321 2861 1339 2880 0
1359 2852 1478 2901 legem
1500 2849 1614 2886 collo-

160 2910 286 2959 candi]
312 2911 392 2961 lege
413 2923 454 2946 ac
475 2910 622 2947 locandi
644 2912 684 2947 P.
798 2917 819 2945 P
840 2922 940 2946 meas
960 2921 1041 2945 esse
1061 2906 1216 2956 aliquid]
1244 2904 1556 2952 meosesealiquot
1574 2903 1613 2937 P.

160 2971 179 2998 q
199 2963 351 3011 divisos]
375 2963 536 3000 diversos
558 2964 598 3000 P.
710 2972 724 2991 1·
744 2964 905 3013 septem]
928 2969 969 2998 ut
988 2961 1148 2997 diximus
1168 2966 1309 3008 septem
1331 2958 1372 2993 P.

815 3024 958 3070 Dd2
