1962 3355
119 199 227 231 CAP.
253 193 297 231 3.
685 182 768 228 De
791 182 1010 228 Litteris.
1542 193 1567 229 5

116 323 201 370 per
235 322 351 366 quas
376 304 519 350 etiam
556 312 791 366 separatas
818 303 1020 366 syllabas
1050 302 1178 348 hfieri
1213 303 1393 350 volunt.
1450 304 1573 351 Sunt

117 391 274 427 autem
303 397 502 426 numero
528 396 625 436 sex,
649 396 679 425 a
704 396 728 425 e
752 380 769 425 ἱ
792 397 818 426 ο
843 397 874 426 u
893 397 944 442 y.
1017 379 1202 425 Harum
1243 380 1371 425 nulla
1406 389 1574 426 natura

118 458 270 503 littera
293 457 435 520 longa
460 466 540 502 aut
566 457 717 502 brevis
742 465 840 502 est:
879 455 958 502 sed
984 473 1148 501 omnes
1175 473 1268 501 uno
1297 456 1452 502 modo.
1522 456 1570 502 Si

115 533 425 597 corripiantur
460 534 637 588 breves,
673 533 707 577 si
754 532 1079 595 producuntur
1113 532 1268 594 longa?
1309 543 1432 578 sunt.
1501 533 1573 578 Ac

115 610 354 674 praecipue
379 627 404 656 e
435 619 482 656 et
506 627 531 656 ο
562 627 667 672 quae
694 607 922 673 bfformes
944 608 1181 663 dicuntur,
1206 608 1316 671 quia
1340 626 1425 673 pro
1450 609 1573 655 binis

115 687 290 733 Graecis
330 685 455 750 apud
493 703 576 732 nos
619 695 872 749 ponuntur.
944 684 1165 731 Residuae
1204 695 1362 732 autern
1407 685 1574 731 litterae

114 780 280 809 omnes
299 772 612 809 consonantes
633 771 743 808 sunt
761 777 889 820 XVII,
911 762 936 808 b
963 779 986 808 c
1011 760 1145 826 clfg
1164 761 1195 808 h
1220 762 1249 808 lc
1275 762 1294 809 l
1316 780 1360 809 m
1387 779 1469 824 ηρ
1495 780 1523 825 q
1548 779 1574 808 r

112 857 136 886 s
161 846 181 886 t
202 858 235 886 α’
259 857 301 886 z.
372 842 463 886 Hae
503 839 780 886 dividuntur
818 839 863 885 in
906 849 1060 903 partes
1103 839 1246 887 duas:
1300 839 1402 885 aliae
1443 838 1571 885 enim

114 927 225 963 sunt
260 917 579 971 semivocales,
615 916 717 962 aliae
750 924 910 962 mutae.
972 915 1290 963 Semivocales
1325 924 1436 963 sunt
1468 933 1573 977 quae

114 1003 293 1056 partem
322 993 558 1055 quandam
588 993 714 1039 vocis
739 992 990 1056 incipiunt,
1016 992 1095 1038 sed
1120 992 1322 1056 implere
1345 1010 1440 1038 non
1468 1010 1574 1055 pos-

114 1079 240 1124 sunt,
267 1080 313 1115 et
338 1083 449 1116 sunt
472 1068 675 1133 Vl11‚fl
696 1087 741 1115 m
766 1086 797 1114 n
822 1086 849 1114 r
872 1086 895 1114 s
918 1086 949 1114 ‘t‘
971 1086 1013 1114 z.
1050 1069 1126 1115 Ex
1154 1069 1225 1115 his
1253 1069 1574 1115 immutabiles

114 1162 166 1192 lv
192 1146 210 1192 l
233 1164 279 1192 m
303 1164 334 1192 η
357 1164 384 1192 r
407 1146 546 1192 dictae
572 1156 696 1202 sunt,
721 1145 830 1208 quia
860 1144 905 1189 in
942 1144 1214 1190 masculinis
1251 1155 1297 1190 et
1331 1145 1572 1190 femininis

112 1223 385 1268 nominibus
411 1240 494 1285 per
518 1222 866 1268 nominativum
894 1237 1055 1265 casum
1086 1220 1252 1284 positae
1277 1221 1322 1266 in
1350 1220 1572 1266 omnibus

111 1299 506 1345 declinationibus
534 1308 729 1345 manent
754 1316 841 1344 nec
867 1305 1125 1343 mutantur.
1189 1296 1383 1343 Eaedem
1412 1306 1568 1343 autem

111 1376 298 1439 liquidoe
327 1375 564 1432 dicuntur,
591 1375 780 1439 quando
820 1376 890 1421 bae
927 1375 1036 1421 solae
1072 1375 1194 1421 inter
1229 1385 1570 1422 consonantem

111 1463 158 1499 et
186 1453 395 1499 vocalem
436 1453 660 1500 immissae
692 1471 788 1499 non
823 1469 1038 1515 asperum
1080 1469 1250 1498 sonum
1287 1451 1484 1508 faciunt,
1518 1460 1573 1497 ut

110 1531 305 1587 clamor,
333 1530 541 1588 Tmolus,
580 1530 756 1587 consul,
785 1528 974 1586 Africa.
1047 1527 1168 1573 Item
1199 1544 1255 1573 ex
1294 1526 1465 1573 iisdem
1504 1545 1572 1573 se-

111 1607 421 1653 mivocalibus
449 1607 660 1669 duplices
696 1615 807 1652 sunt
843 1605 963 1658 duae,
987 1622 1019 1650 ω’
1043 1613 1090 1649 et
1115 1621 1139 1649 z
1159 1623 1173 1650 :
1213 1604 1411 1667 singulae
1441 1604 1569 1650 enirn

111 1684 156 1729 in
197 1683 392 1729 metrica
427 1684 605 1729 ratione
642 1701 726 1746 pro
763 1683 948 1728 duabus
987 1681 1358 1727 consonantibus
1401 1681 1572 1727 valent.

113 1759 333 1806 Residuae
370 1760 723 1806 semivocalium
764 1756 990 1822 suntfet
1018 1775 1054 1804 S.
1123 1757 1199 1804 Ex
1225 1756 1458 1822 quibusf
1471 1757 1573 1819 qui-

111 1836 218 1881 dam
246 1846 450 1882 errantes
477 1836 718 1899 duplicem
745 1835 910 1881 dicunt
934 1834 1060 1897 quod
1086 1852 1142 1880 ex
1172 1852 1206 1897 p
1231 1844 1277 1880 et
1314 1834 1344 1880 Ῐι
1379 1852 1574 1897 compo-

111 1913 198 1958 sita
221 1912 448 1957 videatur.
519 1911 611 1957 Sed
638 1910 827 1973 quando
864 1911 909 1956 in
949 1910 1148 1973 pedibus
1180 1910 1378 1957 duarum
1407 1928 1572 1956 conso-

111 1989 327 2033 nantium
354 1989 576 2033 virtutem
606 2005 700 2032 non
729 1987 886 2044 habet,
911 1986 1088 2050 duplex
1109 2005 1203 2033 non
1229 1995 1313 2033 est.
1352 1986 1391 2033 S
1412 1996 1568 2033 autem

110 2074 303 2110 vocatur
318 2062 512 2127 facilis,
538 2063 728 2126 quando
753 2064 968 2126 plurimis
1006 2062 1371 2109 consonantium
1402 2063 1573 2125 juncta

111 2141 158 2186 in
185 2140 471 2203 syllabarum
500 2158 615 2186 sono
642 2140 881 2185 miscetur.
941 2139 1094 2186 Mutae
1120 2149 1230 2186 sunt
1253 2158 1358 2203 quae
1395 2141 1571 2186 nullius

109 2217 236 2262 vocis
261 2234 430 2262 sonum
459 2217 711 2278 separatim
738 2217 935 2271 faciunt,
952 2226 999 2262 et
1020 2225 1129 2262 sunt
1149 2234 1339 2274 novem,
1355 2216 1380 2262 b
1407 2234 1430 2262 c
1456 2218 1488 2262 cl
1508 2216 1572 2281 kg

110 2292 139 2337 lz
164 2293 193 2338 k·
210 2310 245 2354 p
270 2311 297 2356 q
325 2299 356 2338 t.
427 2293 501 2338 Ex
532 2293 602 2338 his
628 2293 655 2338 le
682 2301 875 2339 vocatur
900 2291 1111 2355 infirma,
1137 2293 1249 2355 quia
1278 2293 1323 2339 in
1365 2293 1570 2340 metricis

109 2370 389 2432 plerumque
424 2369 697 2432 despicitur,
723 2387 810 2415 nec
835 2370 1138 2415 consonantis
1164 2378 1294 2416 tenet
1319 2369 1493 2427 locum,
1520 2379 1571 2416 ut

106 2464 253 2492 sceva-5
278 2445 512 2502 Achilles,
537 2463 642 2508 quae
667 2445 842 2491 idcirco
868 2445 933 2491 sic
970 2454 1055 2502 est,
1080 2446 1190 2508 quia
1225 2464 1248 2492 c
1283 2454 1330 2491 et
1365 2446 1395 2492 lz
1431 2447 1570 2492 unius

108 2522 411 2568 consonantis
438 2523 617 2569 Graecae
643 2523 747 2569 loco
775 2523 1002 2569 habetur:
1041 2522 1071 2568 lc
1096 2532 1252 2569 autem
1282 2523 1455 2570 dicitur
1477 2542 1571 2570 mo-

107 2654 127 2681 11
149 2655 224 2691 fieri
245 2655 442 2706 contingit.
491 2657 754 2693 Consonantes
775 2671 855 2706 quae
876 2670 977 2694 nunc
1006 2662 1216 2707 praepositae
1237 2671 1336 2695 nunc
1363 2659 1570 2709 subjunctae

105 2709 295 2745 vocalibus
315 2718 536 2745 consonant.
567 2711 699 2753 Mutae,
713 2724 796 2760 quae
816 2723 935 2759 neque
955 2711 1108 2760 proferri
1129 2724 1193 2760 per
1206 2724 1246 2747 se
1263 2721 1431 2761 possunt,
1452 2725 1571 2760 neque

107 2762 283 2811 syllabam
309 2763 445 2810 facere]
473 2764 530 2799 Ita
549 2764 632 2799 edd.
670 2765 802 2813 Longe
822 2763 987 2800 auctiora
1007 2765 1138 2800 damus
1158 2778 1201 2800 ex
1224 2766 1263 2801 P.
1293 2765 1570 2801 Transtulimus

107 2824 231 2851 autem
259 2824 370 2865 capnt
396 2818 439 2851 (Ie
473 2817 731 2854 Enuntiatione
764 2819 1000 2859 Litterarum,
1031 2830 1115 2854 cuin
1147 2819 1189 2854 P.
1219 2826 1304 2867 post
1329 2831 1409 2867 cap.
1433 2819 1476 2852 V.
1509 2819 1571 2852 De

109 2868 276 2927 Syllabis.
394 2867 404 2894 i
424 2868 566 2905 hisdem
588 2871 629 2907 P.
750 2868 771 2896 k
789 2871 832 2918 g]
855 2871 973 2907 Deest
993 2871 1032 2907 P.
1054 2870 1115 2920 qui
1138 2884 1222 2907 mox
1244 2885 1264 2919 q
1286 2877 1299 2907 t
1317 2885 1350 2913 v,
1373 2884 1457 2907 cnm
1480 2878 1569 2906 nota

165 2934 201 2957 in
225 2934 338 2972 marg.

1596 323 1633 354 15

1597 545 1634 576 16

1596 862 1632 892 17

1596 1089 1632 1119 18

1594 1322 1632 1353 Ι9

1593 1559 1633 1581 20

1592 1785 1628 1806 21

1591 1939 1630 1960 22

1591 2164 1629 2194 23
