<?xml version="1.0" encoding="UTF-8"?>
<!DOCTYPE html PUBLIC "-//W3C//DTD XHTML 1.0 Transitional//EN"
    "http://www.w3.org/TR/xhtml1/DTD/xhtml1-transitional.dtd">
<html xmlns="http://www.w3.org/1999/xhtml" xml:lang="en" lang="en">
 <head>
  <title>
</title>
<meta http-equiv="Content-Type" content="text/html;charset=utf-8" />
  <meta name='ocr-system' content='tesseract 3.04.00' />
  <meta name='ocr-capabilities' content='ocr_page ocr_carea ocr_par ocr_line ocrx_word'/>
</head>
<body>
  <div class='ocr_page' id='page_1' title='image "./scriptoreslatini00gaisuoft_0123.png"; bbox 0 0 1962 3355; ppageno 0'>
   <div class='ocr_carea' id='block_1_1' title="bbox 110 221 1557 282">
    <p class='ocr_par' dir='ltr' id='par_1_1' title="bbox 110 221 1557 282">
     <span class='ocr_line' id='line_1_1' title="bbox 110 221 1557 282; baseline -0.004 -12"><span class='ocrx_word' id='word_1_1' title='bbox 110 240 216 271; x_wconf 81' lang='lat' dir='ltr'>CAP.</span> <span class='ocrx_word' id='word_1_2' title='bbox 242 233 285 270; x_wconf 89' lang='lat'>3.</span> <span class='ocrx_word' id='word_1_3' title='bbox 546 222 622 267; x_wconf 84' lang='lat' dir='ltr'>De</span> <span class='ocrx_word' id='word_1_4' title='bbox 649 221 948 282; x_wconf 71' lang='lat' dir='ltr'>Awapcestico</span> <span class='ocrx_word' id='word_1_5' title='bbox 973 227 1135 266; x_wconf 77' lang='lat' dir='ltr'>metro.</span> <span class='ocrx_word' id='word_1_6' title='bbox 1472 228 1557 264; x_wconf 89' lang='grc'>105</span> 
     </span>
    </p>
   </div>
   <div class='ocr_carea' id='block_1_2' title="bbox 109 339 1564 476">
    <p class='ocr_par' dir='ltr' id='par_1_2' title="bbox 109 339 1564 476">
     <span class='ocr_line' id='line_1_2' title="bbox 109 339 1560 408; baseline -0.006 -17"><span class='ocrx_word' id='word_1_7' title='bbox 109 354 237 401; x_wconf 85' lang='lat' dir='ltr'>cunt,</span> <span class='ocrx_word' id='word_1_8' title='bbox 271 343 617 408; x_wconf 87' lang='lat' dir='ltr'>exprimuntur,</span> <span class='ocrx_word' id='word_1_9' title='bbox 651 350 697 387; x_wconf 89' lang='lat' dir='ltr'>et</span> <span class='ocrx_word' id='word_1_10' title='bbox 733 358 816 404; x_wconf 84' lang='lat' dir='ltr'>per</span> <span class='ocrx_word' id='word_1_11' title='bbox 851 340 1226 402; x_wconf 87' lang='lat' dir='ltr'>interjectionem</span> <span class='ocrx_word' id='word_1_12' title='bbox 1266 339 1560 401; x_wconf 88' lang='lat' dir='ltr'>quorundam</span> 
     </span>
     <span class='ocr_line' id='line_1_3' title="bbox 109 414 1564 476; baseline -0.005 -10"><span class='ocrx_word' id='word_1_13' title='bbox 109 420 390 466; x_wconf 77' lang='lat' dir='ltr'>aaffectuum</span> <span class='ocrx_word' id='word_1_14' title='bbox 437 418 546 464; x_wconf 86' lang='lat' dir='ltr'>solae</span> <span class='ocrx_word' id='word_1_15' title='bbox 592 418 861 472; x_wconf 85' lang='lat' dir='ltr'>efferuntur,</span> <span class='ocrx_word' id='word_1_16' title='bbox 904 426 955 461; x_wconf 87' lang='lat' dir='ltr'>ut</span> <span class='ocrx_word' id='word_1_17' title='bbox 1002 415 1157 471; x_wconf 77' lang='lat' dir='ltr'>Eheu,</span> <span class='ocrx_word' id='word_1_18' title='bbox 1198 415 1362 476; x_wconf 67' lang='lat' dir='ltr'>Papae,</span> <span class='ocrx_word' id='word_1_19' title='bbox 1404 414 1564 460; x_wconf 74' lang='lat' dir='ltr'>Baboe.</span> 
     </span>
    </p>
   </div>
   <div class='ocr_carea' id='block_1_3' title="bbox 107 488 1621 557">
    <p class='ocr_par' dir='ltr' id='par_1_3' title="bbox 107 488 1621 557">
     <span class='ocr_line' id='line_1_4' title="bbox 107 488 1621 557; baseline -0.005 -15"><span class='ocrx_word' id='word_1_20' title='bbox 107 496 214 542; x_wconf 85' lang='lat' dir='ltr'>Erit</span> <span class='ocrx_word' id='word_1_21' title='bbox 238 513 348 557; x_wconf 83' lang='lat' dir='ltr'>ergo</span> <span class='ocrx_word' id='word_1_22' title='bbox 378 501 731 540; x_wconf 84' lang='lat' dir='ltr'>monometrum</span> <span class='ocrx_word' id='word_1_23' title='bbox 771 491 1106 555; x_wconf 84' lang='lat' dir='ltr'>anapaesticum</span> <span class='ocrx_word' id='word_1_24' title='bbox 1147 491 1492 543; x_wconf 78' lang='lat' dir='ltr'>catalecticum,</span> <span class='ocrx_word' id='word_1_25' title='bbox 1517 488 1563 534; x_wconf 87' lang='lat' dir='ltr'>id</span> <span class='ocrx_word' id='word_1_26' title='bbox 1583 499 1621 528; x_wconf 72' lang='lat'>31</span> 
     </span>
    </p>
   </div>
   <div class='ocr_carea' id='block_1_4' title="bbox 109 567 1574 1161">
    <p class='ocr_par' dir='ltr' id='par_1_4' title="bbox 109 567 1041 707">
     <span class='ocr_line' id='line_1_5' title="bbox 109 567 1041 634; baseline -0.004 -17"><span class='ocrx_word' id='word_1_27' title='bbox 109 580 195 626; x_wconf 85' lang='lat' dir='ltr'>est,</span> <span class='ocrx_word' id='word_1_28' title='bbox 221 587 439 634; x_wconf 84' lang='lat' dir='ltr'>suprema</span> <span class='ocrx_word' id='word_1_29' title='bbox 465 570 606 632; x_wconf 80' lang='lat' dir='ltr'>longa</span> <span class='ocrx_word' id='word_1_30' title='bbox 630 567 898 625; x_wconf 82' lang='lat' dir='ltr'>deficiente,</span> <span class='ocrx_word' id='word_1_31' title='bbox 923 568 1041 613; x_wconf 87' lang='lat' dir='ltr'>talc:</span> 
     </span>
     <span class='ocr_line' id='line_1_6' title="bbox 442 645 808 707; baseline -0.003 -16"><span class='ocrx_word' id='word_1_32' title='bbox 442 646 654 707; x_wconf 78' lang='lat' dir='ltr'>Propero</span> <span class='ocrx_word' id='word_1_33' title='bbox 672 645 808 707; x_wconf 80' lang='lat' dir='ltr'>pede.</span> 
     </span>
    </p>

    <p class='ocr_par' dir='ltr' id='par_1_5' title="bbox 111 719 1572 1073">
     <span class='ocr_line' id='line_1_7' title="bbox 111 719 1569 780; baseline -0.004 -11"><span class='ocrx_word' id='word_1_34' title='bbox 111 723 234 769; x_wconf 87' lang='lat' dir='ltr'>Sane</span> <span class='ocrx_word' id='word_1_35' title='bbox 279 733 522 768; x_wconf 89' lang='lat' dir='ltr'>memento</span> <span class='ocrx_word' id='word_1_36' title='bbox 560 729 710 766; x_wconf 89' lang='lat' dir='ltr'>metra</span> <span class='ocrx_word' id='word_1_37' title='bbox 752 719 1026 780; x_wconf 86' lang='lat' dir='ltr'>hujusmodi</span> <span class='ocrx_word' id='word_1_38' title='bbox 1067 720 1190 765; x_wconf 82' lang='lat' dir='ltr'>varie</span> <span class='ocrx_word' id='word_1_39' title='bbox 1228 721 1274 765; x_wconf 87' lang='lat' dir='ltr'>in</span> <span class='ocrx_word' id='word_1_40' title='bbox 1318 721 1413 764; x_wconf 82' lang='lat' dir='ltr'>fine</span> <span class='ocrx_word' id='word_1_41' title='bbox 1460 736 1569 764; x_wconf 89' lang='lat' dir='ltr'>con-</span> 
     </span>
     <span class='ocr_line' id='line_1_8' title="bbox 112 796 1568 854; baseline -0.003 -10"><span class='ocrx_word' id='word_1_42' title='bbox 112 798 253 854; x_wconf 84' lang='lat' dir='ltr'>cludi,</span> <span class='ocrx_word' id='word_1_43' title='bbox 289 798 411 843; x_wconf 88' lang='lat' dir='ltr'>sicut</span> <span class='ocrx_word' id='word_1_44' title='bbox 445 807 493 843; x_wconf 86' lang='lat' dir='ltr'>et</span> <span class='ocrx_word' id='word_1_45' title='bbox 528 805 710 843; x_wconf 87' lang='lat' dir='ltr'>cetera:</span> <span class='ocrx_word' id='word_1_46' title='bbox 748 813 856 841; x_wconf 88' lang='lat' dir='ltr'>nam</span> <span class='ocrx_word' id='word_1_47' title='bbox 897 806 977 842; x_wconf 88' lang='lat' dir='ltr'>aut</span> <span class='ocrx_word' id='word_1_48' title='bbox 1012 796 1283 851; x_wconf 88' lang='lat' dir='ltr'>acatalecta,</span> <span class='ocrx_word' id='word_1_49' title='bbox 1325 804 1405 840; x_wconf 87' lang='lat' dir='ltr'>aut</span> <span class='ocrx_word' id='word_1_50' title='bbox 1446 804 1568 840; x_wconf 86' lang='lat' dir='ltr'>cata-</span> 
     </span>
     <span class='ocr_line' id='line_1_9' title="bbox 112 870 1570 936; baseline -0.005 -15"><span class='ocrx_word' id='word_1_51' title='bbox 112 875 293 929; x_wconf 80' lang='lat' dir='ltr'>lectica,</span> <span class='ocrx_word' id='word_1_52' title='bbox 343 883 424 920; x_wconf 81' lang='lat' dir='ltr'>aut</span> <span class='ocrx_word' id='word_1_53' title='bbox 476 872 899 936; x_wconf 80' lang='lat' dir='ltr'>brachycatalecta,</span> <span class='ocrx_word' id='word_1_54' title='bbox 947 881 1026 918; x_wconf 86' lang='lat' dir='ltr'>aut</span> <span class='ocrx_word' id='word_1_55' title='bbox 1087 871 1464 934; x_wconf 85' lang='lat' dir='ltr'>hypercatalecta</span> <span class='ocrx_word' id='word_1_56' title='bbox 1513 870 1570 915; x_wconf 85' lang='lat' dir='ltr'>ab</span> 
     </span>
     <span class='ocr_line' id='line_1_10' title="bbox 115 947 1572 1014; baseline -0.005 -16"><span class='ocrx_word' id='word_1_57' title='bbox 115 951 384 998; x_wconf 87' lang='lat' dir='ltr'>auctoribus</span> <span class='ocrx_word' id='word_1_58' title='bbox 410 960 707 1014; x_wconf 84' lang='lat' dir='ltr'>promuntur,</span> <span class='ocrx_word' id='word_1_59' title='bbox 732 959 783 995; x_wconf 91' lang='lat' dir='ltr'>ut</span> <span class='ocrx_word' id='word_1_60' title='bbox 810 966 948 1011; x_wconf 86' lang='lat' dir='ltr'>supra</span> <span class='ocrx_word' id='word_1_61' title='bbox 973 947 1281 994; x_wconf 78' lang='lat' dir='ltr'>ostendimus.</span> <span class='ocrx_word' id='word_1_62' title='bbox 1344 947 1409 992; x_wconf 85' lang='lat' dir='ltr'>Et</span> <span class='ocrx_word' id='word_1_63' title='bbox 1433 963 1572 1009; x_wconf 88' lang='lat' dir='ltr'>super</span> 
     </span>
     <span class='ocr_line' id='line_1_11' title="bbox 116 1026 475 1073; baseline -0.008 0"><span class='ocrx_word' id='word_1_64' title='bbox 116 1028 207 1073; x_wconf 83' lang='lat' dir='ltr'>hoc</span> <span class='ocrx_word' id='word_1_65' title='bbox 233 1026 475 1072; x_wconf 83' lang='lat' dir='ltr'>hactenus.</span> 
     </span>
    </p>

    <p class='ocr_par' dir='ltr' id='par_1_6' title="bbox 183 1100 1574 1161">
     <span class='ocr_line' id='line_1_12' title="bbox 183 1100 1574 1161; baseline -0.005 -13"><span class='ocrx_word' id='word_1_66' title='bbox 183 1104 430 1155; x_wconf 79' lang='lat' dir='ltr'>Quantum</span> <span class='ocrx_word' id='word_1_67' title='bbox 471 1110 627 1147; x_wconf 87' lang='lat' dir='ltr'>autem</span> <span class='ocrx_word' id='word_1_68' title='bbox 668 1100 724 1146; x_wconf 87' lang='lat' dir='ltr'>ad</span> <span class='ocrx_word' id='word_1_69' title='bbox 763 1110 970 1146; x_wconf 89' lang='lat' dir='ltr'>metrum</span> <span class='ocrx_word' id='word_1_70' title='bbox 1007 1100 1244 1146; x_wconf 87' lang='lat' dir='ltr'>comicum</span> <span class='ocrx_word' id='word_1_71' title='bbox 1288 1106 1483 1161; x_wconf 83' lang='lat' dir='ltr'>spectat,</span> <span class='ocrx_word' id='word_1_72' title='bbox 1523 1105 1574 1141; x_wconf 86' lang='lat' dir='ltr'>ut</span> 
     </span>
    </p>
   </div>
   <div class='ocr_carea' id='block_1_5' title="bbox 116 1172 1578 1387">
    <p class='ocr_par' dir='ltr' id='par_1_7' title="bbox 116 1172 1578 1387">
     <span class='ocr_line' id='line_1_13' title="bbox 116 1172 1575 1242; baseline -0.004 -18"><span class='ocrx_word' id='word_1_73' title='bbox 116 1179 362 1242; x_wconf 86' lang='lat' dir='ltr'>paululum</span> <span class='ocrx_word' id='word_1_74' title='bbox 390 1194 658 1240; x_wconf 77' lang='lat' dir='ltr'>evagemur,</span> <span class='ocrx_word' id='word_1_75' title='bbox 685 1176 782 1222; x_wconf 86' lang='lat' dir='ltr'>scio</span> <span class='ocrx_word' id='word_1_76' title='bbox 806 1177 1035 1239; x_wconf 89' lang='lat' dir='ltr'>plurimos</span> <span class='ocrx_word' id='word_1_77' title='bbox 1062 1175 1309 1220; x_wconf 86' lang='lat' dir='ltr'>adfirmare</span> <span class='ocrx_word' id='word_1_78' title='bbox 1333 1172 1575 1219; x_wconf 86' lang='lat' dir='ltr'>Terentia—</span> 
     </span>
     <span class='ocr_line' id='line_1_14' title="bbox 117 1250 1576 1313; baseline -0.003 -14"><span class='ocrx_word' id='word_1_79' title='bbox 117 1271 199 1299; x_wconf 89' lang='lat' dir='ltr'>nas</span> <span class='ocrx_word' id='word_1_80' title='bbox 225 1253 325 1298; x_wconf 84' lang='lat' dir='ltr'>bvel</span> <span class='ocrx_word' id='word_1_81' title='bbox 355 1252 563 1298; x_wconf 80' lang='lat' dir='ltr'>maxime</span> <span class='ocrx_word' id='word_1_82' title='bbox 589 1251 771 1297; x_wconf 84' lang='lat' dir='ltr'>fabulas</span> <span class='ocrx_word' id='word_1_83' title='bbox 799 1260 1000 1296; x_wconf 87' lang='lat' dir='ltr'>metrum</span> <span class='ocrx_word' id='word_1_84' title='bbox 1028 1268 1080 1296; x_wconf 89' lang='lat' dir='ltr'>ac</span> <span class='ocrx_word' id='word_1_85' title='bbox 1099 1250 1397 1313; x_wconf 78' lang='lat' dir='ltr'>disciplinam</span> <span class='ocrx_word' id='word_1_86' title='bbox 1418 1250 1576 1295; x_wconf 83' lang='lat' dir='ltr'>cGrae-</span> 
     </span>
     <span class='ocr_line' id='line_1_15' title="bbox 117 1325 1578 1387; baseline -0.003 -14"><span class='ocrx_word' id='word_1_87' title='bbox 117 1345 276 1374; x_wconf 82' lang='lat' dir='ltr'>carum</span> <span class='ocrx_word' id='word_1_88' title='bbox 316 1327 660 1373; x_wconf 77' lang='lat' dir='ltr'>comoediarum</span> <span class='ocrx_word' id='word_1_89' title='bbox 702 1345 793 1372; x_wconf 90' lang='lat' dir='ltr'>non</span> <span class='ocrx_word' id='word_1_90' title='bbox 831 1326 1107 1383; x_wconf 82' lang='lat' dir='ltr'>custodisse,</span> <span class='ocrx_word' id='word_1_91' title='bbox 1135 1326 1179 1370; x_wconf 85' lang='lat' dir='ltr'>id</span> <span class='ocrx_word' id='word_1_92' title='bbox 1206 1334 1291 1379; x_wconf 85' lang='lat' dir='ltr'>est,</span> <span class='ocrx_word' id='word_1_93' title='bbox 1317 1342 1431 1387; x_wconf 87' lang='lat' dir='ltr'>quas</span> <span class='ocrx_word' id='word_1_94' title='bbox 1469 1325 1578 1369; x_wconf 84' lang='lat' dir='ltr'>Me-</span> 
     </span>
    </p>
   </div>
   <div class='ocr_carea' id='block_1_6' title="bbox 117 1400 1612 1466">
    <p class='ocr_par' dir='ltr' id='par_1_8' title="bbox 117 1400 1612 1466">
     <span class='ocr_line' id='line_1_16' title="bbox 117 1400 1612 1466; baseline -0.003 -17"><span class='ocrx_word' id='word_1_95' title='bbox 117 1402 310 1460; x_wconf 86' lang='lat' dir='ltr'>nander,</span> <span class='ocrx_word' id='word_1_96' title='bbox 337 1403 602 1457; x_wconf 89' lang='lat' dir='ltr'>Philemon,</span> <span class='ocrx_word' id='word_1_97' title='bbox 627 1402 858 1466; x_wconf 88' lang='lat' dir='ltr'>Diphilus</span> <span class='ocrx_word' id='word_1_98' title='bbox 895 1411 942 1448; x_wconf 89' lang='lat' dir='ltr'>et</span> <span class='ocrx_word' id='word_1_99' title='bbox 964 1402 1104 1448; x_wconf 84' lang='lat' dir='ltr'>ceteri</span> <span class='ocrx_word' id='word_1_100' title='bbox 1139 1401 1404 1447; x_wconf 81' lang='lat' dir='ltr'>ediderunt.</span> <span class='ocrx_word' id='word_1_101' title='bbox 1476 1400 1577 1445; x_wconf 90' lang='lat' dir='ltr'>No-</span> <span class='ocrx_word' id='word_1_102' title='bbox 1596 1413 1612 1442; x_wconf 74' lang='lat'><em>3</em></span> 
     </span>
    </p>
   </div>
   <div class='ocr_carea' id='block_1_7' title="bbox 118 1476 1578 1617">
    <p class='ocr_par' dir='ltr' id='par_1_9' title="bbox 118 1476 1578 1617">
     <span class='ocr_line' id='line_1_17' title="bbox 118 1476 1577 1540; baseline -0.002 -16"><span class='ocrx_word' id='word_1_103' title='bbox 118 1479 200 1526; x_wconf 87' lang='lat' dir='ltr'>stri</span> <span class='ocrx_word' id='word_1_104' title='bbox 225 1480 350 1525; x_wconf 86' lang='lat' dir='ltr'>enim</span> <span class='ocrx_word' id='word_1_105' title='bbox 390 1479 436 1524; x_wconf 88' lang='lat' dir='ltr'>in</span> <span class='ocrx_word' id='word_1_106' title='bbox 478 1478 777 1524; x_wconf 77' lang='lat' dir='ltr'>modulandis</span> <span class='ocrx_word' id='word_1_107' title='bbox 816 1478 976 1524; x_wconf 91' lang='lat' dir='ltr'>metris</span> <span class='ocrx_word' id='word_1_108' title='bbox 1014 1495 1093 1523; x_wconf 85' lang='lat' dir='ltr'>seu</span> <span class='ocrx_word' id='word_1_109' title='bbox 1133 1476 1370 1540; x_wconf 80' lang='lat' dir='ltr'>rhythmis</span> <span class='ocrx_word' id='word_1_110' title='bbox 1408 1476 1577 1522; x_wconf 86' lang='lat' dir='ltr'>veteris</span> 
     </span>
     <span class='ocr_line' id='line_1_18' title="bbox 118 1552 1578 1617; baseline -0.003 -16"><span class='ocrx_word' id='word_1_111' title='bbox 118 1555 367 1601; x_wconf 82' lang='lat' dir='ltr'>comoediae</span> <span class='ocrx_word' id='word_1_112' title='bbox 396 1554 643 1617; x_wconf 77' lang='lat' dir='ltr'>scriptores</span> <span class='ocrx_word' id='word_1_113' title='bbox 681 1555 811 1617; x_wconf 87' lang='lat' dir='ltr'>sequi</span> <span class='ocrx_word' id='word_1_114' title='bbox 850 1555 1135 1609; x_wconf 73' lang='lat' dir='ltr'>maluerunt,</span> <span class='ocrx_word' id='word_1_115' title='bbox 1162 1553 1207 1599; x_wconf 90' lang='lat' dir='ltr'>id</span> <span class='ocrx_word' id='word_1_116' title='bbox 1242 1563 1326 1608; x_wconf 84' lang='lat' dir='ltr'>est,</span> <span class='ocrx_word' id='word_1_117' title='bbox 1351 1552 1578 1616; x_wconf 85' lang='lat' dir='ltr'>Eupolin,</span> 
     </span>
    </p>
   </div>
   <div class='ocr_carea' id='block_1_8' title="bbox 118 1629 1615 1694">
    <p class='ocr_par' dir='ltr' id='par_1_10' title="bbox 118 1629 1615 1694">
     <span class='ocr_line' id='line_1_19' title="bbox 118 1629 1615 1694; baseline -0.002 -17"><span class='ocrx_word' id='word_1_118' title='bbox 118 1631 415 1681; x_wconf 75' lang='lat' dir='ltr'>dCratinum,</span> <span class='ocrx_word' id='word_1_119' title='bbox 439 1630 825 1694; x_wconf 77' lang='lat' dir='ltr'>Aristophanem.</span> <span class='ocrx_word' id='word_1_120' title='bbox 896 1631 1120 1693; x_wconf 80' lang='lat' dir='ltr'>Prologos</span> <span class='ocrx_word' id='word_1_121' title='bbox 1152 1629 1310 1691; x_wconf 86' lang='lat' dir='ltr'>itaque</span> <span class='ocrx_word' id='word_1_122' title='bbox 1335 1637 1381 1674; x_wconf 93' lang='lat' dir='ltr'>et</span> <span class='ocrx_word' id='word_1_123' title='bbox 1405 1630 1580 1692; x_wconf 87' lang='lat' dir='ltr'>prima-</span> <span class='ocrx_word' id='word_1_124' title='bbox 1599 1641 1615 1668; x_wconf 74' lang='lat'>3</span> 
     </span>
    </p>
   </div>
   <div class='ocr_carea' id='block_1_9' title="bbox 120 1704 1581 1846">
    <p class='ocr_par' dir='ltr' id='par_1_11' title="bbox 120 1704 1581 1846">
     <span class='ocr_line' id='line_1_20' title="bbox 120 1704 1581 1768; baseline -0.003 -14"><span class='ocrx_word' id='word_1_125' title='bbox 120 1726 224 1754; x_wconf 87' lang='lat' dir='ltr'>rum</span> <span class='ocrx_word' id='word_1_126' title='bbox 248 1726 493 1754; x_wconf 84' lang='lat' dir='ltr'>scenarum</span> <span class='ocrx_word' id='word_1_127' title='bbox 513 1718 644 1754; x_wconf 85' lang='lat' dir='ltr'>actus</span> <span class='ocrx_word' id='word_1_128' title='bbox 670 1707 893 1753; x_wconf 88' lang='lat' dir='ltr'>trimetris</span> <span class='ocrx_word' id='word_1_129' title='bbox 913 1705 1394 1768; x_wconf 82' lang='lat' dir='ltr'>comprehenderunt,</span> <span class='ocrx_word' id='word_1_130' title='bbox 1409 1704 1581 1751; x_wconf 84' lang='lat' dir='ltr'>deinde</span> 
     </span>
     <span class='ocr_line' id='line_1_21' title="bbox 121 1781 1581 1846; baseline -0.003 -17"><span class='ocrx_word' id='word_1_131' title='bbox 121 1784 440 1846; x_wconf 82' lang='lat' dir='ltr'>longissimos,</span> <span class='ocrx_word' id='word_1_132' title='bbox 477 1783 522 1829; x_wconf 90' lang='lat' dir='ltr'>id</span> <span class='ocrx_word' id='word_1_133' title='bbox 566 1792 651 1841; x_wconf 85' lang='lat' dir='ltr'>est,</span> <span class='ocrx_word' id='word_1_134' title='bbox 688 1792 983 1829; x_wconf 83' lang='lat' dir='ltr'>tetrametros</span> <span class='ocrx_word' id='word_1_135' title='bbox 1021 1781 1348 1837; x_wconf 80' lang='lat' dir='ltr'>subdiderunt,</span> <span class='ocrx_word' id='word_1_136' title='bbox 1385 1782 1463 1843; x_wconf 90' lang='lat' dir='ltr'>qui</span> <span class='ocrx_word' id='word_1_137' title='bbox 1499 1799 1581 1844; x_wconf 87' lang='lat' dir='ltr'>ap-</span> 
     </span>
    </p>
   </div>
   <div class='ocr_carea' id='block_1_10' title="bbox 122 1857 1606 1924">
    <p class='ocr_par' dir='ltr' id='par_1_12' title="bbox 122 1857 1606 1924">
     <span class='ocr_line' id='line_1_22' title="bbox 122 1857 1606 1924; baseline -0.003 -19"><span class='ocrx_word' id='word_1_138' title='bbox 122 1861 357 1924; x_wconf 84' lang='lat' dir='ltr'>pellantur</span> <span class='ocrx_word' id='word_1_139' title='bbox 379 1859 608 1921; x_wconf 86' lang='lat' dir='ltr'>quadrati.</span> <span class='ocrx_word' id='word_1_140' title='bbox 681 1860 846 1905; x_wconf 86' lang='lat' dir='ltr'>Postea</span> <span class='ocrx_word' id='word_1_141' title='bbox 873 1859 919 1904; x_wconf 90' lang='lat' dir='ltr'>in</span> <span class='ocrx_word' id='word_1_142' title='bbox 953 1857 1352 1919; x_wconf 86' lang='lat' dir='ltr'>consequentibus</span> <span class='ocrx_word' id='word_1_143' title='bbox 1378 1857 1606 1907; x_wconf 73' lang='lat' dir='ltr'>variave-,</span> 
     </span>
    </p>
   </div>
   <div class='ocr_carea' id='block_1_11' title="bbox 125 1933 1588 2606">
    <p class='ocr_par' dir='ltr' id='par_1_13' title="bbox 125 1933 1588 2606">
     <span class='ocr_line' id='line_1_23' title="bbox 125 1933 1583 1995; baseline -0.002 -14"><span class='ocrx_word' id='word_1_144' title='bbox 125 1944 261 1981; x_wconf 85' lang='lat' dir='ltr'>runt:</span> <span class='ocrx_word' id='word_1_145' title='bbox 298 1934 463 1980; x_wconf 85' lang='lat' dir='ltr'>fmodo</span> <span class='ocrx_word' id='word_1_146' title='bbox 499 1934 625 1980; x_wconf 89' lang='lat' dir='ltr'>enim</span> <span class='ocrx_word' id='word_1_147' title='bbox 664 1935 918 1991; x_wconf 84' lang='lat' dir='ltr'>trimetros,</span> <span class='ocrx_word' id='word_1_148' title='bbox 951 1934 1093 1980; x_wconf 91' lang='lat' dir='ltr'>modo</span> <span class='ocrx_word' id='word_1_149' title='bbox 1128 1933 1286 1979; x_wconf 88' lang='lat' dir='ltr'>addito</span> <span class='ocrx_word' id='word_1_150' title='bbox 1324 1933 1583 1995; x_wconf 86' lang='lat' dir='ltr'>quadrante</span> 
     </span>
     <span class='ocr_line' id='line_1_24' title="bbox 126 2010 1584 2074; baseline -0.001 -18"><span class='ocrx_word' id='word_1_151' title='bbox 126 2013 196 2058; x_wconf 85' lang='lat' dir='ltr'>vel</span> <span class='ocrx_word' id='word_1_152' title='bbox 224 2011 416 2057; x_wconf 88' lang='lat' dir='ltr'>semisse</span> <span class='ocrx_word' id='word_1_153' title='bbox 443 2020 713 2074; x_wconf 86' lang='lat' dir='ltr'>posuerunt,</span> <span class='ocrx_word' id='word_1_154' title='bbox 736 2011 782 2057; x_wconf 87' lang='lat' dir='ltr'>id</span> <span class='ocrx_word' id='word_1_155' title='bbox 810 2021 894 2065; x_wconf 89' lang='lat' dir='ltr'>est,</span> <span class='ocrx_word' id='word_1_156' title='bbox 920 2010 1161 2074; x_wconf 86' lang='lat' dir='ltr'>semipede</span> <span class='ocrx_word' id='word_1_157' title='bbox 1187 2010 1385 2071; x_wconf 78' lang='lat' dir='ltr'>adjecto,</span> <span class='ocrx_word' id='word_1_158' title='bbox 1410 2010 1479 2054; x_wconf 93' lang='lat' dir='ltr'>vel</span> <span class='ocrx_word' id='word_1_159' title='bbox 1515 2010 1584 2054; x_wconf 90' lang='lat' dir='ltr'>in-</span> 
     </span>
     <span class='ocr_line' id='line_1_25' title="bbox 127 2085 1584 2151; baseline -0.002 -18"><span class='ocrx_word' id='word_1_160' title='bbox 127 2098 259 2151; x_wconf 83' lang='lat' dir='ltr'>tegro</span> <span class='ocrx_word' id='word_1_161' title='bbox 294 2087 414 2151; x_wconf 88' lang='lat' dir='ltr'>pede</span> <span class='ocrx_word' id='word_1_162' title='bbox 451 2088 627 2143; x_wconf 81' lang='lat' dir='ltr'>iambo,</span> <span class='ocrx_word' id='word_1_163' title='bbox 661 2088 730 2132; x_wconf 88' lang='lat' dir='ltr'>vel</span> <span class='ocrx_word' id='word_1_164' title='bbox 769 2086 1062 2150; x_wconf 86' lang='lat' dir='ltr'>sesquipede.</span> <span class='ocrx_word' id='word_1_165' title='bbox 1134 2086 1255 2131; x_wconf 84' lang='lat' dir='ltr'>Haec</span> <span class='ocrx_word' id='word_1_166' title='bbox 1285 2103 1368 2149; x_wconf 87' lang='lat' dir='ltr'>per</span> <span class='ocrx_word' id='word_1_167' title='bbox 1403 2085 1584 2131; x_wconf 90' lang='lat' dir='ltr'>medios</span> 
     </span>
     <span class='ocr_line' id='line_1_26' title="bbox 128 2161 1585 2223; baseline -0.003 -13"><span class='ocrx_word' id='word_1_168' title='bbox 128 2173 259 2210; x_wconf 85' lang='lat' dir='ltr'>actus</span> <span class='ocrx_word' id='word_1_169' title='bbox 301 2163 438 2208; x_wconf 86' lang='lat' dir='ltr'>varie.</span> <span class='ocrx_word' id='word_1_170' title='bbox 510 2163 690 2209; x_wconf 87' lang='lat' dir='ltr'>Rursus</span> <span class='ocrx_word' id='word_1_171' title='bbox 740 2163 788 2209; x_wconf 89' lang='lat' dir='ltr'>in</span> <span class='ocrx_word' id='word_1_172' title='bbox 829 2164 958 2209; x_wconf 84' lang='lat' dir='ltr'>exitu</span> <span class='ocrx_word' id='word_1_173' title='bbox 1001 2162 1268 2208; x_wconf 85' lang='lat' dir='ltr'>fabularum</span> <span class='ocrx_word' id='word_1_174' title='bbox 1317 2161 1585 2223; x_wconf 86' lang='lat' dir='ltr'>quadratos,</span> 
     </span>
     <span class='ocr_line' id='line_1_27' title="bbox 127 2237 1585 2304; baseline -0.003 -17"><span class='ocrx_word' id='word_1_175' title='bbox 127 2241 288 2304; x_wconf 88' lang='lat' dir='ltr'>quales</span> <span class='ocrx_word' id='word_1_176' title='bbox 311 2239 522 2286; x_wconf 83' lang='lat' dir='ltr'>diximus</span> <span class='ocrx_word' id='word_1_177' title='bbox 548 2239 593 2285; x_wconf 91' lang='lat' dir='ltr'>in</span> <span class='ocrx_word' id='word_1_178' title='bbox 621 2239 828 2286; x_wconf 87' lang='lat' dir='ltr'>secunda</span> <span class='ocrx_word' id='word_1_179' title='bbox 853 2257 1006 2294; x_wconf 88' lang='lat' dir='ltr'>scena,</span> <span class='ocrx_word' id='word_1_180' title='bbox 1031 2239 1260 2284; x_wconf 86' lang='lat' dir='ltr'>locarunt.</span> <span class='ocrx_word' id='word_1_181' title='bbox 1311 2238 1403 2283; x_wconf 75' lang='lat' dir='ltr'>Sed</span> <span class='ocrx_word' id='word_1_182' title='bbox 1428 2237 1585 2283; x_wconf 70' lang='lat' dir='ltr'>gidem</span> 
     </span>
     <span class='ocr_line' id='line_1_28' title="bbox 130 2314 1588 2380; baseline -0.003 -17"><span class='ocrx_word' id='word_1_183' title='bbox 130 2316 343 2380; x_wconf 86' lang='lat' dir='ltr'>quadrati</span> <span class='ocrx_word' id='word_1_184' title='bbox 371 2315 569 2378; x_wconf 83' lang='lat' dir='ltr'>legitimi</span> <span class='ocrx_word' id='word_1_185' title='bbox 597 2333 706 2361; x_wconf 90' lang='lat' dir='ltr'>cum</span> <span class='ocrx_word' id='word_1_186' title='bbox 734 2315 941 2362; x_wconf 89' lang='lat' dir='ltr'>sedecim</span> <span class='ocrx_word' id='word_1_187' title='bbox 977 2315 1167 2378; x_wconf 89' lang='lat' dir='ltr'>syllabis</span> <span class='ocrx_word' id='word_1_188' title='bbox 1195 2315 1337 2376; x_wconf 82' lang='lat' dir='ltr'>juxta</span> <span class='ocrx_word' id='word_1_189' title='bbox 1364 2314 1444 2375; x_wconf 83' lang='lat' dir='ltr'>jus</span> <span class='ocrx_word' id='word_1_190' title='bbox 1482 2331 1588 2376; x_wconf 88' lang='lat' dir='ltr'>pro-</span> 
     </span>
     <span class='ocr_line' id='line_1_29' title="bbox 129 2390 1587 2457; baseline -0.003 -18"><span class='ocrx_word' id='word_1_191' title='bbox 129 2393 285 2457; x_wconf 88' lang='lat' dir='ltr'>prium</span> <span class='ocrx_word' id='word_1_192' title='bbox 307 2401 520 2438; x_wconf 88' lang='lat' dir='ltr'>constare</span> <span class='ocrx_word' id='word_1_193' title='bbox 545 2390 763 2449; x_wconf 79' lang='lat' dir='ltr'>debeant,</span> <span class='ocrx_word' id='word_1_194' title='bbox 789 2392 1069 2454; x_wconf 84' lang='lat' dir='ltr'>plerumque</span> <span class='ocrx_word' id='word_1_195' title='bbox 1088 2391 1395 2438; x_wconf 87' lang='lat' dir='ltr'>inveniuntur</span> <span class='ocrx_word' id='word_1_196' title='bbox 1418 2390 1587 2454; x_wconf 86' lang='lat' dir='ltr'>viginti</span> 
     </span>
     <span class='ocr_line' id='line_1_30' title="bbox 131 2466 1588 2530; baseline -0.003 -15"><span class='ocrx_word' id='word_1_197' title='bbox 131 2477 213 2515; x_wconf 88' lang='lat' dir='ltr'>aut</span> <span class='ocrx_word' id='word_1_198' title='bbox 252 2468 455 2530; x_wconf 88' lang='lat' dir='ltr'>amplius</span> <span class='ocrx_word' id='word_1_199' title='bbox 499 2467 815 2529; x_wconf 86' lang='lat' dir='ltr'>syllabarum:</span> <span class='ocrx_word' id='word_1_200' title='bbox 857 2467 969 2513; x_wconf 88' lang='lat' dir='ltr'>hinc</span> <span class='ocrx_word' id='word_1_201' title='bbox 1015 2466 1343 2514; x_wconf 76' lang='lat' dir='ltr'>haestimantur</span> <span class='ocrx_word' id='word_1_202' title='bbox 1385 2475 1588 2512; x_wconf 88' lang='lat' dir='ltr'>metrum</span> 
     </span>
     <span class='ocr_line' id='line_1_31' title="bbox 132 2540 1588 2606; baseline -0.002 -16"><span class='ocrx_word' id='word_1_203' title='bbox 132 2561 228 2590; x_wconf 90' lang='lat' dir='ltr'>non</span> <span class='ocrx_word' id='word_1_204' title='bbox 254 2542 478 2598; x_wconf 85' lang='lat' dir='ltr'>tenuisse,</span> <span class='ocrx_word' id='word_1_205' title='bbox 504 2559 591 2588; x_wconf 87' lang='lat' dir='ltr'>nec</span> <span class='ocrx_word' id='word_1_206' title='bbox 616 2560 698 2588; x_wconf 83' lang='lat' dir='ltr'>sua</span> <span class='ocrx_word' id='word_1_207' title='bbox 722 2543 826 2606; x_wconf 81' lang='lat' dir='ltr'>lege</span> <span class='ocrx_word' id='word_1_208' title='bbox 852 2543 1188 2605; x_wconf 87' lang='lat' dir='ltr'>composuisse.</span> <span class='ocrx_word' id='word_1_209' title='bbox 1233 2542 1373 2595; x_wconf 84' lang='lat' dir='ltr'>Quod</span> <span class='ocrx_word' id='word_1_210' title='bbox 1398 2560 1508 2588; x_wconf 88' lang='lat' dir='ltr'>vero</span> <span class='ocrx_word' id='word_1_211' title='bbox 1532 2540 1588 2587; x_wconf 88' lang='lat' dir='ltr'>ad</span> 
     </span>
    </p>
   </div>
   <div class='ocr_carea' id='block_1_12' title="bbox 134 2640 1590 2797">
    <p class='ocr_par' dir='ltr' id='par_1_14' title="bbox 134 2640 1590 2797">
     <span class='ocr_line' id='line_1_32' title="bbox 189 2640 1589 2689; baseline -0.001 -10"><span class='ocrx_word' id='word_1_212' title='bbox 189 2650 208 2670; x_wconf 85' lang='lat' dir='ltr'>a</span> <span class='ocrx_word' id='word_1_213' title='bbox 227 2642 444 2688; x_wconf 86' lang='lat' dir='ltr'>affectuum]</span> <span class='ocrx_word' id='word_1_214' title='bbox 470 2641 666 2677; x_wconf 83' lang='lat' dir='ltr'>effectuum</span> <span class='ocrx_word' id='word_1_215' title='bbox 690 2643 727 2678; x_wconf 92' lang='lat' dir='ltr'>P.</span> <span class='ocrx_word' id='word_1_216' title='bbox 750 2643 807 2678; x_wconf 85' lang='lat' dir='ltr'>ed.</span> <span class='ocrx_word' id='word_1_217' title='bbox 830 2644 936 2678; x_wconf 71' lang='lat' dir='ltr'>Cam.</span> <span class='ocrx_word' id='word_1_218' title='bbox 1066 2642 1081 2664; x_wconf 62' lang='lat'>¹¹</span> <span class='ocrx_word' id='word_1_219' title='bbox 1104 2642 1280 2689; x_wconf 83' lang='lat' dir='ltr'>maxime]</span> <span class='ocrx_word' id='word_1_220' title='bbox 1305 2642 1359 2678; x_wconf 84' lang='lat' dir='ltr'>vel</span> <span class='ocrx_word' id='word_1_221' title='bbox 1376 2640 1533 2678; x_wconf 84' lang='lat' dir='ltr'>maxime</span> <span class='ocrx_word' id='word_1_222' title='bbox 1549 2642 1589 2677; x_wconf 91' lang='lat' dir='ltr'>P.</span> 
     </span>
     <span class='ocr_line' id='line_1_33' title="bbox 134 2692 1590 2745; baseline -0.002 -14"><span class='ocrx_word' id='word_1_223' title='bbox 134 2695 194 2745; x_wconf 88' lang='lat' dir='ltr'>qui</span> <span class='ocrx_word' id='word_1_224' title='bbox 215 2695 336 2744; x_wconf 81' lang='lat' dir='ltr'>paullo</span> <span class='ocrx_word' id='word_1_225' title='bbox 358 2703 455 2737; x_wconf 81' lang='lat' dir='ltr'>ante,</span> <span class='ocrx_word' id='word_1_226' title='bbox 476 2707 686 2743; x_wconf 73' lang='lat' dir='ltr'>evagemus.</span> <span class='ocrx_word' id='word_1_227' title='bbox 790 2705 805 2722; x_wconf 78' lang='lat' dir='ltr'>c</span> <span class='ocrx_word' id='word_1_228' title='bbox 826 2695 1058 2741; x_wconf 78' lang='lat' dir='ltr'>Graecarmn]</span> <span class='ocrx_word' id='word_1_229' title='bbox 1082 2697 1297 2731; x_wconf 61' lang='lat' dir='ltr'>Graecorum</span> <span class='ocrx_word' id='word_1_230' title='bbox 1318 2696 1358 2731; x_wconf 89' lang='lat' dir='ltr'>P.</span> <span class='ocrx_word' id='word_1_231' title='bbox 1462 2692 1480 2719; x_wconf 89' lang='lat' dir='ltr'>d</span> <span class='ocrx_word' id='word_1_232' title='bbox 1501 2696 1590 2729; x_wconf 84' lang='lat' dir='ltr'>Cra-</span> 
     </span>
     <span class='ocr_line' id='line_1_34' title="bbox 136 2747 1590 2797; baseline -0.002 -13"><span class='ocrx_word' id='word_1_233' title='bbox 136 2749 255 2785; x_wconf 86' lang='lat' dir='ltr'>tinum</span> <span class='ocrx_word' id='word_1_234' title='bbox 278 2747 575 2795; x_wconf 80' lang='lat' dir='ltr'>Aristophanem.</span> <span class='ocrx_word' id='word_1_235' title='bbox 606 2748 802 2797; x_wconf 82' lang='lat' dir='ltr'>Prologus]</span> <span class='ocrx_word' id='word_1_236' title='bbox 828 2749 1016 2784; x_wconf 83' lang='lat' dir='ltr'>Craticum</span> <span class='ocrx_word' id='word_1_237' title='bbox 1038 2747 1328 2796; x_wconf 76' lang='lat' dir='ltr'>Aristophenon.</span> <span class='ocrx_word' id='word_1_238' title='bbox 1353 2747 1529 2795; x_wconf 81' lang='lat' dir='ltr'>Prologos</span> <span class='ocrx_word' id='word_1_239' title='bbox 1550 2747 1590 2781; x_wconf 88' lang='lat' dir='ltr'>P.</span> 
     </span>
    </p>
   </div>
   <div class='ocr_carea' id='block_1_13' title="bbox 137 2798 1588 2890">
    <p class='ocr_par' dir='ltr' id='par_1_15' title="bbox 137 2798 1588 2890">
     <span class='ocr_line' id='line_1_35' title="bbox 137 2798 1588 2848; baseline -0.003 -11"><span class='ocrx_word' id='word_1_240' title='bbox 137 2800 294 2848; x_wconf 82' lang='lat' dir='ltr'>fmodo]</span> <span class='ocrx_word' id='word_1_241' title='bbox 319 2813 432 2836; x_wconf 88' lang='lat' dir='ltr'>mono</span> <span class='ocrx_word' id='word_1_242' title='bbox 452 2800 494 2835; x_wconf 90' lang='lat' dir='ltr'>P.</span> <span class='ocrx_word' id='word_1_243' title='bbox 600 2807 621 2834; x_wconf 87' lang='lat' dir='ltr'>g</span> <span class='ocrx_word' id='word_1_244' title='bbox 642 2799 748 2848; x_wconf 88' lang='lat' dir='ltr'>item]</span> <span class='ocrx_word' id='word_1_245' title='bbox 773 2801 871 2837; x_wconf 86' lang='lat' dir='ltr'>idem</span> <span class='ocrx_word' id='word_1_246' title='bbox 895 2802 934 2837; x_wconf 87' lang='grc' dir='ltr'>Ρ.</span> <span class='ocrx_word' id='word_1_247' title='bbox 958 2814 1040 2837; x_wconf 84' lang='lat' dir='ltr'>cum</span> <span class='ocrx_word' id='word_1_248' title='bbox 1064 2801 1189 2837; x_wconf 79' lang='lat' dir='ltr'>Rufin.</span> <span class='ocrx_word' id='word_1_249' title='bbox 1301 2799 1321 2826; x_wconf 89' lang='lat' dir='ltr'>h</span> <span class='ocrx_word' id='word_1_250' title='bbox 1341 2798 1588 2842; x_wconf 72' lang='lat' dir='ltr'>aestimantur]</span> 
     </span>
     <span class='ocr_line' id='line_1_36' title="bbox 137 2851 840 2890; baseline -0.003 0"><span class='ocrx_word' id='word_1_251' title='bbox 137 2853 343 2890; x_wconf 85' lang='lat' dir='ltr'>aestimatur</span> <span class='ocrx_word' id='word_1_252' title='bbox 363 2854 405 2890; x_wconf 91' lang='lat' dir='ltr'>P.</span> <span class='ocrx_word' id='word_1_253' title='bbox 435 2851 694 2889; x_wconf 80' lang='lat' dir='ltr'>existimantur</span> <span class='ocrx_word' id='word_1_254' title='bbox 714 2854 840 2889; x_wconf 85' lang='lat' dir='ltr'>Rufin.</span> 
     </span>
    </p>
   </div>
   <div class='ocr_carea' id='block_1_14' title="bbox 141 2936 1518 3039">
    <p class='ocr_par' dir='ltr' id='par_1_16' title="bbox 141 2936 1518 3039">
     <span class='ocr_line' id='line_1_37' title="bbox 195 2936 1518 2988; baseline -0.003 -13"><span class='ocrx_word' id='word_1_255' title='bbox 195 2950 256 2985; x_wconf 86' lang='lat'>33.</span> <span class='ocrx_word' id='word_1_256' title='bbox 279 2936 489 2988; x_wconf 82' lang='lat' dir='ltr'>Quantum]</span> <span class='ocrx_word' id='word_1_257' title='bbox 517 2938 626 2986; x_wconf 86' lang='lat' dir='ltr'>Seqq.</span> <span class='ocrx_word' id='word_1_258' title='bbox 648 2939 739 2974; x_wconf 82' lang='lat' dir='ltr'>citat</span> <span class='ocrx_word' id='word_1_259' title='bbox 759 2939 837 2974; x_wconf 87' lang='lat' dir='ltr'>Ru·</span> <span class='ocrx_word' id='word_1_260' title='bbox 948 2938 996 2973; x_wconf 90' lang='lat' dir='ltr'>ib.</span> <span class='ocrx_word' id='word_1_261' title='bbox 1021 2939 1200 2984; x_wconf 87' lang='lat' dir='ltr'>metrum]</span> <span class='ocrx_word' id='word_1_262' title='bbox 1226 2949 1368 2972; x_wconf 84' lang='lat' dir='ltr'>versum</span> <span class='ocrx_word' id='word_1_263' title='bbox 1391 2936 1518 2972; x_wconf 86' lang='lat' dir='ltr'>Rufin.</span> 
     </span>
     <span class='ocr_line' id='line_1_38' title="bbox 141 2990 1300 3039; baseline -0.003 -13"><span class='ocrx_word' id='word_1_264' title='bbox 141 2991 236 3026; x_wconf 84' lang='lat' dir='ltr'>finus</span> <span class='ocrx_word' id='word_1_265' title='bbox 255 2992 300 3027; x_wconf 85' lang='lat' dir='ltr'>de</span> <span class='ocrx_word' id='word_1_266' title='bbox 320 2992 432 3027; x_wconf 81' lang='lat' dir='ltr'>Metr.</span> <span class='ocrx_word' id='word_1_267' title='bbox 455 2992 564 3028; x_wconf 85' lang='lat' dir='ltr'>Com.</span> <span class='ocrx_word' id='word_1_268' title='bbox 587 3004 620 3039; x_wconf 84' lang='lat' dir='ltr'>p.</span> <span class='ocrx_word' id='word_1_269' title='bbox 642 3002 755 3038; x_wconf 81' lang='lat'>2707.</span> <span class='ocrx_word' id='word_1_270' title='bbox 949 2990 999 3027; x_wconf 87' lang='lat' dir='ltr'>ib.</span> <span class='ocrx_word' id='word_1_271' title='bbox 1021 2991 1081 3037; x_wconf 80' lang='lat' dir='ltr'>ac]</span> <span class='ocrx_word' id='word_1_272' title='bbox 1108 2991 1152 3026; x_wconf 87' lang='lat' dir='ltr'>ad</span> <span class='ocrx_word' id='word_1_273' title='bbox 1173 2991 1300 3025; x_wconf 85' lang='lat' dir='ltr'>Rufin.</span> 
     </span>
    </p>
   </div>
   <div class='ocr_carea' id='block_1_15' title="bbox 868 3056 895 3086">
    <p class='ocr_par' dir='ltr' id='par_1_17' title="bbox 868 3056 895 3086">
     <span class='ocr_line' id='line_1_39' title="bbox 868 3056 895 3086; baseline 0 0"><span class='ocrx_word' id='word_1_274' title='bbox 868 3056 895 3086; x_wconf 93' lang='lat' dir='ltr'>P</span> 
     </span>
    </p>
   </div>
   <div class='ocr_carea' id='block_1_16' title="bbox 1588 736 1627 764">
    <p class='ocr_par' dir='ltr' id='par_1_18' title="bbox 1588 736 1627 764">
     <span class='ocr_line' id='line_1_40' title="bbox 1588 736 1627 764; baseline -0.051 0"><span class='ocrx_word' id='word_1_275' title='bbox 1588 736 1627 764; x_wconf 79' lang='lat'>32</span> 
     </span>
    </p>
   </div>
   <div class='ocr_carea' id='block_1_17' title="bbox 1592 1111 1630 1140">
    <p class='ocr_par' dir='ltr' id='par_1_19' title="bbox 1592 1111 1630 1140">
     <span class='ocr_line' id='line_1_41' title="bbox 1592 1111 1630 1140; baseline -0.026 0"><span class='ocrx_word' id='word_1_276' title='bbox 1592 1112 1608 1140; x_wconf 82' lang='lat'>3</span> <span class='ocrx_word' id='word_1_277' title='bbox 1613 1111 1630 1139; x_wconf 79' lang='lat'><em>3</em></span> 
     </span>
    </p>
   </div>
   <div class='ocr_carea' id='block_1_18' title="bbox 1603 2096 1642 2126">
    <p class='ocr_par' dir='ltr' id='par_1_20' title="bbox 1603 2096 1642 2126">
     <span class='ocr_line' id='line_1_42' title="bbox 1603 2096 1642 2126; baseline 0.026 -1"><span class='ocrx_word' id='word_1_278' title='bbox 1603 2096 1642 2126; x_wconf 81' lang='lat'>37</span> 
     </span>
    </p>
   </div>
   <div class='ocr_carea' id='block_1_19' title="bbox 1608 2545 1648 2583">
    <p class='ocr_par' dir='ltr' id='par_1_21' title="bbox 1608 2545 1648 2583">
     <span class='ocr_line' id='line_1_43' title="bbox 1608 2545 1648 2583; baseline -0.025 0"><span class='ocrx_word' id='word_1_279' title='bbox 1608 2545 1648 2583; x_wconf 65' lang='lat'>38</span> 
     </span>
    </p>
   </div>
  </div>
 </body>
</html>
