1962 3355
131 229 236 259 CAP-
257 222 301 259 3.
573 213 655 257 De
678 212 841 257 metris
864 210 1164 257 Horatianis.
1493 221 1583 260 223

130 334 312 397 primus
350 334 601 397 spondeus,
626 332 860 379 secundus
896 332 1146 388 trochaeus,
1182 330 1347 376 tertius
1385 331 1585 384 iambus,

129 419 324 471 quartus
349 410 580 474 dactylus,
606 409 826 471 ¹quintus
858 407 1076 470 dactylus
1112 408 1185 452 vel
1221 408 1437 461 creticus,
1464 410 1499 453 si
1538 411 1585 453 in

129 486 321 546 longam
348 486 557 532 desinat:
594 485 711 531 mvel
742 501 825 548 per
859 483 1090 547 dipodias,
1119 492 1170 529 ut
1194 492 1377 529 constet
1402 483 1587 529 duobus

129 561 418 608 choriambis
460 561 642 616 mediis,
678 560 930 607 inchoante
969 577 1153 606 versum
1196 559 1421 622 spondeO,
1459 561 1587 606 clau-

128 636 270 683 dente
292 648 447 683 autem
476 638 636 683 iambo
655 637 725 682 vel
751 635 1027 700 pyrrhichio
1048 636 1120 682 vel
1147 636 1407 698 pari-ambo.
1462 636 1588 681 Con-
1606 644 1625 676 6

130 713 283 775 posita
332 725 401 759 est
454 714 555 759 haec
593 713 681 758 ode
721 713 820 758 sine
857 712 1026 775 epodo.
1111 714 1248 768 Sane,
1287 721 1339 756 ut
1386 713 1589 758 breviter

129 790 347 850 quotiens
397 790 500 845 hoc,
550 798 568 818 ¹¹
588 789 633 834 id
676 798 747 834 est
785 788 1099 852 Asclepiadeo
1148 797 1314 844 metro,
1357 788 1586 834 Horatius

131 882 240 911 usus
272 866 346 921 sit,
373 866 506 919 sciaS,
532 884 642 911 usus
669 874 738 911 est
764 865 917 928 primo
943 865 1062 910 libro
1087 863 1354 920 duodecies,
1380 864 1587 910 secundo

128 941 248 987 libro
284 942 447 998 semel,
485 942 622 987 tertio
659 940 894 997 undecies,
930 949 1098 1001 quarto
1135 941 1346 986 ⁰sexies:
1383 958 1584 1003 quorum

128 1018 346 1081 exempla
380 1017 601 1063 inducere
637 1017 764 1080 operi
790 1016 996 1071 tardum,
1023 1026 1068 1062 et
1105 1016 1227 1078 apud
1269 1017 1475 1062 eruditos
1512 1035 1586 1062 su-

127 1111 432 1155 pervacuum,
469 1101 663 1156 accepta
706 1093 849 1138 semel
889 1102 1122 1138 asmatum
1161 1093 1433 1147 structione,
1460 1092 1587 1138 vide-

127 1180 266 1215 retur.

194 1244 411 1291 Secunda
448 1244 536 1289 ode
572 1261 679 1289 cum
719 1242 874 1306 epodo
901 1243 1195 1306 Sapphieum
1233 1253 1437 1289 metrum
1476 1261 1621 1296 con-7

126 1321 261 1366 tinet.
333 1319 474 1372 Quod
509 1337 617 1365 cum
659 1318 718 1364 sit
752 1318 1045 1364 ⁰⁰Alcaicum
1082 1319 1393 1382 Sapphicum,
1424 1330 1582 1365 tamen

128 1395 579 1458 hendecasyllabum
602 1413 625 1440 a
647 1413 846 1440 numero
865 1404 1182 1457 nuncupatur,
1202 1405 1247 1441 et
1273 1395 1399 1457 quod
1419 1413 1475 1440 eo
1495 1395 1583 1441 fre-

126 1473 348 1534 quentius
372 1490 456 1518 usa
482 1473 542 1518 sit
567 1472 763 1536 Sappho
788 1489 932 1534 quam
959 1471 1146 1517 Alcaeus
1182 1481 1403 1534 repertor.
1475 1472 1584 1518 Hu-

119 1549 197 1610 jus
233 1558 487 1595 Pmensura
513 1558 681 1611 quarto
712 1549 851 1595 qeolo
881 1547 1193 1603 concluditur,
1220 1557 1311 1594 tres
1348 1549 1473 1594 enim
1501 1550 1579 1610 qui

127 1635 236 1672 sunt
261 1644 393 1689 pares
420 1625 800 1689 hendecasyllabi
827 1625 1054 1680 existunt,
1080 1623 1159 1679 ita,

322 1703 441 1750 Jam.
465 1704 585 1749 satis
609 1703 754 1749 terris
777 1703 899 1749 nivis
923 1708 1068 1765 atque
1093 1702 1207 1749 dirce

331 1779 601 1826 Grandinis
625 1780 755 1826 misit
771 1786 931 1841 pater,
958 1786 1003 1825 et
1027 1779 1229 1825 rubente

325 1856 546 1902 Dextera
570 1873 734 1902 sacras
741 1855 999 1919 jaculatus
1022 1872 1172 1901 arces.

126 1931 272 1978 Vides
298 1950 485 1977 sensum
525 1932 686 1977 deesse
720 1932 808 1977 nisi
847 1931 1000 1994 epodo
1025 1931 1286 1987 claudatur,
1312 1932 1425 1994 quid
1451 1933 1576 1979 enim
1598 1950 1617 1979 8

125 2008 287 2053 feccrit
310 2008 535 2070 Juppiter
560 2006 846 2053 audiendum
875 2016 971 2053 est:

333 2084 532 2130 Terruit
555 2084 733 2139 urbem,

124 2160 338 2223 implevit
363 2159 740 2223 expectationem
770 2178 946 2206 sensus.
995 2159 1136 2212 Quod
1165 2167 1368 2204 metrum
1389 2168 1582 2206 vocatur

123 2235 385 2281 rdimoeron
411 2235 596 2298 epieon,
634 2234 738 2280 ideo
763 2235 890 2297 quod
922 2235 1040 2281 duos
1078 2234 1220 2297 pedes
1259 2235 1426 2281 heroos
1463 2237 1582 2282 acci-

122 2312 222 2375 piat
245 2312 488 2375 dactylum
518 2320 595 2357 Set
622 2311 901 2374 spondeum.
974 2311 1182 2363 Quidam
1218 2313 1577 2375 pentasyllabon
1598 2334 1617 2363 9

122 2389 309 2453 epodon
330 2389 553 2434 dixerunt
573 2407 598 2434 a
624 2406 822 2434 numero
848 2389 1165 2452 syllabarum;
1204 2389 1281 2434 alii
1307 2389 1578 2436 ttrimoeron

122 2465 319 2528 cpicon:
357 2474 426 2510 est
450 2465 574 2510 enim
605 2483 710 2529 pars
737 2465 873 2510 tertia
898 2465 1018 2528 epici
1045 2483 1221 2521 versus,
1246 2474 1314 2521 ut,

175 2589 185 2616 l
205 2590 357 2640 quintus
378 2591 544 2641 dactylus
565 2604 640 2627 om.
662 2592 701 2627 P.
850 2598 881 2616 m
900 2591 976 2638 vel]
1003 2599 1017 2626 t
1037 2592 1077 2627 P.
1227 2598 1245 2616 n
1267 2591 1303 2627 id
1325 2593 1398 2639 est]
1420 2593 1516 2627 idem
1539 2594 1579 2628 P.

122 2650 141 2669 o
160 2643 316 2693 septies]
341 2645 457 2680 sexies
480 2645 519 2681 P.
596 2651 635 2670 00
655 2642 865 2691 Alcaicum]
888 2644 1087 2680 Alceacnm
1108 2645 1148 2680 P.
1229 2651 1249 2679 P
1265 2646 1454 2693 mensura]
1476 2658 1581 2681 men-

122 2710 215 2733 surae
233 2698 273 2733 P.
347 2702 365 2725 ‘1
381 2697 481 2744 eolo]
501 2697 582 2733 loco
602 2699 643 2734 P.
661 2705 699 2733 et
719 2710 817 2740 mox,
831 2697 1026 2734 exsistunt.
1106 2704 1121 2723 r
1137 2696 1339 2745 dimetron]
1358 2698 1524 2734 dimeron
1541 2700 1579 2734 P.

123 2757 137 2776 s
158 2751 385 2800 spondeum]
409 2759 445 2786 et
465 2751 671 2800 spondeum
693 2752 732 2787 P.
844 2750 858 2776 t
881 2750 1095 2798 trimetron]
1120 2751 1313 2787 trimoeron
1338 2752 1377 2787 P.

177 2850 215 2886 9.
252 2835 311 2872 alii
344 2835 540 2872 trimetron
574 2835 726 2885 epicon]
773 2837 825 2872 Et
882 2838 990 2872 tertia
1009 2838 1099 2884 epici
1117 2849 1249 2872 versus.
1298 2837 1369 2873 Sed
1399 2850 1510 2885 quum
1542 2844 1579 2872 et

124 2890 184 2926 hic
221 2892 400 2925 trimoeron
433 2890 635 2938 legendum
671 2890 824 2933 videtur,
881 2903 915 2938 p.
933 2890 1020 2938 238,
1039 2902 1098 2926 10.
1119 2890 1252 2926 iterum
1271 2888 1485 2938 reperiatur,
1503 2890 1577 2926 hae-

124 2955 271 2979 cansam
309 2942 409 2978 enim
446 2941 575 2984 reddit,
607 2942 706 2990 quod
737 2955 825 2989 pars
880 2942 965 2979 sito.
1005 2943 1182 2979 COMM.
1256 2941 1477 2992 Legendum
1509 2956 1577 2991 pu-
