1962 3355
276 333 316 360 24

285 2141 322 2170 26

333 186 429 244 396
956 185 1164 249 Rufinus

402 307 563 353 pIdem
591 307 656 353 sic
680 307 795 353 dicit
818 307 876 353 de
900 306 1257 370 Theophrasto:
1293 312 1320 330 “
1346 303 1600 365 ‘lNamque
1620 319 1708 366 ego
1732 303 1786 348 il-

335 383 415 429 lud
453 384 679 430 assentior
713 383 1060 447 Theophrasto,
1098 382 1177 443 qui
1214 390 1348 443 putat
1384 381 1643 425 orationem
1682 396 1786 441 quae

337 467 364 486 “
391 459 582 522 quidem
625 459 685 504 sit
724 459 872 522 polita
915 467 1056 519 atque
1097 457 1220 502 facta
1260 454 1651 517 rquodammodo,
1691 473 1784 500 non

337 542 364 561 “
391 535 595 589 astricte,
615 534 694 580 sed
716 534 954 580 remissius
973 548 1273 577 numerosam
1295 547 1394 575 esse
1413 538 1665 593 Soportere.
1701 530 1788 576 Et-

337 618 364 636 “
390 611 517 656 enim
550 611 670 656 sicut
705 610 782 655 ille
819 609 1096 671 suspicatur,
1133 617 1240 670 post
1264 616 1527 671 anapaestus
1553 607 1789 670 procerior

338 693 365 711 “
391 686 582 748 quidem
610 703 833 732 numerus
859 685 1073 739 effloruit,
1099 683 1206 730 inde
1231 683 1309 730 ille
1343 683 1558 729 licentior
1591 691 1638 728 et
1670 682 1788 728 divi-

338 769 365 787 “
391 762 481 807 tior
513 762 650 807 fluxit
678 760 1024 823 dsthyrambus,
1056 759 1189 820 cujus
1228 761 1439 805 membra
1473 768 1520 805 et
1551 758 1710 822 pedeS,
1737 767 1788 804 ut

303 859 314 865 ·
338 845 365 862 ‘⁶
392 837 455 882 ait
480 836 622 890 idem,
649 845 757 882 suut
783 836 831 881 in
857 836 986 882 omni
1012 836 1237 899 locupleti
1263 836 1472 882 oratione
1496 834 1702 881 diffusa.''

402 912 538 958 Idem
564 911 730 957 Cicero
756 911 801 956 in
830 911 1007 957 tBruto
1036 911 1127 957 sic:
1166 911 1386 958 “Extitit
1417 910 1561 974 igitur
1587 910 1689 971 jam
1721 927 1790 956 se-

338 988 473 1034 nibus
510 987 617 1044 illis,
641 997 786 1049 unos
823 987 966 1050 paulo
1001 996 1108 1033 ante
1143 987 1366 1044 diximus,
1391 987 1635 1044 Isocrates,
1657 986 1788 1048 cujus

338 1072 364 1089 “
391 1063 561 1110 domus
593 1072 775 1109 cunctae
807 1063 1045 1110 wGraeciae
1071 1064 1202 1125 quasi
1240 1063 1377 1109 ludus
1411 1062 1603 1124 quidam
1637 1061 1790 1125 patuit

338 1147 365 1165 “
392 1150 532 1202 atque
548 1138 736 1185 officina
755 1138 957 1193 dicendi,
979 1157 1178 1201 magnus
1198 1148 1351 1185 orator
1370 1148 1416 1185 et
1437 1138 1670 1202 perfectus
1691 1155 1789 1184 ma-

339 1225 365 1241 “
393 1216 549 1278 gister‚
571 1232 841 1277 quanquam
864 1214 1036 1261 forensi
1058 1216 1161 1261 luce
1180 1216 1342 1273 caruit,
1358 1215 1572 1278 intraque
1589 1214 1790 1278 parietes

339 1300 365 1317 ‘⁴
393 1292 508 1338 aluit
549 1309 653 1337 eam
703 1291 917 1353 gloriam,
954 1309 1095 1354 quam
1146 1310 1302 1348 nemo,
1341 1309 1448 1337 meo
1486 1291 1683 1352 judicio,
1721 1299 1790 1336 est

339 1376 365 1394 ‘⁶
393 1378 532 1431 pocta
556 1378 852 1414 consecutus.
899 1368 945 1414 Is
971 1377 1017 1414 et
1042 1369 1142 1431 ipse
1168 1368 1354 1430 scripsit
1380 1370 1527 1413 multa
1552 1366 1789 1430 praeclare,

339 1454 366 1470 “
392 1454 437 1490 et
462 1444 623 1490 docuit
648 1444 777 1500 alios,
802 1453 847 1489 et
872 1461 981 1490 cum
1008 1453 1161 1490 cetera
1187 1444 1355 1489 melius
1380 1461 1522 1505 quarn
1551 1443 1790 1507 xsuperio-

340 1528 366 1546 “
394 1537 480 1575 res,
507 1529 610 1565 tum
646 1518 826 1582 primus
863 1519 1099 1565 intellexit
1128 1519 1268 1565 etiam
1307 1519 1355 1564 in
1392 1519 1544 1565 soluta
1568 1519 1791 1576 oratione,

340 1604 367 1621 ‘⁴
393 1595 507 1641 dum
540 1611 723 1639 versum
761 1594 1000 1657 effugeret,
1026 1595 1221 1641 modum
1260 1604 1418 1641 tamen
1456 1604 1503 1641 et
1537 1612 1788 1641 numerum

340 1680 367 1697 ‘⁶
394 1670 631 1733 quendam
657 1679 872 1732 oportere
907 1671 1092 1715 servari.
1161 1672 1288 1716 Ante
1326 1672 1452 1717 hunc
1477 1671 1603 1716 enim
1630 1672 1792 1717 verbo-

340 1756 367 1772 “
395 1764 497 1792 rum
527 1745 659 1807 quasi
698 1755 932 1791 structura
967 1755 1014 1791 et
1046 1745 1264 1807 quaedam
1301 1746 1357 1792 ad
1394 1764 1645 1793 numerum
1683 1763 1794 1792 con-

341 1831 367 1847 “
394 1822 542 1867 clusio
567 1821 695 1866 nulla
721 1830 834 1876 erat,
857 1829 971 1867 yaut
997 1821 1032 1866 si
1061 1821 1250 1883 quando
1275 1832 1385 1879 erat,
1410 1841 1502 1868 non
1538 1823 1803 1886 apparebat

341 1909 367 1923 ‘⁸
394 1915 496 1943 eam
525 1896 682 1942 dedita
707 1914 847 1957 opera
870 1915 970 1943 esse
995 1898 1258 1959 quaesitam.
1330 1900 1449 1951 Quae
1473 1899 1666 1945 forsitan
1694 1899 1793 1944 laus

343 1985 368 1999 ‘⁶
399 1974 472 2030 sit,
487 1983 794 2019 veruntamen
823 1983 988 2019 natura
1015 1973 1164 2036 magis
1188 1983 1317 2031 tunc,
1344 1993 1550 2037 casuque
1576 1991 1794 2020 nonnun-

342 2062 368 2076 “
397 2067 556 2112 quam,
600 2049 724 2095 haud
770 2050 947 2095 ratione
995 2050 1165 2112 aliqua,
1208 2060 1289 2097 aut
1328 2051 1422 2097 ulla
1468 2050 1793 2096 observatione

343 2134 369 2151 “
399 2125 582 2171 fiebat.'’

409 2201 506 2247 ZFl.
524 2201 761 2265 Sosipater
778 2201 1021 2247 Charisius
1039 2202 1096 2248 de
1117 2202 1323 2248 numeris
1347 2202 1412 2248 sic
1430 2202 1571 2248 dicit:
1600 2209 1627 2227 ‘⁴
1646 2201 1795 2247 aBac0

343 2277 531 2323 chicum
560 2286 763 2323 metrum
789 2278 883 2323 tale
907 2287 992 2333 est,
1332 2266 1335 2267 ⁷

573 2358 599 2376 ‘⁶
623 2352 853 2398 Bacchum,
876 2353 1032 2402 latare,
1047 2358 1258 2408 prcesente
1282 2353 1508 2393 Frontone.

346 2436 373 2452 ‘⁶
402 2426 492 2471 hoc
518 2425 701 2471 videtur
732 2425 787 2471 ad
825 2425 1037 2488 bprosam
1066 2426 1332 2471 convenire.
1407 2427 1471 2473 Et
1497 2444 1606 2473 sane
1631 2428 1795 2474 multis

348 2510 374 2527 ‘⁶
402 2501 600 2565 pedibus
636 2501 683 2546 in
718 2501 927 2546 oratione
964 2501 1155 2556 utimur,
1180 2501 1288 2548 licet
1321 2503 1449 2548 stulti
1487 2512 1659 2566 putent
1683 2504 1797 2549 libe-

348 2586 373 2603 “
401 2595 502 2623 rum
531 2595 555 2622 a
580 2577 777 2622 vinculis
804 2576 977 2639 pedum
1006 2594 1270 2624 sermonem
1298 2596 1446 2641 prosae
1471 2597 1570 2625 esse
1589 2579 1798 2626 debere.”

401 2696 419 2721 q
440 2689 499 2723 De
520 2690 624 2722 Orat.
646 2687 718 2722 III.
742 2687 803 2732 48.
939 2694 954 2712 r
974 2688 1269 2736 quodammodo]
1292 2704 1328 2739 g.
1349 2694 1397 2727 no
1421 2691 1514 2727 Ven.
1653 2699 1665 2718 ⁵
1685 2704 1795 2739 opor-

349 2741 441 2786 tere]
464 2747 611 2789 oportet
629 2739 724 2775 Ven.
807 2739 821 2764 t
841 2740 978 2787 Bruto]
1005 2754 1035 2776 c.
1056 2741 1090 2776 8.
1178 2750 1194 2767 v
1215 2745 1325 2791 quos]
1350 2744 1448 2792 quod
1467 2744 1562 2780 Ven.
1642 2751 1670 2769 W
1690 2745 1795 2779 Grae-

347 2795 429 2839 ciae]
452 2792 579 2842 gratiae
601 2793 694 2828 Ven.
806 2798 824 2817 x
845 2791 1066 2840 superiores]
1091 2794 1256 2842 superior
1279 2797 1375 2832 Ven.
1479 2803 1498 2831 Y
1517 2804 1579 2832 aut
1597 2796 1626 2832 si
1647 2797 1795 2845 quando

347 2855 424 2882 erat
444 2859 517 2888 011¹·
538 2845 629 2881 Ven.
685 2851 702 2870 Ζ
719 2844 794 2890 Fl.]
813 2844 893 2881 Flu.
906 2845 999 2881 Ven.
1014 2846 1092 2881 Ful.
1110 2847 1195 2883 Ald.
1213 2861 1244 2884 v,
1262 2848 1437 2885 Diomed.
1461 2862 1496 2897 p.
1513 2860 1600 2896 513.
1667 2856 1685 2875 a
1699 2849 1795 2885 Bac-

347 2898 490 2946 chium]
517 2898 760 2934 Bacchiae-um
782 2899 875 2933 Ven.
899 2898 1123 2934 Bacchicum
1144 2900 1226 2936 Ald.
1303 2899 1322 2927 b
1342 2903 1506 2951 prosam]
1530 2914 1683 2951 psonam
1702 2902 1793 2938 Ven.
