<?xml version="1.0" encoding="UTF-8"?>
<!DOCTYPE html PUBLIC "-//W3C//DTD XHTML 1.0 Transitional//EN"
    "http://www.w3.org/TR/xhtml1/DTD/xhtml1-transitional.dtd">
<html xmlns="http://www.w3.org/1999/xhtml" xml:lang="en" lang="en">
 <head>
  <title>
</title>
<meta http-equiv="Content-Type" content="text/html;charset=utf-8" />
  <meta name='ocr-system' content='tesseract 3.04.00' />
  <meta name='ocr-capabilities' content='ocr_page ocr_carea ocr_par ocr_line ocrx_word'/>
</head>
<body>
  <div class='ocr_page' id='page_1' title='image "./scriptoreslatini00gaisuoft_0086.png"; bbox 0 0 1962 3355; ppageno 0'>
   <div class='ocr_carea' id='block_1_1' title="bbox 346 204 1798 253">
    <p class='ocr_par' dir='ltr' id='par_1_1' title="bbox 346 204 1798 253">
     <span class='ocr_line' id='line_1_1' title="bbox 346 204 1798 253; baseline -0.006 3"><span class='ocrx_word' id='word_1_1' title='bbox 346 204 406 251; x_wconf 82' lang='grc'>68</span> <span class='ocrx_word' id='word_1_2' title='bbox 841 206 1001 253; x_wconf 76' lang='lat' dir='ltr'>Marii</span> <span class='ocrx_word' id='word_1_3' title='bbox 1027 207 1264 253; x_wconf 78' lang='lat' dir='ltr'><em>Victorini</em></span> <span class='ocrx_word' id='word_1_4' title='bbox 1640 219 1736 249; x_wconf 68' lang='grc' dir='ltr'>ΜΒ.</span> <span class='ocrx_word' id='word_1_5' title='bbox 1763 217 1798 248; x_wconf 95' lang='lat'>1.</span> 
     </span>
    </p>
   </div>
   <div class='ocr_carea' id='block_1_2' title="bbox 291 324 1822 2519">
    <p class='ocr_par' dir='ltr' id='par_1_2' title="bbox 291 324 1822 2519">
     <span class='ocr_line' id='line_1_2' title="bbox 347 324 1801 391; baseline -0.001 -20"><span class='ocrx_word' id='word_1_6' title='bbox 347 336 394 371; x_wconf 91' lang='lat' dir='ltr'>et</span> <span class='ocrx_word' id='word_1_7' title='bbox 418 327 618 389; x_wconf 81' lang='lat' dir='ltr'>cyathus</span> <span class='ocrx_word' id='word_1_8' title='bbox 643 327 814 391; x_wconf 81' lang='lat' dir='ltr'>exigua</span> <span class='ocrx_word' id='word_1_9' title='bbox 842 346 1072 374; x_wconf 86' lang='lat' dir='ltr'>mensurae</span> <span class='ocrx_word' id='word_1_10' title='bbox 1101 327 1270 390; x_wconf 83' lang='lat' dir='ltr'>portio,</span> <span class='ocrx_word' id='word_1_11' title='bbox 1296 325 1490 387; x_wconf 89' lang='lat' dir='ltr'>parique</span> <span class='ocrx_word' id='word_1_12' title='bbox 1514 325 1693 370; x_wconf 85' lang='lat' dir='ltr'>ratione</span> <span class='ocrx_word' id='word_1_13' title='bbox 1718 324 1801 370; x_wconf 89' lang='lat' dir='ltr'>de-</span> 
     </span>
     <span class='ocr_line' id='line_1_3' title="bbox 292 402 1802 467; baseline -0.001 -20"><span class='ocrx_word' id='word_1_14' title='bbox 292 420 329 442; x_wconf 88' lang='lat'>22</span> <span class='ocrx_word' id='word_1_15' title='bbox 349 403 594 466; x_wconf 86' lang='lat' dir='ltr'>cempeda,</span> <span class='ocrx_word' id='word_1_16' title='bbox 625 413 672 450; x_wconf 89' lang='lat' dir='ltr'>et</span> <span class='ocrx_word' id='word_1_17' title='bbox 708 422 805 467; x_wconf 85' lang='lat' dir='ltr'>pes,</span> <span class='ocrx_word' id='word_1_18' title='bbox 841 413 888 449; x_wconf 87' lang='lat' dir='ltr'>et</span> <span class='ocrx_word' id='word_1_19' title='bbox 919 403 1121 466; x_wconf 84' lang='lat' dir='ltr'>digitus:</span> <span class='ocrx_word' id='word_1_20' title='bbox 1160 402 1226 447; x_wconf 88' lang='lat' dir='ltr'>sic</span> <span class='ocrx_word' id='word_1_21' title='bbox 1266 410 1313 446; x_wconf 91' lang='lat' dir='ltr'>et</span> <span class='ocrx_word' id='word_1_22' title='bbox 1348 409 1476 446; x_wconf 89' lang='lat' dir='ltr'>totus</span> <span class='ocrx_word' id='word_1_23' title='bbox 1508 418 1667 446; x_wconf 88' lang='lat' dir='ltr'>versus</span> <span class='ocrx_word' id='word_1_24' title='bbox 1706 418 1802 446; x_wconf 88' lang='lat' dir='ltr'>me—</span> 
     </span>
     <span class='ocr_line' id='line_1_4' title="bbox 348 477 1802 542; baseline -0.002 -18"><span class='ocrx_word' id='word_1_25' title='bbox 348 488 492 535; x_wconf 90' lang='lat' dir='ltr'>trum,</span> <span class='ocrx_word' id='word_1_26' title='bbox 516 488 563 525; x_wconf 89' lang='lat' dir='ltr'>et</span> <span class='ocrx_word' id='word_1_27' title='bbox 589 480 761 542; x_wconf 82' lang='lat' dir='ltr'>singuli</span> <span class='ocrx_word' id='word_1_28' title='bbox 788 479 929 542; x_wconf 88' lang='lat' dir='ltr'>pedes</span> <span class='ocrx_word' id='word_1_29' title='bbox 955 478 1128 540; x_wconf 89' lang='lat' dir='ltr'>quibus</span> <span class='ocrx_word' id='word_1_30' title='bbox 1153 494 1260 522; x_wconf 89' lang='lat' dir='ltr'>eum</span> <span class='ocrx_word' id='word_1_31' title='bbox 1287 477 1525 530; x_wconf 77' lang='lat' dir='ltr'><strong>metimur,</strong></span> <span class='ocrx_word' id='word_1_32' title='bbox 1545 486 1696 522; x_wconf 86' lang='lat' dir='ltr'>metra</span> <span class='ocrx_word' id='word_1_33' title='bbox 1720 493 1802 521; x_wconf 91' lang='lat' dir='ltr'>no-</span> 
     </span>
     <span class='ocr_line' id='line_1_5' title="bbox 291 552 1800 616; baseline -0.003 -15"><span class='ocrx_word' id='word_1_34' title='bbox 291 572 330 601; x_wconf 81' lang='lat'>23</span> <span class='ocrx_word' id='word_1_35' title='bbox 349 555 606 601; x_wconf 88' lang='lat' dir='ltr'>minantur.</span> <span class='ocrx_word' id='word_1_36' title='bbox 647 555 814 616; x_wconf 90' lang='lat' dir='ltr'>Itaque</span> <span class='ocrx_word' id='word_1_37' title='bbox 837 554 948 616; x_wconf 89' lang='lat' dir='ltr'>quia</span> <span class='ocrx_word' id='word_1_38' title='bbox 973 563 1081 599; x_wconf 91' lang='lat' dir='ltr'>sunt</span> <span class='ocrx_word' id='word_1_39' title='bbox 1105 554 1246 599; x_wconf 86' lang='lat' dir='ltr'>verba</span> <span class='ocrx_word' id='word_1_40' title='bbox 1271 554 1408 598; x_wconf 89' lang='lat' dir='ltr'>rebus</span> <span class='ocrx_word' id='word_1_41' title='bbox 1433 552 1669 616; x_wconf 88' lang='lat' dir='ltr'>pauciora,</span> <span class='ocrx_word' id='word_1_42' title='bbox 1689 569 1800 596; x_wconf 88' lang='lat' dir='ltr'>nam</span> 
     </span>
     <span class='ocr_line' id='line_1_6' title="bbox 349 628 1802 695; baseline -0.003 -18"><span class='ocrx_word' id='word_1_43' title='bbox 349 641 541 695; x_wconf 85' lang='lat' dir='ltr'>propter</span> <span class='ocrx_word' id='word_1_44' title='bbox 564 631 799 676; x_wconf 83' lang='lat' dir='ltr'>infinitam</span> <span class='ocrx_word' id='word_1_45' title='bbox 826 646 979 674; x_wconf 89' lang='lat' dir='ltr'>rerum</span> <span class='ocrx_word' id='word_1_46' title='bbox 1005 629 1381 684; x_wconf 79' lang='lat' dir='ltr'>multitudinem,</span> <span class='ocrx_word' id='word_1_47' title='bbox 1401 628 1474 674; x_wconf 87' lang='lat' dir='ltr'>cui</span> <span class='ocrx_word' id='word_1_48' title='bbox 1502 644 1802 690; x_wconf 82' lang='lat' dir='ltr'>nequaquam</span> 
     </span>
     <span class='ocr_line' id='line_1_7' title="bbox 350 703 1804 768; baseline -0.003 -15"><span class='ocrx_word' id='word_1_49' title='bbox 350 708 571 753; x_wconf 89' lang='lat' dir='ltr'>omnibus</span> <span class='ocrx_word' id='word_1_50' title='bbox 608 707 833 751; x_wconf 89' lang='lat' dir='ltr'>vocabula</span> <span class='ocrx_word' id='word_1_51' title='bbox 869 706 1057 768; x_wconf 81' lang='lat' dir='ltr'>propria</span> <span class='ocrx_word' id='word_1_52' title='bbox 1092 705 1428 761; x_wconf 77' lang='lat' dir='ltr'>invenirentur,</span> <span class='ocrx_word' id='word_1_53' title='bbox 1453 722 1558 766; x_wconf 86' lang='lat' dir='ltr'>quae</span> <span class='ocrx_word' id='word_1_54' title='bbox 1590 704 1707 749; x_wconf 86' lang='lat' dir='ltr'>ratio</span> <span class='ocrx_word' id='word_1_55' title='bbox 1736 703 1804 748; x_wconf 92' lang='lat' dir='ltr'>lo-</span> 
     </span>
     <span class='ocr_line' id='line_1_8' title="bbox 351 779 1804 844; baseline -0.003 -16"><span class='ocrx_word' id='word_1_56' title='bbox 351 783 524 844; x_wconf 75' lang='lat' dir='ltr'>quendi</span> <span class='ocrx_word' id='word_1_57' title='bbox 564 782 818 843; x_wconf 82' lang='lat' dir='ltr'>flagitabat,</span> <span class='ocrx_word' id='word_1_58' title='bbox 843 783 1152 828; x_wconf 58' lang='lat' dir='ltr'>&amp;translatitie</span> <span class='ocrx_word' id='word_1_59' title='bbox 1189 800 1212 828; x_wconf 92' lang='lat' dir='ltr'>a</span> <span class='ocrx_word' id='word_1_60' title='bbox 1242 798 1543 843; x_wconf 88' lang='lat' dir='ltr'>quacumque</span> <span class='ocrx_word' id='word_1_61' title='bbox 1579 798 1626 826; x_wconf 90' lang='lat' dir='ltr'>re</span> <span class='ocrx_word' id='word_1_62' title='bbox 1662 779 1804 825; x_wconf 89' lang='lat' dir='ltr'>simili</span> 
     </span>
     <span class='ocr_line' id='line_1_9' title="bbox 351 856 1806 921; baseline -0.003 -17"><span class='ocrx_word' id='word_1_63' title='bbox 351 877 404 904; x_wconf 88' lang='lat' dir='ltr'>ac</span> <span class='ocrx_word' id='word_1_64' title='bbox 441 857 654 921; x_wconf 84' lang='lat' dir='ltr'>proxima</span> <span class='ocrx_word' id='word_1_65' title='bbox 686 857 909 920; x_wconf 85' lang='lat' dir='ltr'>pleraque</span> <span class='ocrx_word' id='word_1_66' title='bbox 945 858 1169 920; x_wconf 86' lang='lat' dir='ltr'>appellari</span> <span class='ocrx_word' id='word_1_67' title='bbox 1202 857 1496 921; x_wconf 85' lang='lat' dir='ltr'>hcoeperunt,</span> <span class='ocrx_word' id='word_1_68' title='bbox 1521 866 1574 902; x_wconf 92' lang='lat' dir='ltr'>ut</span> <span class='ocrx_word' id='word_1_69' title='bbox 1598 856 1645 901; x_wconf 90' lang='lat' dir='ltr'>in</span> <span class='ocrx_word' id='word_1_70' title='bbox 1672 872 1806 900; x_wconf 90' lang='lat' dir='ltr'>mon-</span> 
     </span>
     <span class='ocr_line' id='line_1_10' title="bbox 351 932 1805 996; baseline -0.002 -17"><span class='ocrx_word' id='word_1_71' title='bbox 351 935 476 980; x_wconf 83' lang='lat' dir='ltr'>tibus</span> <span class='ocrx_word' id='word_1_72' title='bbox 502 933 715 989; x_wconf 86' lang='lat' dir='ltr'>vertices,</span> <span class='ocrx_word' id='word_1_73' title='bbox 741 934 786 978; x_wconf 88' lang='lat' dir='ltr'>in</span> <span class='ocrx_word' id='word_1_74' title='bbox 813 933 988 979; x_wconf 87' lang='lat' dir='ltr'>vitibus</span> <span class='ocrx_word' id='word_1_75' title='bbox 1013 934 1211 996; x_wconf 81' lang='lat' dir='ltr'>flagella,</span> <span class='ocrx_word' id='word_1_76' title='bbox 1237 932 1283 978; x_wconf 90' lang='lat' dir='ltr'>in</span> <span class='ocrx_word' id='word_1_77' title='bbox 1308 933 1516 978; x_wconf 80' lang='lat' dir='ltr'>exercitu</span> <span class='ocrx_word' id='word_1_78' title='bbox 1543 932 1679 988; x_wconf 86' lang='lat' dir='ltr'>acies,</span> <span class='ocrx_word' id='word_1_79' title='bbox 1704 932 1805 987; x_wconf 79' lang='lat' dir='ltr'>alae,</span> 
     </span>
     <span class='ocr_line' id='line_1_11' title="bbox 352 1006 1808 1072; baseline -0.003 -17"><span class='ocrx_word' id='word_1_80' title='bbox 352 1020 398 1056; x_wconf 92' lang='lat' dir='ltr'>et</span> <span class='ocrx_word' id='word_1_81' title='bbox 434 1027 622 1066; x_wconf 88' lang='lat' dir='ltr'>cornua,</span> <span class='ocrx_word' id='word_1_82' title='bbox 655 1009 701 1054; x_wconf 89' lang='lat' dir='ltr'>in</span> <span class='ocrx_word' id='word_1_83' title='bbox 741 1009 937 1055; x_wconf 89' lang='lat' dir='ltr'>surculis</span> <span class='ocrx_word' id='word_1_84' title='bbox 971 1027 1190 1072; x_wconf 74' lang='lat' dir='ltr'>gemmae,</span> <span class='ocrx_word' id='word_1_85' title='bbox 1227 1018 1274 1054; x_wconf 91' lang='lat' dir='ltr'>et</span> <span class='ocrx_word' id='word_1_86' title='bbox 1308 1008 1481 1054; x_wconf 85' lang='lat' dir='ltr'>icetera</span> <span class='ocrx_word' id='word_1_87' title='bbox 1513 1025 1596 1071; x_wconf 91' lang='lat' dir='ltr'>per</span> <span class='ocrx_word' id='word_1_88' title='bbox 1628 1006 1808 1052; x_wconf 82' lang='lat' dir='ltr'>kmeta-</span> 
     </span>
     <span class='ocr_line' id='line_1_12' title="bbox 294 1082 1809 1151; baseline -0.003 -20"><span class='ocrx_word' id='word_1_89' title='bbox 294 1087 550 1151; x_wconf 75' lang='lat' dir='ltr'>24Pl]OI&#39;311]</span> <span class='ocrx_word' id='word_1_90' title='bbox 592 1086 829 1133; x_wconf 86' lang='lat' dir='ltr'>translata.</span> <span class='ocrx_word' id='word_1_91' title='bbox 900 1085 1106 1138; x_wconf 82' lang='lat' dir='ltr'>Quidam</span> <span class='ocrx_word' id='word_1_92' title='bbox 1151 1094 1308 1132; x_wconf 89' lang='lat' dir='ltr'>autem</span> <span class='ocrx_word' id='word_1_93' title='bbox 1352 1102 1444 1130; x_wconf 92' lang='lat' dir='ltr'>non</span> <span class='ocrx_word' id='word_1_94' title='bbox 1482 1083 1650 1147; x_wconf 85' lang='lat' dir='ltr'>pedem</span> <span class='ocrx_word' id='word_1_95' title='bbox 1690 1082 1809 1128; x_wconf 88' lang='lat' dir='ltr'>lme-</span> 
     </span>
     <span class='ocr_line' id='line_1_13' title="bbox 352 1161 1811 1224; baseline -0.003 -15"><span class='ocrx_word' id='word_1_96' title='bbox 352 1174 477 1210; x_wconf 90' lang='lat' dir='ltr'>trum</span> <span class='ocrx_word' id='word_1_97' title='bbox 505 1181 604 1208; x_wconf 90' lang='lat' dir='ltr'>esse</span> <span class='ocrx_word' id='word_1_98' title='bbox 629 1163 811 1217; x_wconf 86' lang='lat' dir='ltr'>volunt,</span> <span class='ocrx_word' id='word_1_99' title='bbox 837 1162 917 1208; x_wconf 89' lang='lat' dir='ltr'>sed</span> <span class='ocrx_word' id='word_1_100' title='bbox 956 1162 1202 1224; x_wconf 80' lang='lat' dir='ltr'>syllabam,</span> <span class='ocrx_word' id='word_1_101' title='bbox 1227 1161 1354 1224; x_wconf 94' lang='lat' dir='ltr'>quod</span> <span class='ocrx_word' id='word_1_102' title='bbox 1388 1162 1476 1207; x_wconf 88' lang='lat' dir='ltr'>hac</span> <span class='ocrx_word' id='word_1_103' title='bbox 1511 1161 1668 1223; x_wconf 90' lang='lat' dir='ltr'>ipsum</span> <span class='ocrx_word' id='word_1_104' title='bbox 1695 1176 1811 1221; x_wconf 92' lang='lat' dir='ltr'>quo-</span> 
     </span>
     <span class='ocr_line' id='line_1_14' title="bbox 353 1238 1810 1303; baseline -0.003 -17"><span class='ocrx_word' id='word_1_105' title='bbox 353 1259 444 1303; x_wconf 91' lang='lat' dir='ltr'>que</span> <span class='ocrx_word' id='word_1_106' title='bbox 479 1239 650 1303; x_wconf 89' lang='lat' dir='ltr'>pedem</span> <span class='ocrx_word' id='word_1_107' title='bbox 694 1239 960 1294; x_wconf 86' lang='lat' dir='ltr'>metiamur,</span> <span class='ocrx_word' id='word_1_108' title='bbox 998 1251 1045 1284; x_wconf 85' lang='lat' dir='ltr'>et</span> <span class='ocrx_word' id='word_1_109' title='bbox 1080 1239 1247 1300; x_wconf 82' lang='lat' dir='ltr'>mquod</span> <span class='ocrx_word' id='word_1_110' title='bbox 1281 1238 1415 1284; x_wconf 83' lang='lat' dir='ltr'>finita</span> <span class='ocrx_word' id='word_1_111' title='bbox 1456 1255 1555 1283; x_wconf 91' lang='lat' dir='ltr'>esse</span> <span class='ocrx_word' id='word_1_112' title='bbox 1591 1253 1810 1283; x_wconf 85' lang='lat' dir='ltr'>mensura</span> 
     </span>
     <span class='ocr_line' id='line_1_15' title="bbox 295 1312 1811 1379; baseline -0.003 -17"><span class='ocrx_word' id='word_1_113' title='bbox 295 1336 331 1367; x_wconf 86' lang='lat'>25</span> <span class='ocrx_word' id='word_1_114' title='bbox 353 1316 538 1370; x_wconf 88' lang='lat' dir='ltr'>debeat,</span> <span class='ocrx_word' id='word_1_115' title='bbox 575 1315 716 1379; x_wconf 88' lang='lat' dir='ltr'>pedes</span> <span class='ocrx_word' id='word_1_116' title='bbox 754 1324 910 1361; x_wconf 86' lang='lat' dir='ltr'>autem</span> <span class='ocrx_word' id='word_1_117' title='bbox 959 1315 1005 1360; x_wconf 91' lang='lat' dir='ltr'>in</span> <span class='ocrx_word' id='word_1_118' title='bbox 1047 1332 1182 1360; x_wconf 89' lang='lat' dir='ltr'>versu</span> <span class='ocrx_word' id='word_1_119' title='bbox 1221 1314 1501 1360; x_wconf 66' lang='lat' dir='ltr'>”variantun</span> <span class='ocrx_word' id='word_1_120' title='bbox 1570 1312 1667 1358; x_wconf 87' lang='lat' dir='ltr'>Alii</span> <span class='ocrx_word' id='word_1_121' title='bbox 1712 1330 1811 1358; x_wconf 84' lang='lat' dir='ltr'>rur-</span> 
     </span>
     <span class='ocr_line' id='line_1_16' title="bbox 354 1391 1812 1454; baseline -0.003 -17"><span class='ocrx_word' id='word_1_122' title='bbox 354 1410 457 1438; x_wconf 87' lang='lat' dir='ltr'>sum</span> <span class='ocrx_word' id='word_1_123' title='bbox 496 1409 584 1437; x_wconf 88' lang='lat' dir='ltr'>nec</span> <span class='ocrx_word' id='word_1_124' title='bbox 632 1391 803 1454; x_wconf 89' lang='lat' dir='ltr'>pedem</span> <span class='ocrx_word' id='word_1_125' title='bbox 846 1409 933 1437; x_wconf 88' lang='lat' dir='ltr'>nec</span> <span class='ocrx_word' id='word_1_126' title='bbox 980 1391 1209 1454; x_wconf 83' lang='lat' dir='ltr'>syllabam</span> <span class='ocrx_word' id='word_1_127' title='bbox 1250 1399 1457 1436; x_wconf 89' lang='lat' dir='ltr'>metrum</span> <span class='ocrx_word' id='word_1_128' title='bbox 1505 1398 1676 1452; x_wconf 89' lang='lat' dir='ltr'>putant</span> <span class='ocrx_word' id='word_1_129' title='bbox 1711 1406 1812 1434; x_wconf 86' lang='lat' dir='ltr'>esse</span> 
     </span>
     <span class='ocr_line' id='line_1_17' title="bbox 354 1465 1812 1531; baseline -0.003 -17"><span class='ocrx_word' id='word_1_130' title='bbox 354 1468 628 1525; x_wconf 88' lang='lat' dir='ltr'>dicendum,</span> <span class='ocrx_word' id='word_1_131' title='bbox 654 1467 733 1513; x_wconf 85' lang='lat' dir='ltr'>sed</span> <span class='ocrx_word' id='word_1_132' title='bbox 770 1477 975 1531; x_wconf 89' lang='lat' dir='ltr'>tempus,</span> <span class='ocrx_word' id='word_1_133' title='bbox 999 1467 1109 1529; x_wconf 91' lang='lat' dir='ltr'>quia</span> <span class='ocrx_word' id='word_1_134' title='bbox 1140 1483 1281 1512; x_wconf 87' lang='lat' dir='ltr'>omne</span> <span class='ocrx_word' id='word_1_135' title='bbox 1318 1476 1522 1512; x_wconf 82' lang='lat' dir='ltr'>metrum</span> <span class='ocrx_word' id='word_1_136' title='bbox 1555 1465 1603 1510; x_wconf 87' lang='lat' dir='ltr'>in</span> <span class='ocrx_word' id='word_1_137' title='bbox 1636 1482 1690 1510; x_wconf 91' lang='lat' dir='ltr'>eo</span> <span class='ocrx_word' id='word_1_138' title='bbox 1716 1481 1812 1526; x_wconf 88' lang='lat' dir='ltr'>quo</span> 
     </span>
     <span class='ocr_line' id='line_1_18' title="bbox 355 1540 1810 1606; baseline -0.003 -16"><span class='ocrx_word' id='word_1_139' title='bbox 355 1545 582 1591; x_wconf 83' lang='lat' dir='ltr'>metimur</span> <span class='ocrx_word' id='word_1_140' title='bbox 607 1561 806 1589; x_wconf 85' lang='lat' dir='ltr'>numero</span> <span class='ocrx_word' id='word_1_141' title='bbox 825 1543 1013 1589; x_wconf 87' lang='lat' dir='ltr'>finitum</span> <span class='ocrx_word' id='word_1_142' title='bbox 1041 1552 1125 1597; x_wconf 87' lang='lat' dir='ltr'>est,</span> <span class='ocrx_word' id='word_1_143' title='bbox 1145 1551 1198 1588; x_wconf 94' lang='lat' dir='ltr'>ut</span> <span class='ocrx_word' id='word_1_144' title='bbox 1217 1542 1532 1606; x_wconf 78' lang='lat' dir='ltr'>decempeda:</span> <span class='ocrx_word' id='word_1_145' title='bbox 1569 1558 1662 1586; x_wconf 88' lang='lat' dir='ltr'>non</span> <span class='ocrx_word' id='word_1_146' title='bbox 1683 1540 1810 1586; x_wconf 89' lang='lat' dir='ltr'>enim</span> 
     </span>
     <span class='ocr_line' id='line_1_19' title="bbox 356 1615 1809 1676; baseline -0.003 -11"><span class='ocrx_word' id='word_1_147' title='bbox 356 1620 500 1666; x_wconf 90' lang='lat' dir='ltr'>modo</span> <span class='ocrx_word' id='word_1_148' title='bbox 535 1619 698 1665; x_wconf 89' lang='lat' dir='ltr'>decem</span> <span class='ocrx_word' id='word_1_149' title='bbox 739 1620 897 1673; x_wconf 84' lang='lat' dir='ltr'>habet,</span> <span class='ocrx_word' id='word_1_150' title='bbox 935 1618 1079 1665; x_wconf 91' lang='lat' dir='ltr'>modo</span> <span class='ocrx_word' id='word_1_151' title='bbox 1112 1618 1349 1676; x_wconf 86' lang='lat' dir='ltr'>undecim,</span> <span class='ocrx_word' id='word_1_152' title='bbox 1382 1617 1524 1663; x_wconf 88' lang='lat' dir='ltr'>modo</span> <span class='ocrx_word' id='word_1_153' title='bbox 1560 1615 1809 1662; x_wconf 85' lang='lat' dir='ltr'>duodecim</span> 
     </span>
     <span class='ocr_line' id='line_1_20' title="bbox 355 1694 1814 1760; baseline -0.003 -19"><span class='ocrx_word' id='word_1_154' title='bbox 355 1695 516 1760; x_wconf 90' lang='lat' dir='ltr'>pedes,</span> <span class='ocrx_word' id='word_1_155' title='bbox 552 1695 633 1741; x_wconf 91' lang='lat' dir='ltr'>sed</span> <span class='ocrx_word' id='word_1_156' title='bbox 659 1713 845 1758; x_wconf 85' lang='lat' dir='ltr'>semper</span> <span class='ocrx_word' id='word_1_157' title='bbox 867 1695 1058 1741; x_wconf 89' lang='lat' dir='ltr'>decem:</span> <span class='ocrx_word' id='word_1_158' title='bbox 1095 1695 1218 1741; x_wconf 86' lang='lat' dir='ltr'>unde</span> <span class='ocrx_word' id='word_1_159' title='bbox 1246 1694 1418 1758; x_wconf 89' lang='lat' dir='ltr'>pedem</span> <span class='ocrx_word' id='word_1_160' title='bbox 1443 1703 1679 1739; x_wconf 81' lang='lat' dir='ltr'>“metrum</span> <span class='ocrx_word' id='word_1_161' title='bbox 1713 1710 1814 1738; x_wconf 87' lang='lat' dir='ltr'>esse</span> 
     </span>
     <span class='ocr_line' id='line_1_21' title="bbox 357 1769 1814 1836; baseline -0.003 -18"><span class='ocrx_word' id='word_1_162' title='bbox 357 1790 451 1818; x_wconf 91' lang='lat' dir='ltr'>non</span> <span class='ocrx_word' id='word_1_163' title='bbox 494 1790 646 1836; x_wconf 88' lang='lat' dir='ltr'>posse,</span> <span class='ocrx_word' id='word_1_164' title='bbox 685 1772 796 1833; x_wconf 89' lang='lat' dir='ltr'>quia</span> <span class='ocrx_word' id='word_1_165' title='bbox 843 1771 891 1816; x_wconf 86' lang='lat' dir='ltr'>in</span> <span class='ocrx_word' id='word_1_166' title='bbox 926 1789 1061 1817; x_wconf 90' lang='lat' dir='ltr'>versu</span> <span class='ocrx_word' id='word_1_167' title='bbox 1110 1770 1253 1817; x_wconf 90' lang='lat' dir='ltr'>modo</span> <span class='ocrx_word' id='word_1_168' title='bbox 1291 1787 1414 1815; x_wconf 89' lang='lat' dir='ltr'>unus</span> <span class='ocrx_word' id='word_1_169' title='bbox 1452 1781 1522 1815; x_wconf 85' lang='lat' dir='ltr'>est</span> <span class='ocrx_word' id='word_1_170' title='bbox 1568 1769 1814 1832; x_wconf 72' lang='lat' dir='ltr'>l&#39;dactylus</span> 
     </span>
     <span class='ocr_line' id='line_1_22' title="bbox 359 1846 1816 1911; baseline -0.003 -17"><span class='ocrx_word' id='word_1_171' title='bbox 359 1848 500 1895; x_wconf 90' lang='lat' dir='ltr'>modo</span> <span class='ocrx_word' id='word_1_172' title='bbox 547 1848 657 1905; x_wconf 92' lang='lat' dir='ltr'>duo,</span> <span class='ocrx_word' id='word_1_173' title='bbox 704 1865 785 1893; x_wconf 90' lang='lat' dir='ltr'>seu</span> <span class='ocrx_word' id='word_1_174' title='bbox 828 1847 1040 1911; x_wconf 90' lang='lat' dir='ltr'>spondei,</span> <span class='ocrx_word' id='word_1_175' title='bbox 1087 1846 1322 1894; x_wconf 88' lang='lat' dir='ltr'>interdum</span> <span class='ocrx_word' id='word_1_176' title='bbox 1374 1846 1619 1892; x_wconf 87' lang='lat' dir='ltr'>incurrunt</span> <span class='ocrx_word' id='word_1_177' title='bbox 1670 1854 1816 1890; x_wconf 83' lang='lat' dir='ltr'>PPtro-</span> 
     </span>
     <span class='ocr_line' id='line_1_23' title="bbox 358 1921 1818 1988; baseline -0.003 -17"><span class='ocrx_word' id='word_1_178' title='bbox 358 1925 493 1981; x_wconf 83' lang='lat' dir='ltr'>chaei,</span> <span class='ocrx_word' id='word_1_179' title='bbox 520 1934 601 1970; x_wconf 91' lang='lat' dir='ltr'>aut</span> <span class='ocrx_word' id='word_1_180' title='bbox 637 1923 966 1988; x_wconf 88' lang='lat' dir='ltr'>amphimacri,</span> <span class='ocrx_word' id='word_1_181' title='bbox 991 1942 1192 1986; x_wconf 91' lang='lat' dir='ltr'>quorum</span> <span class='ocrx_word' id='word_1_182' title='bbox 1219 1922 1487 1969; x_wconf 84' lang='lat' dir='ltr'>diversitate</span> <span class='ocrx_word' id='word_1_183' title='bbox 1510 1921 1650 1983; x_wconf 85' lang='lat' dir='ltr'>juxta</span> <span class='ocrx_word' id='word_1_184' title='bbox 1685 1930 1818 1984; x_wconf 75' lang='lat' dir='ltr'>qspa-</span> 
     </span>
     <span class='ocr_line' id='line_1_24' title="bbox 359 1997 1819 2064; baseline -0.004 -17"><span class='ocrx_word' id='word_1_185' title='bbox 359 2001 426 2047; x_wconf 88' lang='lat' dir='ltr'>tia</span> <span class='ocrx_word' id='word_1_186' title='bbox 461 2010 733 2064; x_wconf 88' lang='lat' dir='ltr'>temporum</span> <span class='ocrx_word' id='word_1_187' title='bbox 773 2010 993 2055; x_wconf 86' lang='lat' dir='ltr'>metrum,</span> <span class='ocrx_word' id='word_1_188' title='bbox 1031 2000 1158 2063; x_wconf 92' lang='lat' dir='ltr'>quod</span> <span class='ocrx_word' id='word_1_189' title='bbox 1200 2010 1375 2046; x_wconf 88' lang='lat' dir='ltr'>certam</span> <span class='ocrx_word' id='word_1_190' title='bbox 1423 2015 1692 2044; x_wconf 88' lang='lat' dir='ltr'>mensuram</span> <span class='ocrx_word' id='word_1_191' title='bbox 1736 1997 1819 2042; x_wconf 88' lang='lat' dir='ltr'>ha-</span> 
     </span>
     <span class='ocr_line' id='line_1_25' title="bbox 305 2073 1820 2140; baseline -0.004 -16"><span class='ocrx_word' id='word_1_192' title='bbox 305 2088 344 2119; x_wconf 89' lang='lat'>26</span> <span class='ocrx_word' id='word_1_193' title='bbox 362 2079 472 2124; x_wconf 87' lang='lat' dir='ltr'>bere</span> <span class='ocrx_word' id='word_1_194' title='bbox 496 2078 681 2134; x_wconf 87' lang='lat' dir='ltr'>debeat,</span> <span class='ocrx_word' id='word_1_195' title='bbox 708 2095 1008 2140; x_wconf 90' lang='lat' dir='ltr'>nequaquam</span> <span class='ocrx_word' id='word_1_196' title='bbox 1044 2077 1231 2123; x_wconf 88' lang='lat' dir='ltr'>finitum</span> <span class='ocrx_word' id='word_1_197' title='bbox 1271 2074 1483 2121; x_wconf 89' lang='lat' dir='ltr'>inveniri.</span> <span class='ocrx_word' id='word_1_198' title='bbox 1552 2073 1706 2119; x_wconf 80' lang='lat' dir='ltr'>Nobis</span> <span class='ocrx_word' id='word_1_199' title='bbox 1744 2090 1820 2119; x_wconf 89' lang='lat' dir='ltr'>su-</span> 
     </span>
     <span class='ocr_line' id='line_1_26' title="bbox 361 2148 1820 2218; baseline -0.004 -19"><span class='ocrx_word' id='word_1_200' title='bbox 361 2171 594 2218; x_wconf 88' lang='lat' dir='ltr'>pervacua</span> <span class='ocrx_word' id='word_1_201' title='bbox 631 2153 817 2199; x_wconf 82' lang='lat' dir='ltr'>videtur</span> <span class='ocrx_word' id='word_1_202' title='bbox 846 2171 947 2199; x_wconf 87' lang='lat' dir='ltr'>esse</span> <span class='ocrx_word' id='word_1_203' title='bbox 982 2170 1143 2216; x_wconf 81' lang='lat' dir='ltr'>pugna</span> <span class='ocrx_word' id='word_1_204' title='bbox 1178 2151 1319 2207; x_wconf 80' lang='lat' dir='ltr'>vocis,</span> <span class='ocrx_word' id='word_1_205' title='bbox 1343 2167 1453 2196; x_wconf 89' lang='lat' dir='ltr'>cum</span> <span class='ocrx_word' id='word_1_206' title='bbox 1479 2148 1537 2194; x_wconf 91' lang='lat' dir='ltr'>de</span> <span class='ocrx_word' id='word_1_207' title='bbox 1568 2165 1617 2193; x_wconf 85' lang='lat' dir='ltr'>re</span> <span class='ocrx_word' id='word_1_208' title='bbox 1649 2166 1820 2194; x_wconf 90' lang='lat' dir='ltr'>conve-</span> 
     </span>
     <span class='ocr_line' id='line_1_27' title="bbox 363 2224 1822 2291; baseline -0.003 -16"><span class='ocrx_word' id='word_1_209' title='bbox 363 2231 476 2284; x_wconf 91' lang='lat' dir='ltr'>niat,</span> <span class='ocrx_word' id='word_1_210' title='bbox 503 2228 733 2291; x_wconf 88' lang='lat' dir='ltr'>siquidem</span> <span class='ocrx_word' id='word_1_211' title='bbox 760 2237 991 2274; x_wconf 82' lang='lat' dir='ltr'>rmetrum</span> <span class='ocrx_word' id='word_1_212' title='bbox 1018 2237 1066 2274; x_wconf 91' lang='lat' dir='ltr'>et</span> <span class='ocrx_word' id='word_1_213' title='bbox 1089 2229 1137 2273; x_wconf 90' lang='lat' dir='ltr'>in</span> <span class='ocrx_word' id='word_1_214' title='bbox 1165 2227 1360 2291; x_wconf 85' lang='lat' dir='ltr'>syllaba,</span> <span class='ocrx_word' id='word_1_215' title='bbox 1386 2235 1432 2271; x_wconf 89' lang='lat' dir='ltr'>et</span> <span class='ocrx_word' id='word_1_216' title='bbox 1452 2224 1498 2270; x_wconf 91' lang='lat' dir='ltr'>in</span> <span class='ocrx_word' id='word_1_217' title='bbox 1525 2233 1753 2287; x_wconf 88' lang='lat' dir='ltr'>tempore,</span> <span class='ocrx_word' id='word_1_218' title='bbox 1773 2234 1822 2271; x_wconf 88' lang='lat' dir='ltr'>et</span> 
     </span>
     <span class='ocr_line' id='line_1_28' title="bbox 364 2300 1819 2369; baseline -0.003 -18"><span class='ocrx_word' id='word_1_219' title='bbox 364 2307 413 2352; x_wconf 89' lang='lat' dir='ltr'>in</span> <span class='ocrx_word' id='word_1_220' title='bbox 451 2304 571 2369; x_wconf 86' lang='lat' dir='ltr'>pede</span> <span class='ocrx_word' id='word_1_221' title='bbox 619 2304 933 2350; x_wconf 88' lang='lat' dir='ltr'>constitutum</span> <span class='ocrx_word' id='word_1_222' title='bbox 984 2303 1040 2349; x_wconf 90' lang='lat' dir='ltr'>ad</span> <span class='ocrx_word' id='word_1_223' title='bbox 1087 2311 1255 2349; x_wconf 88' lang='lat' dir='ltr'>Sunam</span> <span class='ocrx_word' id='word_1_224' title='bbox 1304 2318 1543 2347; x_wconf 89' lang='lat' dir='ltr'>summam</span> <span class='ocrx_word' id='word_1_225' title='bbox 1591 2300 1819 2347; x_wconf 90' lang='lat' dir='ltr'>decurrat.</span> 
     </span>
     <span class='ocr_line' id='line_1_29' title="bbox 309 2379 1822 2443; baseline -0.001 -19"><span class='ocrx_word' id='word_1_226' title='bbox 309 2401 347 2434; x_wconf 84' lang='lat'>27</span> <span class='ocrx_word' id='word_1_227' title='bbox 365 2382 557 2428; x_wconf 86' lang='lat' dir='ltr'>Horum</span> <span class='ocrx_word' id='word_1_228' title='bbox 583 2381 758 2426; x_wconf 87' lang='lat' dir='ltr'>etenim</span> <span class='ocrx_word' id='word_1_229' title='bbox 787 2380 1000 2426; x_wconf 90' lang='lat' dir='ltr'>omnium</span> <span class='ocrx_word' id='word_1_230' title='bbox 1039 2379 1231 2443; x_wconf 79' lang='lat' dir='ltr'>cognita</span> <span class='ocrx_word' id='word_1_231' title='bbox 1259 2386 1508 2441; x_wconf 89' lang='lat' dir='ltr'>potestate,</span> <span class='ocrx_word' id='word_1_232' title='bbox 1532 2394 1822 2440; x_wconf 87' lang='lat' dir='ltr'>supervacua</span> 
     </span>
     <span class='ocr_line' id='line_1_30' title="bbox 366 2453 1822 2519; baseline -0.004 -15"><span class='ocrx_word' id='word_1_233' title='bbox 366 2468 437 2505; x_wconf 91' lang='lat' dir='ltr'>est</span> <span class='ocrx_word' id='word_1_234' title='bbox 461 2458 514 2504; x_wconf 88' lang='lat' dir='ltr'>lis</span> <span class='ocrx_word' id='word_1_235' title='bbox 540 2457 709 2503; x_wconf 86' lang='lat' dir='ltr'>omnis.</span> <span class='ocrx_word' id='word_1_236' title='bbox 779 2456 908 2502; x_wconf 89' lang='lat' dir='ltr'>Nam</span> <span class='ocrx_word' id='word_1_237' title='bbox 934 2473 1043 2502; x_wconf 88' lang='lat' dir='ltr'>cum</span> <span class='ocrx_word' id='word_1_238' title='bbox 1076 2454 1372 2519; x_wconf 86' lang='lat' dir='ltr'>temporibus</span> <span class='ocrx_word' id='word_1_239' title='bbox 1399 2453 1630 2517; x_wconf 87' lang='lat' dir='ltr'>syllabam</span> <span class='ocrx_word' id='word_1_240' title='bbox 1657 2453 1822 2499; x_wconf 88' lang='lat' dir='ltr'>metia-</span> 
     </span>
    </p>
   </div>
   <div class='ocr_carea' id='block_1_3' title="bbox 368 2601 1823 2974">
    <p class='ocr_par' dir='ltr' id='par_1_3' title="bbox 368 2601 1823 2974">
     <span class='ocr_line' id='line_1_31' title="bbox 422 2601 1820 2656; baseline -0.004 -13"><span class='ocrx_word' id='word_1_241' title='bbox 422 2615 443 2643; x_wconf 85' lang='lat' dir='ltr'>g</span> <span class='ocrx_word' id='word_1_242' title='bbox 462 2606 690 2644; x_wconf 81' lang='lat' dir='ltr'>translaticie</span> <span class='ocrx_word' id='word_1_243' title='bbox 710 2620 731 2643; x_wconf 91' lang='lat' dir='ltr'>a</span> <span class='ocrx_word' id='word_1_244' title='bbox 750 2607 989 2656; x_wconf 84' lang='lat' dir='ltr'>quacunque]</span> <span class='ocrx_word' id='word_1_245' title='bbox 1014 2604 1235 2642; x_wconf 82' lang='lat' dir='ltr'>translatitie</span> <span class='ocrx_word' id='word_1_246' title='bbox 1257 2617 1277 2640; x_wconf 88' lang='lat' dir='ltr'>a</span> <span class='ocrx_word' id='word_1_247' title='bbox 1296 2616 1531 2653; x_wconf 90' lang='lat' dir='ltr'>quacumque</span> <span class='ocrx_word' id='word_1_248' title='bbox 1551 2604 1593 2639; x_wconf 80' lang='lat' dir='ltr'>P.</span> <span class='ocrx_word' id='word_1_249' title='bbox 1702 2601 1724 2628; x_wconf 82' lang='lat' dir='ltr'><strong>h</strong></span> <span class='ocrx_word' id='word_1_250' title='bbox 1744 2615 1820 2639; x_wconf 88' lang='lat' dir='ltr'>coe-</span> 
     </span>
     <span class='ocr_line' id='line_1_32' title="bbox 368 2655 1821 2711; baseline -0.005 -14"><span class='ocrx_word' id='word_1_251' title='bbox 368 2660 521 2711; x_wconf 73' lang='lat' dir='ltr'>petunt]</span> <span class='ocrx_word' id='word_1_252' title='bbox 543 2667 733 2709; x_wconf 84' lang='lat' dir='ltr'>caeperunt</span> <span class='ocrx_word' id='word_1_253' title='bbox 754 2660 792 2695; x_wconf 93' lang='lat' dir='ltr'>P.</span> <span class='ocrx_word' id='word_1_254' title='bbox 902 2658 912 2684; x_wconf 84' lang='lat' dir='ltr'>i</span> <span class='ocrx_word' id='word_1_255' title='bbox 933 2660 1083 2706; x_wconf 82' lang='lat' dir='ltr'>caetera]</span> <span class='ocrx_word' id='word_1_256' title='bbox 1107 2666 1229 2694; x_wconf 85' lang='lat' dir='ltr'>cetera</span> <span class='ocrx_word' id='word_1_257' title='bbox 1249 2658 1290 2693; x_wconf 91' lang='lat' dir='ltr'>P.</span> <span class='ocrx_word' id='word_1_258' title='bbox 1399 2655 1420 2682; x_wconf 88' lang='lat' dir='ltr'>k</span> <span class='ocrx_word' id='word_1_259' title='bbox 1443 2655 1717 2705; x_wconf 83' lang='lat' dir='ltr'>metaphoram]</span> <span class='ocrx_word' id='word_1_260' title='bbox 1743 2669 1821 2691; x_wconf 83' lang='lat' dir='ltr'>me-</span> 
     </span>
     <span class='ocr_line' id='line_1_33' title="bbox 369 2709 1818 2764; baseline -0.004 -14"><span class='ocrx_word' id='word_1_261' title='bbox 369 2714 549 2764; x_wconf 83' lang='lat' dir='ltr'>taphoran</span> <span class='ocrx_word' id='word_1_262' title='bbox 572 2714 610 2749; x_wconf 90' lang='lat' dir='ltr'>P.</span> <span class='ocrx_word' id='word_1_263' title='bbox 765 2711 775 2738; x_wconf 85' lang='lat'>¹</span> <span class='ocrx_word' id='word_1_264' title='bbox 797 2711 1128 2760; x_wconf 84' lang='lat' dir='ltr'>metrum—quod]</span> <span class='ocrx_word' id='word_1_265' title='bbox 1154 2718 1436 2759; x_wconf 86' lang='lat' dir='ltr'>metron—quae</span> <span class='ocrx_word' id='word_1_266' title='bbox 1458 2710 1499 2744; x_wconf 93' lang='lat' dir='ltr'>P.</span> <span class='ocrx_word' id='word_1_267' title='bbox 1652 2716 1682 2734; x_wconf 87' lang='lat' dir='ltr'>m</span> <span class='ocrx_word' id='word_1_268' title='bbox 1703 2709 1818 2758; x_wconf 88' lang='lat' dir='ltr'>quod]</span> 
     </span>
     <span class='ocr_line' id='line_1_34' title="bbox 370 2762 1820 2817; baseline -0.005 -14"><span class='ocrx_word' id='word_1_269' title='bbox 370 2781 451 2817; x_wconf 85' lang='lat' dir='ltr'>quae</span> <span class='ocrx_word' id='word_1_270' title='bbox 472 2768 512 2804; x_wconf 86' lang='lat' dir='ltr'>P.</span> <span class='ocrx_word' id='word_1_271' title='bbox 589 2775 607 2793; x_wconf 84' lang='lat'>¹¹</span> <span class='ocrx_word' id='word_1_272' title='bbox 632 2765 834 2812; x_wconf 87' lang='lat' dir='ltr'>varientur]</span> <span class='ocrx_word' id='word_1_273' title='bbox 857 2765 1042 2801; x_wconf 78' lang='lat' dir='ltr'>variantur</span> <span class='ocrx_word' id='word_1_274' title='bbox 1061 2766 1101 2801; x_wconf 93' lang='lat' dir='ltr'>P.</span> <span class='ocrx_word' id='word_1_275' title='bbox 1119 2764 1177 2800; x_wconf 88' lang='lat' dir='ltr'>ed.</span> <span class='ocrx_word' id='word_1_276' title='bbox 1197 2765 1301 2799; x_wconf 82' lang='lat' dir='ltr'>Cam.</span> <span class='ocrx_word' id='word_1_277' title='bbox 1378 2772 1403 2790; x_wconf 82' lang='lat'>-0</span> <span class='ocrx_word' id='word_1_278' title='bbox 1424 2762 1601 2808; x_wconf 84' lang='lat' dir='ltr'>metrum]</span> <span class='ocrx_word' id='word_1_279' title='bbox 1622 2769 1766 2797; x_wconf 87' lang='lat' dir='ltr'>metron</span> <span class='ocrx_word' id='word_1_280' title='bbox 1782 2762 1820 2797; x_wconf 91' lang='lat' dir='ltr'>P.</span> 
     </span>
     <span class='ocr_line' id='line_1_35' title="bbox 371 2814 1823 2870; baseline -0.006 -13"><span class='ocrx_word' id='word_1_281' title='bbox 371 2828 391 2856; x_wconf 85' lang='lat' dir='ltr'>P</span> <span class='ocrx_word' id='word_1_282' title='bbox 412 2820 600 2870; x_wconf 87' lang='lat' dir='ltr'>dactylus]</span> <span class='ocrx_word' id='word_1_283' title='bbox 625 2819 780 2855; x_wconf 87' lang='lat' dir='ltr'>dactilus</span> <span class='ocrx_word' id='word_1_284' title='bbox 802 2819 841 2854; x_wconf 90' lang='grc' dir='ltr'>Ρ.</span> <span class='ocrx_word' id='word_1_285' title='bbox 957 2825 998 2852; x_wconf 85' lang='grc' dir='ltr'>ΡΡ</span> <span class='ocrx_word' id='word_1_286' title='bbox 1019 2818 1188 2864; x_wconf 82' lang='lat' dir='ltr'>trochaei]</span> <span class='ocrx_word' id='word_1_287' title='bbox 1213 2815 1352 2852; x_wconf 83' lang='lat' dir='ltr'>trochei</span> <span class='ocrx_word' id='word_1_288' title='bbox 1374 2816 1414 2852; x_wconf 89' lang='lat' dir='ltr'>P.</span> <span class='ocrx_word' id='word_1_289' title='bbox 1534 2822 1553 2849; x_wconf 90' lang='lat' dir='ltr'>q</span> <span class='ocrx_word' id='word_1_290' title='bbox 1574 2814 1714 2863; x_wconf 83' lang='lat' dir='ltr'>spacia]</span> <span class='ocrx_word' id='word_1_291' title='bbox 1739 2827 1823 2863; x_wconf 85' lang='lat' dir='ltr'>spa-</span> 
     </span>
     <span class='ocr_line' id='line_1_36' title="bbox 370 2870 1823 2919; baseline -0.006 -9"><span class='ocrx_word' id='word_1_292' title='bbox 370 2873 422 2910; x_wconf 87' lang='lat' dir='ltr'>tia</span> <span class='ocrx_word' id='word_1_293' title='bbox 441 2875 481 2910; x_wconf 90' lang='lat' dir='ltr'>P.</span> <span class='ocrx_word' id='word_1_294' title='bbox 616 2879 631 2898; x_wconf 77' lang='lat'>1‘</span> <span class='ocrx_word' id='word_1_295' title='bbox 651 2872 829 2919; x_wconf 86' lang='lat' dir='ltr'>metrum]</span> <span class='ocrx_word' id='word_1_296' title='bbox 855 2879 999 2907; x_wconf 85' lang='lat' dir='ltr'>metron</span> <span class='ocrx_word' id='word_1_297' title='bbox 1020 2871 1060 2906; x_wconf 93' lang='lat' dir='ltr'>P.</span> <span class='ocrx_word' id='word_1_298' title='bbox 1186 2877 1200 2896; x_wconf 87' lang='lat' dir='ltr'>s</span> <span class='ocrx_word' id='word_1_299' title='bbox 1223 2882 1333 2905; x_wconf 82' lang='lat' dir='ltr'>unam</span> <span class='ocrx_word' id='word_1_300' title='bbox 1355 2870 1558 2917; x_wconf 82' lang='lat' dir='ltr'>summam]</span> <span class='ocrx_word' id='word_1_301' title='bbox 1586 2880 1701 2904; x_wconf 84' lang='lat' dir='ltr'>unum</span> <span class='ocrx_word' id='word_1_302' title='bbox 1723 2880 1823 2904; x_wconf 85' lang='lat' dir='ltr'>sum-</span> 
     </span>
     <span class='ocr_line' id='line_1_37' title="bbox 374 2924 1356 2974; baseline -0.006 -10"><span class='ocrx_word' id='word_1_303' title='bbox 374 2940 434 2964; x_wconf 89' lang='lat' dir='ltr'>ma</span> <span class='ocrx_word' id='word_1_304' title='bbox 454 2928 493 2963; x_wconf 92' lang='lat' dir='ltr'>P.</span> <span class='ocrx_word' id='word_1_305' title='bbox 552 2925 623 2963; x_wconf 82' lang='lat' dir='ltr'>Sed</span> <span class='ocrx_word' id='word_1_306' title='bbox 643 2926 694 2962; x_wconf 93' lang='lat' dir='ltr'>N.</span> <span class='ocrx_word' id='word_1_307' title='bbox 710 2926 755 2962; x_wconf 84' lang='lat' dir='ltr'>B.</span> <span class='ocrx_word' id='word_1_308' title='bbox 777 2933 833 2962; x_wconf 85' lang='lat' dir='ltr'>est</span> <span class='ocrx_word' id='word_1_309' title='bbox 855 2937 975 2961; x_wconf 84' lang='lat' dir='ltr'>rasura</span> <span class='ocrx_word' id='word_1_310' title='bbox 994 2932 1079 2974; x_wconf 87' lang='lat' dir='ltr'>post</span> <span class='ocrx_word' id='word_1_311' title='bbox 1098 2937 1120 2959; x_wconf 86' lang='grc' dir='ltr'><em>α</em></span> <span class='ocrx_word' id='word_1_312' title='bbox 1139 2924 1176 2959; x_wconf 84' lang='lat' dir='ltr'>in</span> <span class='ocrx_word' id='word_1_313' title='bbox 1198 2935 1356 2960; x_wconf 87' lang='lat' dir='ltr'>summa.</span> 
     </span>
    </p>
   </div>
  </div>
 </body>
</html>
