1962 3355
94 191 198 222 CAP.
230 186 270 232 1,
297 187 338 223 2.
656 176 739 221 De
764 174 955 222 litteris.
1447 184 1541 223 333

95 297 239 359 (quod
270 298 422 358 aiunt)
448 296 700 358 repetenda
723 314 794 343 res
819 305 905 355 est,
930 305 982 342 ut
1012 296 1071 342 de
1096 296 1257 343 metris
1281 296 1394 359 ipsis
1419 296 1548 360 prin-

92 374 322 437 cipalibus
348 383 455 420 ante
483 383 796 438 apercurram,
823 390 919 436 quo
944 372 1096 436 magis
1123 373 1240 429 haec,
1265 372 1439 434 quibus
1475 372 1548 418 in-

93 450 349 508 tendimus,
372 450 419 496 in
445 459 606 514 aperto
630 467 730 496 esse
750 449 945 513 possint.
988 448 1080 494 Sed
1109 449 1182 502 (ut
1204 448 1283 494 ille
1303 448 1387 510 ait)
1415 465 1548 511 carp-

93 528 179 573 tim
208 528 389 589 utique,
408 545 512 590 quae
538 526 766 572 memoria
785 525 929 589 digna
947 524 1244 579 videbantur,
1268 524 1355 570 bde
1383 524 1546 570 multis

95 605 362 650 auctoribus
399 613 619 667 excerpta
652 603 915 666 perscripsi.
986 602 1126 655 Quod
1166 601 1201 647 si
1236 601 1398 647 omnia
1432 601 1546 647 velis

94 698 377 744 cognoscere
401 690 445 726 et
471 679 665 726 nomina
701 689 747 726 et
783 698 951 743 genera
976 689 1251 735 metrorum,
1277 695 1421 740 quom
1459 678 1546 724 tibi

95 756 154 801 ab
189 757 388 802 oratoria
423 756 575 802 otium
612 756 767 811 fuerit,
799 765 977 802 veteres
1008 757 1261 819 clegemus,
1295 754 1343 801 id
1377 764 1461 810 est,
1495 765 1548 802 ut

95 832 159 878 ait
183 832 413 890 Lucilius,
437 832 742 897 darchetypa,
767 833 893 880 unde
917 833 1015 879 hoec
1037 840 1151 879 sunt
1174 833 1331 879 omnia
1354 839 1487 879 nata.

370 964 504 1016 CAP.
537 965 581 1015 I.
643 967 749 1018 eDc
776 966 970 1018 litteris
998 966 1273 1017 vocalibus.

161 1062 314 1125 Igitur
346 1062 417 1108 fut
450 1081 475 1108 a
508 1072 636 1108 certo
663 1063 798 1109 initio
835 1064 1148 1126 auspicemur,
1174 1063 1232 1109 de
1267 1062 1434 1109 litteris
1470 1079 1550 1108 vo-

94 1139 274 1184 calibus
317 1156 467 1201 pauca
508 1138 681 1195 dicam,
728 1140 868 1185 simul
915 1157 974 1184 ne
1021 1156 1213 1185 onerare
1258 1148 1306 1184 te
1346 1137 1549 1192 gvidear,

95 1231 239 1275 quom
268 1223 412 1259 artem
442 1214 805 1276 grammaticam
831 1223 877 1259 et
902 1214 1187 1260 intellexeris
1224 1214 1348 1278 apud
1386 1231 1478 1269 me,
1503 1222 1550 1260 et

96 1290 338 1335 memoriae
371 1289 663 1335 mandaveris
689 1290 953 1353 diligenter,
978 1290 1237 1354 praesertim
1266 1307 1410 1352 quom
1438 1290 1549 1335 satis

96 1365 390 1411 meminerim
419 1383 495 1411 me
519 1366 604 1411 tibi
631 1384 822 1412 omnem
849 1383 1085 1412 summam
1114 1376 1374 1412 metrorum
1401 1365 1552 1411 brevi-

93 1451 189 1486 tate
226 1442 507 1504 pollicitum.
576 1443 706 1506 Ergo
731 1443 915 1488 omissis
941 1443 1168 1489 omnibus
1195 1459 1302 1505 quae
1331 1441 1432 1504 jam
1468 1459 1551 1487 no-

95 1518 168 1576 sti,
193 1517 551 1565 hadmonendus
577 1538 640 1577 es,
664 1537 829 1565 omnes
858 1519 1044 1566 vocales
1081 1527 1262 1564 nostras
1299 1518 1550 1564 dichronas

95 1612 209 1649 csse,
246 1604 292 1641 et
324 1595 519 1658 produci
562 1605 609 1642 et
640 1596 833 1660 corripi:
872 1596 996 1660 apud
1035 1596 1225 1641 Graecos
1258 1595 1386 1641 enim
1422 1612 1552 1641 acce-

95 1670 204 1733 pisti
243 1672 444 1734 separari
482 1682 648 1719 natura
673 1673 854 1736 longas,
879 1682 1045 1719 natura
1078 1674 1255 1728 breves,
1280 1680 1327 1718 et
1363 1671 1552 1718 dichro-

98 1765 195 1793 nas.

406 1831 541 1882 CAP.
566 1830 640 1882 II.
697 1830 796 1884 iDc
823 1833 1245 1884 consonantibus.

164 1927 241 1973 De
280 1928 649 1974 consonantibus
691 1929 780 1975 hoc
818 1930 959 1975 velim
1001 1939 1048 1975 te
1088 1928 1340 1991 diligenter
1380 1936 1552 1980 tenere,

98 2022 198 2049 esse
235 2004 358 2067 apud
396 2023 480 2050 nos
517 2005 735 2067 quaedam
775 2006 1010 2051 elementa
1046 2023 1150 2067 quae
1186 2004 1342 2050 minus
1379 2004 1549 2049 virium

99 2082 321 2138 habeant,
351 2091 397 2126 et
430 2082 495 2127 sic
532 2081 578 2126 in
615 2082 999 2145 pronuntiatione
1031 2083 1104 2141 (ut
1138 2081 1204 2127 ita
1233 2080 1456 2140 dixerim)
1500 2080 1554 2124 li-

98 2166 326 2219 quescant
345 2167 484 2219 atque
505 2157 759 2213 solvantur,
783 2157 863 2204 J'ut
887 2167 997 2204 sunt
1022 2158 1042 2203 l
1063 2175 1108 2203 m
1132 2176 1164 2204 n
1186 2175 1239 2211 νς
1278 2157 1379 2202 haec
1399 2157 1551 2202 Graeci

100 2234 249 2297 hygra
274 2233 294 2262 Ι(
307 2234 559 2297 appellant,
586 2253 673 2282 nec
704 2235 823 2282 forte
853 2253 1039 2282 versum
1066 2234 1200 2280 illum
1228 2242 1390 2280 contra
1415 2233 1552 2279 ratio·

98 2328 205 2356 nem
235 2319 370 2374 putes
395 2311 590 2367 factum,

323 2388 380 2428 At
400 2390 553 2443 regina
567 2389 702 2444 gravi
706 2388 966 2443 jamdudum
985 2388 1132 2428 sancia
1152 2401 1270 2436 cura,

99 2476 207 2505 nam
234 2458 300 2505 lin
326 2461 406 2506 illo
427 2461 545 2524 pede
570 2461 651 2524 qui
672 2471 742 2507 est
755 2462 877 2525 gina.
892 2479 1003 2525 gra„
1020 2478 1058 2524 g
1076 2460 1231 2506 littera
1252 2458 1554 2506 consonantis

99 2535 194 2580 vim
230 2544 372 2593 tenet,
396 2554 424 2582 r
459 2555 542 2600 pro
567 2538 698 2584 nulla
737 2538 950 2595 habetur,
975 2546 1022 2584 et
1059 2538 1207 2600 hygra
1232 2536 1380 2598 aceipi
1414 2534 1555 2580 debet

155 2656 173 2675 ³
191 2651 417 2697 percurram]
437 2663 660 2698 praecurram
681 2654 727 2690 V.
838 2652 857 2679 b
878 2666 895 2689 e
918 2655 1053 2700 multis]
1076 2655 1120 2688 de
1139 2654 1261 2689 multis
1280 2652 1326 2687 V.
1348 2665 1382 2687 v.
1405 2650 1553 2686 Sallust.

102 2707 185 2741 Cat.
209 2715 241 2739 c,
265 2715 301 2749 4.
456 2711 472 2729 c
493 2706 584 2751 lege]
612 2707 764 2752 legemus
784 2707 829 2742 V.
994 2705 1013 2732 d
1033 2707 1248 2754 archetypa]
1271 2706 1487 2750 arclzeotypcz
1509 2704 1554 2738 V.

102 2766 118 2785 e
136 2756 306 2794 Titulum
329 2757 390 2792 De
411 2758 539 2792 litteris
557 2759 736 2794 vocalibus
755 2759 860 2795 addit
879 2759 928 2796 V.
1036 2758 1052 2786 f
1069 2765 1109 2795 ut
1128 2773 1204 2796 om.
1228 2760 1272 2794 V.
1361 2765 1381 2791 g
1396 2754 1552 2800 videam]

101 2813 224 2848 videar
240 2810 284 2844 V.
420 2808 442 2835 h
462 2812 708 2858 admonemus]
734 2814 976 2848 admonendus
994 2826 1029 2848 cs
1049 2813 1094 2849 V.
1124 2813 1218 2848 Mox
1237 2812 1429 2858 separatim
1450 2808 1554 2844 Med.

101 2863 112 2890 i
134 2866 195 2900 De
213 2864 498 2900 consonantibus.
531 2864 645 2899 Hunc
665 2864 814 2901 titulum
835 2865 940 2902 addit
957 2866 1002 2901 V.
1108 2863 1120 2899 j
1142 2871 1182 2900 ut
1201 2865 1302 2911 sunt]
1325 2868 1365 2898 ut
1380 2863 1556 2909 positione

101 2919 247 2996 1longam
257 2917 386 2965 facere
406 2928 476 2952 non
492 2918 629 2964 possint
647 2922 729 2953 sunt
750 2917 794 2954 V.
949 2917 970 2944 k
991 2920 1195 2967 appellant]
1223 2918 1267 2954 V.
1288 2915 1392 2953 addit
1411 2922 1432 2951 λ
1449 2931 1476 2963 μ
1495 2930 1509 2950 ν
1527 2929 1556 2962 ρ.

133 2972 186 3018 z'n]
209 2972 252 3006 (Ic
272 2971 318 3006 V.
