1962 3355
102 232 206 264 CAP.
229 228 270 265 5.
574 217 655 263 De
679 223 829 263 metro
860 217 1132 263 Trochae'co.
1463 226 1548 264 113

375 403 509 455 CAP.
540 404 605 456 V.
664 406 744 457 De
771 414 937 457 metro
976 406 1274 456 Troclmz‘co.

167 501 487 547 Trochaicum
518 511 719 548 metrum
748 501 937 548 eosdem
977 502 1119 565 pedes
1152 519 1269 564 quos
1303 510 1349 547 et
1386 502 1557 547 iambi-

100 593 209 622 cum
248 577 454 640 recipere
491 578 794 625 manifestum
827 587 912 634 est,
949 577 1113 624 eadem
1149 578 1275 623 enirn
1310 577 1557 639 utriusque

101 654 347 717 progenies
373 663 458 710 est,
483 667 683 719 excepto
707 655 959 700 dumtaxat
986 654 1161 711 iambo,
1187 653 1328 699 simili
1362 653 1485 698 inter
1510 670 1556 698 se

101 730 443 777 contrarietatis
476 732 670 788 ratione,
694 749 786 793 qua
811 739 857 776 et
888 729 1081 776 trochaei
1119 730 1166 775 in
1205 730 1366 776 iambo
1398 729 1558 774 exclu-

101 805 292 852 duntur.
364 808 671 869 Quamquam
689 807 1018 863 Terentianus,
1045 824 1136 852 non
1164 805 1461 870 paenitendus
1486 805 1557 849 in-
1578 827 1591 847 2

103 890 174 927 ter
215 891 392 928 ceteros
435 883 544 929 artis
594 884 802 930 metricae
851 894 1028 940 auctor,
1075 882 1239 929 sedulo
1285 883 1557 944 refragetur.

104 956 234 1003 Nam
280 959 535 1005 secundam
583 959 740 1005 sedem
793 960 837 1005 in
885 959 1126 1006 trochaico
1168 976 1301 1004 versu
1347 958 1560 1003 trimetro

105 1034 362 1081 acatalecto
386 1036 516 1081 velut
538 1035 801 1098 legitimam
839 1037 998 1082 iambo
1031 1035 1260 1098 adsignat,
1285 1051 1391 1080 cum
1432 1033 1558 1078 idem

104 1111 164 1156 ab
189 1111 394 1165 iambico
421 1121 572 1158 metro
596 1113 856 1159 trochaeum
884 1112 1149 1158 excluserit.
1203 1111 1429 1156 Praeterea
1448 1126 1555 1156 cum
1577 1131 1595 1159 3

105 1186 284 1232 videret
313 1204 371 1232 ex
402 1187 616 1234 trimetro
652 1188 856 1234 iambico
892 1188 1073 1248 adjecta
1114 1187 1267 1250 prima
1302 1187 1441 1247 longa
1477 1201 1560 1247 per

107 1263 334 1319 ἐπιπλοκὴν,
360 1262 408 1308 id
444 1272 514 1309 est
543 1263 902 1325 ampleoeionem,
941 1263 998 1309 de
1035 1280 1128 1325 qua
1165 1279 1303 1325 supra
1339 1261 1556 1306 Vdictum

104 1349 190 1396 est,
236 1339 531 1386 trochaicum
569 1357 754 1386 versum
799 1339 1035 1402 integrum
1083 1337 1392 1401 Wpropagari,
1439 1345 1559 1382 tam·-

100 1433 263 1478 quam,

304 1481 396 1529 Est
420 1481 545 1528 celer
561 1482 791 1544 phaselus
816 1482 900 1528 ille
923 1499 1059 1546 quem
1086 1481 1271 1527 videtis.

102 1569 233 1615 Nam
260 1568 457 1634 dempta
482 1571 662 1634 syllaba
688 1577 757 1617 est
780 1570 900 1616 redit
926 1569 982 1615 ad
1008 1569 1239 1615 iambum.
1288 1567 1418 1630 Ergo
1444 1566 1559 1612 iam-
1579 1590 1598 1616 4

104 1646 151 1692 bi
197 1646 358 1692 locum
412 1646 459 1692 in
512 1648 603 1693 hoc
645 1647 879 1693 trochaeus
927 1646 1164 1692 obtinuit:
1217 1646 1313 1709 pari
1366 1645 1561 1701 ratione,

101 1721 312 1768 detracta
351 1740 507 1769 rursus
541 1723 724 1780 eadem,
759 1723 844 1768 erit
876 1723 1121 1769 iambicus.
1192 1722 1285 1768 Sed
1323 1731 1369 1768 et
1404 1723 1559 1767 omnis

103 1798 370 1845 trochaicus
403 1817 564 1862 purus,
590 1799 633 1845 id
670 1809 743 1845 est
767 1817 824 1845 ex
858 1817 905 1844 se
938 1799 1246 1861 compositus,
1283 1807 1477 1861 accepta
1512 1797 1560 1843 in

103 1873 338 1936 principio
362 1892 520 1921 versus
546 1875 673 1920 brevi
701 1875 880 1938 syllaba
917 1874 1176 1919 iambicum
1217 1884 1418 1920 metrum
1457 1873 1561 1919 red-

102 1948 198 1994 det.
270 1949 403 1995 Idem
442 1961 489 1996 et
522 1950 841 1996 translationis
874 1950 1182 2013 syllabarum,
1212 1968 1319 1996 cum
1354 1950 1560 1995 initiales

105 2025 162 2070 ad
195 2026 356 2082 finem,
380 2026 450 2071 vel
488 2026 651 2072 finales
689 2026 745 2072 ad
785 2026 970 2072 initium
1010 2044 1167 2072 versus
1203 2027 1562 2082 transferuntur,

103 2100 328 2155 efficiens,
367 2101 442 2148 Xsi
484 2102 623 2165 longa
660 2102 704 2147 in
743 2103 931 2148 brevem
976 2102 1164 2148 feratur.
1245 2102 1339 2148 yAt
1376 2103 1598 2153 iambus5

105 2178 372 2223 zcontrario
407 2179 499 2224 situ
535 2188 806 2242 temporum
852 2178 1042 2232 tardior,
1076 2178 1201 2224 unde
1236 2178 1276 2224 ei
1314 2179 1473 2232 etiam,
1513 2188 1563 2224 ut

104 2252 298 2315 quidam
333 2263 520 2318 putant,
544 2254 748 2300 inditum
776 2271 951 2299 nomen
979 2262 1064 2311 est,
1089 2254 1249 2300 iambo
1274 2255 1348 2300 ἀπὸ
1378 2260 1445 2300 τοῦ
1482 2255 1565 2299 ῧίέ-

105 2350 179 2383 ναι,
205 2329 252 2374 id
285 2339 354 2375 est
387 2331 472 2386 ire,
509 2330 812 2394 bappellato:
853 2330 1063 2376 admittit
1097 2340 1144 2376 et
1180 2331 1562 2395 amphimacrum

106 2404 154 2450 in
190 2406 466 2453 catalectico
501 2424 637 2452 versu
673 2407 915 2463 ultimum,
942 2416 986 2452 et
1024 2408 1234 2453 maxime
1270 2408 1316 2453 iu
1355 2407 1565 2464 cornicis,

105 2491 300 2545 propter
337 2482 607 2529 novissimae
642 2483 834 2545 syllabae
878 2482 1255 2529 indifferentiam.
1325 2482 1562 2530 Claudum
1585 2496 1604 2528 6

106 2567 262 2604 autem
292 2559 337 2605 id
363 2569 583 2616 metrum,
610 2558 654 2605 id
688 2568 759 2605 est
795 2576 983 2616 scazon,
1006 2559 1071 2605 ita
1105 2561 1202 2615 fiet,
1228 2558 1262 2604 si
1301 2558 1564 2621 spondeum

106 2634 155 2680 in
191 2636 362 2683 ultima
397 2637 590 2700 dipodia
615 2653 775 2682 versus
812 2634 1072 2682 catalectici
1101 2634 1362 2681 tetrametri
1401 2651 1567 2680 secun—

160 2784 180 2803 V
199 2777 357 2825 dictum]
381 2779 520 2815 dictum
542 2787 598 2815 est
619 2780 657 2815 P.
795 2786 823 2804 W
843 2779 1051 2828 prorogari]
1078 2778 1270 2828 propagari
1292 2779 1331 2813 P.
1495 2783 1514 2801 Χ
1535 2776 1565 2811 si

107 2830 235 2880 longa]
260 2831 371 2881 longa
392 2832 430 2867 P.
594 2839 614 2867 Y
637 2835 685 2868 At
704 2833 875 2879 Iambus]
900 2832 952 2868 Et
971 2831 1115 2868 iambus
1137 2832 1176 2868 P.
1341 2836 1358 2855 z
1380 2828 1565 2864 contraria

108 2883 218 2970 ¹serie]
228 2884 429 2971 kcontrario
449 2884 497 2921 sit
517 2893 557 2921 ut
578 2886 619 2921 P.
751 2893 770 2911 a
788 2886 886 2932 ἴέναι]
910 2901 977 2921 ema
998 2886 1036 2921 P.
1166 2882 1185 2910 b
1206 2882 1411 2932 appellato]
1436 2880 1563 2931 appel-

123 2946 204 2972 atus
259 2965 267 2972 .

821 3016 853 3045 Θ.
