1962 3355
690 198 1048 238 PRAEFATIO.
1575 215 1601 239 v

144 310 172 330 “
198 301 403 348 nominis
440 300 758 347 autoritatem.
830 301 979 347 Hunc
1008 309 1176 347 notum
1207 309 1278 347 est
1301 301 1473 347 vixisse
1508 302 1602 348 illis

144 384 172 404 “
198 376 490 440 temporibus
516 376 688 438 quibus
724 384 771 421 et
801 375 1020 421 Donatus
1047 376 1404 438 grammaticam
1434 376 1603 422 Romae

143 459 171 480 ‘⁶
197 452 376 508 docuit,
401 461 449 498 et
473 469 499 497 a
524 451 833 514 grammatica
859 450 915 497 ad
942 451 1186 497 rhetoricae
1221 451 1330 497 artis
1357 452 1606 514 professio-

143 533 170 554 “
196 545 304 573 nem
342 544 661 589 progressum,
684 527 732 571 in
759 527 984 590 opinione
1013 526 1231 571 omnium
1270 526 1494 589 singulari
1530 527 1606 573 fu-

144 609 172 630 “
197 603 302 659 isse,
326 612 373 648 et
408 602 454 647 in
492 603 592 648 foro
618 612 823 648 statuam
862 603 1102 648 meritum.
1172 602 1306 648 Idem
1347 603 1604 649 admodum

145 687 173 706 ‘⁶
201 696 343 724 senex
369 678 689 724 Christianam
718 687 788 724 est
812 679 1039 740 pietatem
1067 678 1330 741 amplexus,
1357 678 1482 740 quod
1508 680 1608 725 Au-

146 762 174 781 “
201 755 418 817 gustinus
444 755 686 800 luculente
711 754 971 817 exposuit.''
1008 772 1071 799 sc.
1097 754 1313 800 Confess.
1335 754 1477 800 VIII.
1507 766 1549 801 2.

214 831 327 876 Post
352 830 676 876 Camerarium
717 830 790 876 M.
816 829 1114 875 Victorinum
1155 829 1324 875 iterum
1360 829 1506 875 edidit
1539 830 1605 876 H.

150 906 481 951 Commelinus
517 923 611 951 una
643 923 750 951 cum
785 904 1070 950 Terentiano
1102 905 1274 950 Mauro
1307 905 1387 950 Ex
1418 904 1609 970 ffcina

148 981 552 1028 Sancz‘andreana
582 989 721 1028 1584.
751 990 845 1027 120.
872 981 1034 1044 paucis
1060 981 1105 1026 in
1133 983 1227 1026 fine
1258 981 1427 1026 additis
1453 982 1610 1026 obser-

149 1057 450 1103 vatiunculis.
523 1058 643 1109 Quae
682 1057 826 1102 editio
851 1056 1049 1118 repetita
1074 1056 1169 1101 fere
1205 1066 1275 1101 est
1311 1056 1356 1101 in
1396 1057 1609 1102 Putschii

151 1132 587 1179 Grammaticorum
614 1133 895 1178 Latinorum
923 1132 1216 1178 collectione.

216 1209 390 1254 Praeter
448 1209 530 1253 has
589 1208 838 1263 editiones,
887 1225 1088 1268 quarum
1136 1207 1449 1252 Basiliensem
1500 1207 1609 1252 anni
1674 1201 1676 1204 V

157 1292 294 1341 1527.
333 1301 428 1328 non
469 1283 613 1329 habui
658 1283 744 1328 nisi
785 1293 1037 1346 postquam
1083 1300 1201 1345 opus
1245 1301 1268 1328 a
1311 1282 1613 1345 typographo

152 1360 421 1405 absolutum
457 1368 542 1413 est,
568 1358 762 1403 adhibui
799 1359 1013 1405 codicem
1053 1376 1139 1404 ms.
1166 1358 1482 1404 Bibliothecae
1522 1358 1614 1403 Re-

151 1435 241 1498 giae
269 1434 410 1480 Paris.
438 1452 483 1480 n.
511 1443 655 1491 7539.
681 1434 726 1479 in
764 1434 1050 1479 membranis
1076 1443 1322 1480 exaratum
1361 1451 1452 1479 sec.
1478 1432 1614 1478 forsi-

151 1520 230 1557 tan
265 1510 355 1556 IX.
424 1510 499 1555 Ex
527 1527 582 1554 eo
607 1509 769 1555 codice
806 1509 851 1555 in
892 1510 1123 1572 prioribus
1149 1510 1383 1573 capitibus
1415 1509 1488 1555 vel
1527 1509 1614 1554 mi-

154 1587 304 1632 nimas
329 1585 668 1648 discrepantias
694 1586 752 1630 ab
778 1584 984 1631 editione
1021 1585 1404 1631 Sanctandreana
1430 1601 1612 1631 memo-

154 1662 319 1708 randas
349 1662 577 1723 judicavi,
602 1661 649 1707 in
677 1661 868 1722 reliquis
903 1679 956 1707 ea
989 1679 1094 1723 quae
1131 1661 1187 1707 ad
1223 1660 1613 1723 orthographiam

156 1747 370 1801 spectant
393 1738 487 1783 fere
512 1738 714 1800 neglexi.
784 1737 910 1783 Eum
939 1737 1149 1783 codicem
1176 1737 1311 1784 litera
1335 1737 1373 1782 P
1396 1736 1593 1798 signavi.

222 1825 264 1860 2.
304 1814 539 1860 PLOTIUM
579 1814 760 1876 primus
797 1812 945 1858 edidit
987 1813 1245 1858 Putschius
1280 1813 1403 1877 inter
1445 1812 1617 1857 Gram-

157 1889 354 1934 maticos
390 1889 587 1934 Latinos
619 1894 647 1914 ‘⁶
662 1905 719 1933 ex
758 1888 942 1951 scriptis
968 1906 1073 1950 quae
1110 1887 1430 1951 suppeditavit
1465 1887 1618 1933 Reve-

158 1972 185 1990 “
210 1965 339 2010 rend.
359 1964 573 2010 Andreas
598 1964 827 2009 schottus
852 1973 898 2009 et
922 1964 1133 2009 «Ioannes
1160 1982 1184 2009 a
1206 1964 1475 2009 VVouwerf'
1509 1963 1617 2024 Ego

158 2042 399 2087 nonnullis
426 2041 472 2086 in
498 2041 613 2087 locis
639 2058 746 2086 eum
775 2040 1102 2086 correctiorem
1126 2039 1305 2084 reddidi
1334 2038 1618 2084 lectionibus

159 2134 269 2163 usus
295 2134 411 2178 quas
436 2135 461 2162 e
487 2116 589 2162 cod.
617 2134 702 2162 ms.
727 2116 841 2161 olim
867 2115 1115 2171 Vossiano,
1139 2131 1267 2160 nunc
1303 2113 1619 2159 Bibliothecae

158 2192 309 2238 Acad.
343 2192 591 2238 Leidensis
629 2192 733 2237 Cat.
771 2209 817 2254 p.
843 2199 954 2248 389.
981 2209 1026 2236 n.
1053 2198 1132 2248 79.
1174 2190 1407 2253 excerpsit
1454 2189 1618 2234 Petrus

159 2268 453 2314 Bondamus.
523 2268 674 2313 Hunc
699 2267 909 2313 codicem
937 2266 1152 2329 designat
1177 2265 1309 2311 litera
1333 2266 1389 2312 L.

227 2353 272 2389 3.
309 2344 366 2389 In
402 2344 572 2389 CAESJo
607 2343 768 2389 BAsso
809 2342 927 2388 nihil
962 2342 1106 2388 habui
1151 2341 1411 2403 adjumenti
1449 2348 1622 2404 praeter

161 2418 417 2465 editionem
439 2419 702 2482 principem
731 2418 1183 2464 Mediolanense1110.

208 2585 224 2605 0
245 2579 358 2614 Probi
377 2578 547 2614 instituta
561 2577 708 2614 artium.
739 2578 862 2613 Maxi·
917 2579 1061 2613 flatiani
1080 2575 1226 2625 generis
1247 2573 1414 2621 ejusdem
1431 2574 1621 2624 fragmen-

113 2628 117 2632 ’
163 2633 213 2666 mi
243 2632 415 2667 Victorini
445 2631 491 2667 de
518 2630 728 2680 quantitate
754 2630 859 2679 sylla·
919 2638 1012 2666 tum.
1080 2630 1177 2664 Item
1213 2629 1315 2664 Coesii
1346 2628 1453 2663 Bassi
1490 2640 1546 2663 ars
1575 2627 1622 2663 de

166 2684 307 2720 barum.
366 2685 510 2720 Donati
531 2683 650 2732 prima
670 2696 738 2719 ars.
780 2684 865 2718 Ser·
921 2682 1059 2718 metris.
1123 2683 1360 2717 Terentianus
1390 2681 1548 2715 Maurus
1575 2680 1621 2715 de

163 2738 242 2772 vius
261 2737 306 2772 ad
331 2736 508 2772 Albinum
536 2737 582 2772 de
609 2735 747 2772 naturis
779 2735 865 2771 ulti·
920 2734 1053 2770 litteris
1090 2733 1239 2783 syllabis
1275 2741 1313 2769 et
1346 2732 1487 2774 metris,
1520 2733 1621 2767 Beda

166 2801 325 2825 marum.
384 2790 531 2836 Sergius
565 2788 601 2824 in
635 2797 750 2824 artem
784 2789 864 2823 Do-
921 2788 966 2823 de
987 2785 1140 2823 metrica
1166 2784 1324 2829 ratione,
1346 2785 1403 2821 ed.
1424 2785 1510 2820 Joh.
1531 2786 1619 2820 Par-

167 2841 244 2877 nati
275 2841 446 2890 primam.
509 2843 660 2878 Attilz'us
689 2842 865 2877 Fortuna·
922 2839 1045 2876 rhasio
1074 2839 1296 2888 impressum
1328 2838 1528 2873 ,Μεάὶοῖαηὶ
1556 2848 1622 2884 per

170 2896 288 2930 tianus
307 2893 353 2931 de
373 2893 499 2931 metris
521 2893 750 2930 Horatianis.
782 2894 865 2929 Do·
921 2893 956 2928 J.
974 2891 1237 2929 Scinzenzeler
1256 2900 1455 2926 mcccccrv
1477 2887 1516 2924 in
1536 2887 1602 2924 fol.
