1962 3355
324 217 418 265 226
832 214 987 261 Illare‘i
1015 213 1254 260 Victorini
1588 224 1687 255 ιῙΒ.
1709 224 1776 254 1v.

325 348 691 412 Asclepiadeum
734 354 954 402 metrum,
989 344 1047 390 de
1088 353 1215 405 nquo
1257 342 1303 387 in
1347 340 1498 403 prima
1538 339 1627 386 ode
1667 339 1778 385 satis

326 425 507 471 dictum
551 432 637 469 est.
721 422 962 484 Glyconio
1010 427 1166 465 autem
1208 424 1360 462 metro
1402 432 1512 461 usus
1554 424 1624 461 est
1659 415 1780 460 libro

329 501 483 565 primo
520 499 788 554 duodecies,
825 495 1031 543 secundo
1064 493 1225 549 semel,
1250 492 1388 538 tertio
1419 491 1589 548 decies,
1615 498 1781 553 quarto

331 575 596 638 quinquies.

275 670 309 691 21
399 651 578 703 Quarta
601 648 689 694 ode
716 647 818 693 libri
846 645 982 708 primi
1011 661 1121 689 curn
1146 642 1298 705 epodo
1322 641 1503 704 prolata
1527 649 1598 687 est
1621 641 1701 696 ita,

465 724 686 771 Solvitur
710 723 838 769 acris
863 721 1010 767 hiems
1030 725 1179 782 grata
1202 719 1304 764 vice
1320 718 1446 764 veris
1470 724 1515 763 et
1537 717 1733 764 Favoni.

335 801 446 846 Hoc
485 808 689 845 metrum
728 805 922 842 vocatur
953 793 1330 849 Archilochium,
1357 801 1407 838 ut
1442 793 1500 838 ab
1531 810 1586 838 eo
1623 793 1786 838 inven-

333 885 452 920 tum.
523 874 581 919 In
617 889 711 934 quo
749 871 877 934 prius
915 868 1224 931 quaerendum
1265 876 1349 924 est,
1387 875 1542 913 utrum
1583 867 1787 930 simplex

336 969 392 997 an
421 948 720 1012 conpositum
750 947 823 991 sit.
895 943 1036 997 Quod
1069 944 1105 989 si
1143 943 1345 1006 simplex
1371 960 1470 989 esse
1495 942 1683 998 dixeris,
1707 960 1788 989 vo-

336 1025 463 1071 cabis
484 1025 815 1070 hexametrum
839 1021 1035 1066 heroum
1055 1020 1452 1082 περισσοσυλλαβές.
1500 1019 1631 1064 Nam
1652 1018 1788 1064 tertia

338 1102 395 1147 ab
420 1099 588 1145 ultima
614 1115 772 1144 versus
798 1096 978 1159 syllaba
1003 1095 1211 1141 detracta
1236 1095 1376 1141 faciet
1403 1096 1598 1141 heroum
1627 1095 1707 1151 sic,

470 1174 690 1221 Solvitur
715 1173 844 1220 acris
868 1172 1031 1234 hyems
1051 1177 1201 1234 grata
1224 1171 1326 1217 viee
1347 1171 1473 1217 veris
1498 1177 1543 1217 et
1566 1170 1656 1216 οηί.

282 1267 318 1287 22
337 1252 442 1298 Nec
467 1260 626 1297 tamen
654 1249 813 1295 credas
850 1248 974 1293 idem
1013 1264 1113 1292 esse
1145 1248 1543 1310 περισσοσυλλαβὲς,
1569 1245 1695 1308 quod
1720 1253 1790 1290 est

340 1326 868 1390 hype1·catalectmn,ex
904 1340 960 1368 eo
996 1322 1123 1384 quod
1158 1323 1207 1368 in
1242 1333 1443 1386 utroque
1478 1340 1572 1368 una
1611 1322 1791 1382 syllaba

340 1403 617 1467 repperitur,
637 1402 727 1447 boc
752 1401 878 1446 enim
899 1400 1144 1445 distabunt
1163 1399 1290 1461 quod
1313 1398 1698 1461 περισσοσυλλαβὲς
1722 1397 1792 1442 in-

341 1488 463 1525 serta
497 1476 794 1541 protenditur
825 1475 1020 1539 syllaba,
1044 1475 1481 1538 bypercatalectum
1519 1482 1676 1519 autem
1712 1471 1793 1517 de-

341 1554 488 1602 cursis
514 1569 594 1598 sex
621 1551 821 1615 pedibus
847 1551 1137 1613 superfluens
1162 1549 1414 1605 invenitur,
1439 1558 1506 1604 ut,

408 1630 619 1692 Jamque
643 1628 737 1673 iter
762 1627 937 1673 emensi
960 1633 1120 1672 turres
1144 1642 1200 1671 ac
1223 1632 1349 1671 tecta
1371 1624 1671 1671 Latinorum.

344 1707 456 1753 Hoc
479 1705 607 1750 enim
635 1712 838 1749 metrum
864 1702 927 1748 ita
954 1701 1097 1747 stabit
1121 1701 1157 1746 si
1184 1701 1439 1747 novissima
1465 1702 1645 1765 syllaba
1681 1701 1795 1747 reci-

343 1783 496 1836 datur,
522 1789 587 1835 ut,

408 1857 621 1919 Jamque
644 1856 740 1900 iter
764 1854 939 1899 emensi
963 1860 1124 1899 turres
1147 1869 1203 1898 ae
1226 1859 1351 1899 tecta
1383 1853 1577 1910 Latino,

345 1941 392 1978 et
416 1931 557 1994 capiti
585 1930 825 1991 sequentis
850 1946 1009 1974 versus
1035 1927 1305 1989 adjiciatur:
1335 1929 1466 1986 item,

416 2007 593 2053 Omnia
614 2005 864 2051 Mercurio
888 2003 1060 2050 similis
1082 2020 1332 2067 vocemque
1356 2003 1665 2067 coloremque,

289 2108 326 2136 23
346 2083 455 2145 oqui
483 2091 530 2127 et
556 2080 847 2143 liypcrmetri
869 2079 1104 2125 dicuntur.
1179 2080 1329 2142 Igitur
1351 2080 1572 2141 Pquando
1592 2077 1798 2125 ostendi-

348 2176 454 2204 mus
491 2175 590 2203 esse
625 2156 672 2201 id
713 2156 932 2218 simplex,
959 2163 1138 2210 qnunc‚
1166 2155 1293 2216 quod
1331 2155 1480 2217 magis
1506 2172 1624 2209 reor,
1653 2154 1795 2199 etiam

349 2232 671 2295 compositum
699 2230 1104 2275 demonstremus:

416 2307 630 2354 Solvitur
654 2307 778 2352 aeris
803 2306 963 2368 hyems
981 2311 1133 2368 grata
1156 2306 1257 2351 vice
1277 2305 1403 2351 veris
1428 2311 1473 2350 et
1498 2304 1692 2350 Favoni.

350 2384 614 2446 Copulatur
637 2399 796 2427 versus
821 2399 963 2442 quem
990 2380 1260 2436 dividimus,

353 2534 400 2581 U
486 2469 702 2516 Solvitur
726 2469 852 2514 aeris
876 2468 1039 2530 hyems
1058 2472 1209 2528 grata
1231 2466 1346 2511 vice.

407 2543 438 2591 t>

483 2596 733 2643 Saltantes
756 2603 943 2659 satyros
968 2596 1248 2642 imitabitur.

295 2699 335 2727 24
353 2674 556 2719 Comma
590 2682 747 2719 autem
775 2672 900 2734 quod
934 2680 1145 2734 superest
1170 2671 1536 2735 ithyphallicum
1563 2673 1650 2718 erit
1674 2690 1698 2718 e
1723 2672 1803 2717 tri-

354 2751 441 2796 bus
466 2749 699 2803 trochaeis,
726 2758 776 2794 ut
801 2748 1036 2804 novimus,

408 2871 428 2890 n
449 2865 541 2913 quo]
566 2876 639 2912 qua
660 2864 699 2899 P.
849 2870 866 2888 0
887 2864 965 2911 qui]
988 2863 1088 2911 quod
1109 2865 1148 2899 P.
1304 2870 1323 2897 P
1343 2863 1508 2912 quando]
1530 2875 1614 2899 cum
1637 2863 1674 2898 P.
1696 2870 1733 2898 et
1752 2862 1803 2897 sic

354 2917 449 2953 infra
470 2928 529 2964 27.
639 2914 751 2962 qjam
773 2915 889 2964 quod]
912 2928 1011 2951 nunc
1031 2928 1054 2963 q
1077 2917 1115 2951 P.
