1962 3355
365 202 452 240 138
870 194 1027 240 *Marii
1055 194 1293 240 Victorini
1614 207 1709 237 ΜΒ.
1735 205 1811 237 111.

426 315 737 361 Instimulata
764 315 918 361 choris
941 315 1107 379 quales
1130 333 1296 362 socrus
1321 314 1499 360 eoeeutit
1522 313 1678 359 ulnas,

361 391 467 437 Fiet
491 399 790 437 tetrametrus
817 392 1083 439 trochaicus
1109 393 1188 449 ita,

428 467 486 512 In
511 467 666 514 choris
688 467 941 515 stimulata
964 468 1145 532 tqualis
1168 467 1310 514 ulnas
1335 465 1518 512 excutit
1539 480 1718 510 socrus.

322 559 341 590 9
360 543 447 588 Per
483 543 762 590 divisionem
810 554 966 591 autem
1008 544 1044 590 si
1085 541 1561 607 proceleusmaticum
1606 540 1654 585 in
1698 556 1809 585 ana-

358 620 604 683 paesticum
633 630 837 666 metrum
862 619 1116 667 dividendo
1142 619 1208 665 sic
1233 617 1484 682 percutias,

557 697 619 742 Id
636 696 771 759 agite
789 696 1016 759 peragite
1039 695 1274 742 celeriter.

361 771 447 816 Per
472 771 701 817 unitatem
728 788 853 827 vero,
880 789 989 818 cum
1017 772 1290 835 pariambus
1314 769 1493 833 duplex
1513 768 1747 832 jungitur.

556 847 713 910 Agite
720 847 834 910 jam
858 848 994 911 agite
1019 849 1111 894 cito
1134 847 1268 894 modo
1292 862 1413 892 mea.

302 940 339 960 10
356 921 421 966 Et
456 921 516 967 sit
551 922 1015 984 proceleusmaticus.
1085 923 1174 968 Per
1198 921 1661 984 transfigurationem
1695 940 1815 985 quo-

356 1015 461 1059 quc,
486 1014 593 1043 cum
623 998 792 1043 herous
819 999 1020 1061 figuram
1047 998 1247 1044 trimetri
1275 998 1463 1062 accipit,
1488 999 1633 1056 velut,

487 1074 672 1120 Albam·
694 1075 879 1120 umuris
902 1074 1084 1121 Albam
1111 1074 1303 1138 longam
1331 1075 1599 1122 cina-erunt.

356 1150 453 1196 Hic
494 1150 619 1196 enim
659 1150 695 1196 si
739 1169 821 1215 per
856 1151 1070 1215 dipodias
1107 1150 1412 1214 percutiatur,
1442 1152 1524 1197 fiet
1556 1151 1812 1198 trimetrus.

355 1226 445 1273 Sed
488 1237 535 1273 et
566 1245 648 1291 per
680 1228 963 1275 mixtionem
999 1245 1110 1275 cum
1146 1227 1342 1273 diversae
1374 1228 1507 1273 bases
1539 1228 1814 1284 miscentur,

356 1312 406 1349 ut
431 1312 545 1367 puta
571 1303 891 1350 choriambica
917 1314 963 1350 et
989 1303 1207 1360 iambica,
1231 1303 1394 1359 veluti,

486 1379 645 1443 Lydia
671 1380 747 1426 dic
766 1397 939 1442 precor
966 1380 1113 1427 libens
1137 1380 1262 1427 uude
1284 1379 1401 1427 velis
1425 1381 1623 1427 reverti.

300 1478 329 1497 ιι
356 1456 443 1501 Per
468 1456 864 1520 compositionem
893 1466 1067 1515 autem,
1099 1457 1134 1503 si
1165 1474 1223 1503 ex
1263 1457 1405 1502 heroo
1431 1466 1583 1504 metro
1617 1458 1691 1505 cui
1718 1458 1814 1521 syl-

356 1532 461 1578 laba
497 1532 679 1594 adjecta
714 1533 762 1579 in
793 1534 1053 1580 novissimo
1088 1533 1191 1591 erit,
1215 1532 1342 1596 quod
1365 1536 1647 1598 πενθημιμερὲς
1672 1551 1812 1582 voca-

355 1618 444 1666 tur,
468 1609 593 1672 quod
620 1619 690 1655 est
714 1610 823 1668 tale,

551 1686 918 1750 Arboribusque
942 1704 1092 1734 comae.

356 1762 537 1824 adjecto
564 1772 713 1809 metro
740 1764 959 1821 iambico,
984 1765 1067 1810 fiat
1093 1772 1296 1809 metrum
1324 1763 1433 1820 tale,

421 1839 780 1903 Arboribusque
805 1857 957 1896 comce,
983 1847 1037 1886 ut
1054 1841 1216 1902 prisea
1238 1857 1362 1903 gens
1385 1838 1678 1886 mortalium.

356 1915 509 1967 Quale
533 1924 603 1961 est
628 1916 674 1961 in
700 1916 871 1980 Epodo
898 1917 1103 1974 Horatii,

423 1992 643 2039 Scribere
665 1993 926 2040 versiculos
950 2011 1113 2040 amore
1130 2010 1412 2056 percussum
1434 1994 1596 2057 gravi.

302 2087 336 2107 12
356 2068 706 2115 Demonstratis
726 2070 869 2132 igitur
885 2070 1133 2133 exemplis,
1149 2070 1509 2133 temptabimus,
1527 2069 1814 2132 procedente

359 2143 557 2188 lectione
581 2147 627 2189 in
658 2155 892 2207 quantum
920 2146 1227 2207 potuerimus,
1252 2145 1415 2191 omnia
1451 2146 1592 2207 hujus
1631 2147 1813 2208 generis

360 2219 455 2264 sive
492 2220 724 2282 simplicia
761 2221 857 2266 sive
893 2221 1129 2276 immixta,
1154 2238 1260 2282 quae
1293 2222 1342 2266 in
1379 2239 1520 2267 usum
1549 2231 1631 2268 aut
1657 2222 1812 2269 Graeci

361 2304 440 2340 aut
464 2295 624 2342 Latini
651 2306 943 2361 receperunt,
969 2296 1166 2342 subinde
1191 2297 1432 2360 medere,
1457 2298 1492 2343 si
1531 2298 1661 2362 prius
1693 2317 1761 2354 ea,
1787 2317 1814 2346 a

360 2372 532 2433 quibus
558 2373 743 2420 initium
774 2373 1058 2419 sumendum
1087 2383 1171 2430 est,
1196 2374 1549 2421 “docuerimus

415 2516 427 2540 t
449 2516 552 2551 ulnas
573 2515 710 2551 excutit
731 2516 874 2561 socrus]
897 2528 1022 2551 socrus
1037 2515 1177 2550 excutit
1199 2516 1302 2550 ulnas
1325 2516 1364 2551 P.
1494 2524 1514 2543 u
1536 2517 1666 2565 muris]
1691 2532 1812 2556 mures

363 2570 402 2603 P.
423 2569 504 2603 edd.
628 2576 644 2593 v
667 2569 833 2616 perdex-c]
860 2568 1013 2616 prodere
1035 2569 1074 2604 P.
1097 2577 1133 2603 et
1155 2567 1205 2603 sic
1226 2583 1296 2603 cui.
1320 2570 1467 2607 (jouin).
1594 2578 1621 2595 w
1642 2572 1811 2608 docueri-

364 2623 461 2668 mus]
485 2622 731 2658 docuerimus,
795 2621 968 2657 Dicemus
988 2620 1098 2667 igitur
1118 2621 1163 2656 (le
1185 2622 1311 2657 metris
1329 2623 1396 2658 «Sus.
