1962 3355
343 215 434 262 126
848 213 1008 261 Marii
1036 213 1275 261 Victorini
1612 225 1709 257 ΜΒ.
1736 225 1790 256 11.

339 339 384 383 in
429 337 664 401 principio
700 353 858 382 versus
900 336 1148 382 bacchium
1192 334 1344 398 longis
1386 333 1709 396 incipientem,
1745 341 1793 378 et

338 431 552 476 paeonem
578 412 788 466 tertium,
813 429 1014 473 quorum
1053 421 1250 473 uterque
1275 411 1484 472 quinque
1520 419 1789 472 temporum

302 510 320 539 3
339 489 491 553 spatio
516 488 798 535 extenditur.
847 488 1145 534 Catalectum
1172 496 1329 533 autem
1356 488 1411 531 fit
1435 494 1689 548 anapaesto,
1713 491 1793 529 aut

338 583 394 610 eo
429 565 509 627 qui
547 564 917 628 amphibrachys
956 572 1164 608 vocatur.
1235 563 1368 608 Huic
1404 578 1512 606 cum
1548 577 1647 606 esse
1682 577 1794 605 sena

338 651 553 705 tempora
575 642 621 687 in
650 639 846 703 singulis
871 638 1302 701 conjugationibus,
1327 645 1490 700 utpote
1514 636 1794 691 ionicorum,

339 726 569 781 oporteat,
604 714 867 762 necessario
892 715 1127 760 trochaeus
1165 724 1246 760 aut
1281 713 1380 775 ejus
1418 714 1539 759 basis
1576 711 1794 759 adnecte-

339 802 431 850 tur,
451 811 504 838 ea
529 790 931 854 contemplatione
950 790 1220 847 imminuta,
1240 798 1292 835 ut
1311 789 1517 852 dipodiae
1544 788 1793 852 superioris

303 878 555 931 4tempora
590 884 648 912 ex
679 866 880 912 subditis
917 867 1260 929 compleantur.
1331 866 1386 912 Id
1415 865 1566 912 Graeci
1593 865 1795 921 ἐπίζευξιν,

340 946 385 991 id
413 954 482 990 est
507 943 907 1008 conjugationem,
926 953 1112 1000 vocant,
1132 961 1186 989 eo
1207 942 1333 1005 quod
1358 942 1595 1006 ⁰priorum
1615 941 1791 1005 pedum

340 1021 471 1067 basin
498 1038 595 1066 uno
620 1030 833 1083 tempore
862 1019 1121 1065 breviorem
1159 1019 1397 1081 sequentis
1434 1018 1642 1083 syzygiae
1666 1034 1796 1064 com-

340 1098 467 1161 pleat
491 1097 688 1160 syllaba,
716 1114 821 1158 quae
845 1114 928 1156 pro
954 1096 1099 1153 brevi,
1123 1095 1234 1142 licet
1266 1105 1432 1141 natura
1459 1096 1598 1158 longa
1623 1094 1697 1150 sit,
1721 1103 1795 1140 ut-

340 1185 450 1237 pote
474 1174 600 1238 prior
624 1173 835 1226 trochaei,
861 1172 1135 1235 accipienda
1154 1181 1240 1229 est,
1259 1171 1492 1234 siquidem
1515 1172 1656 1217 unius
1675 1180 1797 1217 tem-

341 1252 465 1315 poris
500 1251 833 1314 supplemento
870 1250 1023 1296 ionica
1062 1250 1184 1296 basis
1220 1249 1429 1312 indigere
1469 1248 1697 1305 videatur,
1729 1256 1797 1294 et-

306 1329 469 1378 senim
502 1328 613 1373 huic
651 1336 803 1373 metro
843 1326 1117 1389 rhythmica
1153 1335 1320 1371 natura
1360 1324 1543 1371 accidit.
1615 1325 1798 1387 Hujus-

341 1404 470 1450 modi
503 1413 662 1450 autem
696 1404 817 1449 inter
853 1421 900 1448 se
926 1403 1116 1464 συζυγίας
1144 1401 1410 1466 passionem
1451 1402 1547 1447 sive
1579 1419 1798 1447 commu-

341 1481 528 1527 nionem
569 1479 735 1526 musici
770 1481 989 1526 ἀνάκλασιν
1013 1488 1196 1535 vocant,
1221 1488 1265 1524 ct
1302 1487 1449 1524 metra
1481 1478 1517 1524 si
1552 1496 1647 1541 qua
1678 1478 1798 1524 forte

341 1556 625 1602 adverterint
660 1556 785 1613 talia,
809 1555 1067 1616 ἀνακλώμενα
1100 1556 1353 1619 appellant,
1379 1555 1504 1618 quod
1542 1565 1796 1602 retrorsum

341 1632 673 1687 Pinclinentur,
711 1644 764 1678 ut
800 1633 850 1678 in
889 1631 1171 1694 quibusdam
1214 1632 1519 1678 saltationum
1557 1631 1798 1694 gesticulis

341 1717 500 1755 nostra
535 1726 730 1772 corpora
765 1726 891 1772 pone
923 1708 1208 1772 pandantur.
1258 1709 1350 1755 Sed
1381 1718 1430 1755 ut
1455 1708 1679 1772 exemplo
1715 1707 1799 1753 do-

343 1803 492 1842 ceam,
516 1785 603 1830 erit
630 1785 719 1830 hoc
746 1785 849 1831 colo
875 1785 1235 1839 anaclomenon,

746 1861 921 1924 Cybele
942 1862 1108 1907 rotabo
1133 1862 1302 1907 crines.

305 1937 444 1985 6Hic
476 1955 544 1994 ro,
580 1938 690 1984 licet
722 1938 780 1983 sit
815 1937 982 1994 brevis,
1015 1955 1099 2000 pro
1135 1940 1276 2000 longa
1318 1937 1589 2001 accipietur,
1626 1935 1802 2000 Cybele

343 2033 410 2061 ro.
481 2014 609 2060 Nam
636 2013 900 2060 detractum
928 2032 1078 2060 unum
1106 2024 1294 2078 tempus
1328 2015 1567 2077 sequentis
1592 2014 1800 2078 syzygiae

344 2109 403 2137 ex
429 2091 594 2136 initiali
621 2092 800 2154 syllaba
827 2091 937 2137 huic
960 2091 1274 2154 impartietur,
1295 2109 1352 2137 ne
1377 2093 1460 2137 fiat
1482 2091 1636 2154 prima
1660 2108 1801 2154 syzy-

346 2168 422 2230 gia
458 2168 822 2230 pentachronos,
864 2185 1065 2229 sequens
1106 2167 1467 2230 heptachronosn
1539 2166 1692 2229 Igitur
1732 2184 1801 2212 se-

345 2242 514 2289 cundae
557 2243 906 2305 conjugationis
955 2244 1105 2306 prima
1142 2244 1337 2307 syllaba,
1375 2263 1481 2307 quae
1522 2244 1663 2290 debet
1700 2261 1800 2289 esse

347 2319 513 2373 brevis,
542 2328 764 2374 mutatur,
784 2337 836 2365 ea
862 2319 1180 2375 qcoiiditione,
1204 2329 1257 2366 ut
1272 2321 1366 2366 vim
1395 2339 1488 2367 suae
1507 2320 1801 2384 proceritatis

346 2405 524 2458 quartae
560 2396 753 2460 syllabae
789 2396 932 2450 brevi,
957 2413 1062 2458 quae
1087 2406 1157 2442 est
1184 2397 1352 2443 ultima
1377 2397 1541 2461 primae
1576 2396 1802 2459 conjuga-

346 2473 504 2527 tionis,
531 2472 787 2536 impartiat,
813 2482 859 2518 et
890 2472 991 2534 ipsa
1016 2473 1208 2534 quidem
1247 2474 1398 2519 brevis
1434 2482 1646 2520 remanet
1678 2473 1802 2519 facta

349 2550 486 2595 nnius
511 2549 754 2612 temporis,
780 2548 1066 2612 superiorem
1094 2560 1250 2596 autem
1284 2568 1309 2595 a
1339 2568 1386 2595 se
1423 2550 1670 2613 syllabam,
1695 2568 1801 2612 quae

347 2627 512 2673 ¹'fuerit
548 2625 717 2681 brevis,
755 2626 1068 2671 Scommercio
1105 2644 1199 2673 suae
1242 2627 1536 2690 proceritatis
1572 2626 1801 2673 extendit.

313 2704 528 2766 JtAtque
554 2703 616 2749 ita
645 2704 696 2748 fit
722 2702 928 2748 ionicum
956 2704 1326 2750 anaclomenon:
1365 2713 1417 2750 ut
1438 2714 1523 2759 est,

403 2838 421 2857 0
442 2831 623 2878 priorum]
647 2829 802 2878 priorem
826 2830 863 2864 P.
975 2837 994 2863 P
1015 2830 1259 2878 inclinantur]
1286 2831 1512 2867 inclinentur
1532 2831 1570 2866 P.
1666 2836 1682 2859 ‘1
1704 2831 1801 2880 lege]

349 2883 565 2920 conditione
585 2883 625 2919 P.
743 2890 758 2908 1*
778 2882 910 2929 fuerat]
936 2882 1043 2919 fuerit
1066 2885 1104 2919 l’.
1223 2890 1237 2909 ⁵
1257 2884 1496 2932 commerito]
1520 2889 1741 2921 commertio
1761 2885 1802 2920 P.

351 2940 363 2964 t
384 2938 453 2984 Ac]
478 2946 588 2986 atque
612 2937 649 2971 P.
