1962 3355
113 190 222 222 CAP.
242 186 285 233 9.
525 173 612 219 De
634 172 740 219 rell.
766 172 967 219 Horatii
989 173 1167 219 metris.
1471 181 1563 220 325

115 297 205 343 Cui
231 296 438 343 detracta
467 292 646 358 syllaba
671 294 825 358 prima
844 294 957 340 facit
991 293 1264 357 yphallicon
1302 302 1535 340 metrum:

284 372 456 412 Invides
476 372 634 411 amicis.

113 463 173 491 ex
212 445 383 506 quibus
425 444 717 508 compositus
766 451 837 489 est
875 442 953 489 hic
995 443 1259 502 Saturnius,
1295 452 1349 490 ut
1386 444 1447 490 sit
1486 460 1570 508 par

116 521 254 567 huic:

289 587 401 634 Quid
420 586 583 627 invides
603 586 781 626 amicis?
813 585 986 626 Invides
1004 586 1164 626 amicis.

134 659 227 705 hoc
252 659 424 705 modo:

288 737 455 776 illalum
476 736 634 776 dabunt
655 734 811 775 Metelli
832 735 984 775 Naevz‘o
1000 740 1145 789 poetae.

281 891 414 942 CAP.
445 892 540 943 IX.
588 893 673 944 De
700 892 919 961 reliquis
947 891 1177 942 Horatii
1202 890 1404 942 metris.

142 1000 144 1002 ’
182 990 328 1037 Nunc
366 992 544 1054 reliqua
583 1001 731 1037 metra
773 991 976 1048 Horatii,
1013 1008 1120 1054 quae
1164 989 1375 1036 nondum
1420 988 1571 1051 attigi,

117 1067 337 1130 prosequi
362 1067 482 1113 volo.

287 1144 387 1183 εῙιωη
408 1144 512 1183 satis
534 1144 659 1184 terris
679 1144 793 1183 nivis
813 1149 934 1198 atque
954 1143 1060 1183 ctirae

291 1211 527 1250 Grandinis
548 1211 662 1250 misit
669 1216 811 1265 pater,
833 1216 872 1249 et
892 1211 1060 1250 rubente

289 1278 477 1317 Dextera
496 1291 640 1317 sacras
646 1278 868 1331 jaculatus
888 1290 1005 1317 arces

523 1345 700 1384 Terruit
720 1345 875 1384 urbem.

119 1417 564 1481 Hendecasyllabus
598 1418 868 1483 Sapphicus
902 1420 984 1464 fiet
1016 1416 1282 1464 Phalaecius
1319 1416 1574 1463 immutato

117 1494 297 1553 ordine,

295 1573 328 1611 V
328 1572 378 1612 ile
393 1573 559 1627 potabis
579 1572 750 1612 modicis
770 1573 990 1613 Sabinum.

120 1644 233 1691 Hoc
271 1653 476 1691 metrum
517 1645 678 1692 tricola
723 1645 868 1692 habet
913 1645 1058 1709 paria,
1100 1653 1342 1707 unartam
1383 1644 1573 1689 brevem

119 1721 396 1777 clausulam,
422 1730 669 1785 sumptum
701 1730 771 1768 est
807 1723 865 1768 ab
903 1722 1080 1768 Alcaeo.
1151 1720 1349 1784 Sappho
1387 1736 1577 1781 quoque

120 1796 389 1858 frequenter
413 1815 468 1842 eo
495 1798 654 1843 utitur.
726 1797 1077 1860 Monostropha
1100 1805 1331 1842 vocantur
1356 1795 1456 1841 haec
1480 1813 1579 1840 car-

123 1872 267 1929 mina,
303 1873 415 1934 quia
461 1873 517 1919 ad
565 1873 769 1936 primam
813 1873 1039 1936 strophen
1079 1880 1233 1918 cetera
1273 1871 1578 1936 respondent,

121 1949 254 1995 nullo
272 1949 614 1996 interveniente
633 1949 803 2013 epodo,
825 1949 933 2012 aqui
955 1967 980 1994 a
998 1949 1151 2012 prima
1171 1948 1364 2012 strophe
1382 1947 1578 2005 differat,

121 2026 264 2072 faciat
299 2043 420 2082 eam,
445 2043 587 2088 quam
630 2026 800 2072 musici
834 2035 880 2072 et
914 2024 1243 2090 bgrammatici
1272 2061 1408 2071 .....
1435 2023 1579 2070 deno-

122 2101 320 2148 minant.
390 2101 671 2165 Composita
710 2111 867 2149 autem
904 2103 1006 2149 cola
1042 2101 1183 2163 hujus
1226 2100 1446 2148 carminis
1484 2100 1614 2148 sin-3

119 2178 229 2241 gula
270 2195 328 2223 ex
360 2177 545 2224 duobus
582 2178 918 2236 commatibus,
943 2194 1146 2241 quorum
1179 2177 1306 2240 quod
1344 2176 1578 2224 antecedit

120 2271 179 2300 ex
203 2253 549 2301 cArchilocheo
574 2254 802 2318 quadrato
829 2255 1050 2311 nascitur,
1073 2254 1154 2310 sic,

290 2332 392 2371 Jam
411 2332 516 2372 satis
537 2333 676 2381 terris,
697 2332 915 2388 magisque
929 2332 1112 2388 genibus
1132 2330 1295 2371 ltaerebo
1315 2332 1415 2372 tuis.

122 2405 234 2451 Hoc
258 2405 387 2451 enim
411 2423 496 2470 par
519 2414 590 2452 est
616 2406 742 2462 huic,
768 2423 877 2452 nam
904 2406 969 2452 ita
993 2415 1078 2464 est,

292 2482 444 2538 Magis
465 2484 681 2538 magisque
705 2483 886 2539 genibus
906 2483 1065 2524 ltaefrebo
1085 2485 1180 2524 tuis.

123 2548 335 2610 Sequens
365 2566 553 2596 comma
587 2550 788 2598 trimetri
825 2550 1016 2598 iambici
1050 2551 1255 2615 primam
1296 2550 1441 2596 babet
1473 2567 1580 2614 par-

122 2634 237 2682 tem,
262 2626 565 2688 componitur
589 2627 669 2682 sic,

179 2743 198 2771 Y
220 2737 444 2784 Phalaecion]
471 2738 655 2774 Phatecon
670 2739 716 2775 V.
742 2740 947 2776 Phatticum
962 2739 1015 2776 uti
1035 2752 1146 2789 supra
1165 2752 1242 2789 rep.
1261 2739 1414 2775 Santen.
1430 2737 1476 2774 ad
1491 2737 1578 2773 Ter.

126 2789 249 2826 Maur.
272 2803 307 2839 p.
326 2800 414 2838 359.
544 2797 561 2816 Ζ
582 2793 766 2840 quartam]
790 2799 963 2841 quantam
982 2793 1029 2829 V.
1167 2799 1186 2819 a
1206 2805 1282 2840 quae
1298 2794 1418 2840 prima
1437 2792 1580 2837 strophe

126 2842 420 2892 afferrefaciat]
447 2856 480 2890 q.
500 2846 656 2891 aprima
674 2847 819 2894 strophe
837 2847 995 2895 dg'fferat,
1009 2846 1133 2895 saciat
1152 2846 1200 2883 V.
1355 2843 1374 2870 b
1395 2855 1580 2894 gramma-

128 2896 190 2933 tici
214 2926 222 2934 .
242 2925 249 2933 .
271 2926 277 2933 .
296 2924 304 2932 .
346 2898 576 2943 grammatici
598 2899 669 2933 tria
688 2899 736 2934 V.
871 2906 888 2926 c
909 2900 1155 2945 Archilochio]
1180 2897 1415 2935 Archilocheo
1437 2896 1483 2933 V.
