1962 3355
139 231 243 262 CAP.
269 225 340 263 15.
409 216 493 262 De
516 215 765 277 Anapaesti
786 216 930 262 metri
949 216 1210 278 generibus
1235 216 1321 276 &a
1496 225 1584 274 179

234 369 371 420 CAP.
402 370 522 421 XV.
590 372 675 422 De
702 371 983 440 Anapcestz'
1008 371 1167 422 metri
1183 371 1486 440 generibus,

494 471 609 522 quse
633 472 699 505 eoe
722 454 877 505 heroo
903 455 1231 505 derivantur.

206 551 299 597 Sed
327 561 374 597 et
405 552 685 615 aiiapaestica
718 564 868 597 metra
900 569 983 614 per
1013 553 1277 615 epiplocen,
1300 552 1358 597 de
1390 570 1481 615 qua
1514 570 1591 598 su-

141 645 225 691 pra
249 627 472 684 diximus,
497 645 554 673 ex
593 628 735 673 heroo
771 626 999 690 originem
1034 628 1217 674 trahere
1249 628 1372 674 haud
1403 628 1592 674 difficile

142 714 210 749 est
230 704 608 767 deprehendere:
647 721 754 750 nam
783 705 819 750 si
848 705 1123 750 hexametro
1148 704 1317 759 versui,
1341 704 1414 749 cui
1443 704 1489 749 in
1517 721 1594 749 su-

141 797 306 843 premo
332 781 567 844 spondeus
594 799 673 826 scu
699 782 932 827 trochaeus
959 781 1031 834 sit,
1051 779 1190 826 ceteri
1213 797 1380 825 omnes
1405 779 1596 843 dactyli,

142 856 344 919 primam
371 857 588 904 detrahas
614 858 860 920 syllabam,
891 860 1211 918 (tamquamp.

243 932 313 978 At
337 934 449 979 tuba
475 933 737 980 terribilem
760 934 969 980 sonitum
995 932 1181 995 fprocul
1202 949 1294 978 (ere
1318 934 1555 991 recurvo‚)

144 1010 231 1056 erit
250 1013 558 1074 anapaesticus
583 1012 900 1058 catalecticus,
935 1010 1131 1056 Sublata
1154 1010 1282 1055 enim
1305 1016 1356 1056 at
1374 1009 1598 1070 conjunc-
1618 1030 1636 1051 2

145 1086 288 1140 tione,
314 1104 418 1149 quae
454 1088 607 1150 prima
641 1089 685 1133 in
718 1106 851 1134 versu
886 1087 1120 1151 positione
1145 1087 1284 1148 longa
1315 1095 1401 1143 est,
1430 1086 1600 1131 ultima

146 1162 395 1225 singularis
437 1164 524 1209 erit
566 1164 776 1226 gsyllaba
815 1181 884 1217 vo,
926 1162 1094 1208 initiali
1133 1170 1187 1207 ut
1223 1161 1352 1207 vides
1394 1161 1602 1224 dempta,

146 1255 252 1300 quae
289 1238 336 1284 in
374 1239 607 1302 principio
632 1239 892 1301 dactylum,
917 1239 965 1284 in
992 1238 1160 1283 ultimo
1186 1238 1447 1301 spondeum
1474 1238 1601 1287 facit,

146 1314 252 1360 Erit
276 1332 387 1377 ergo
413 1314 723 1378 anapaesticus
749 1332 908 1360 versus
934 1314 1055 1370 talis,

285 1391 418 1437 Tzcba
442 1390 705 1437 terribilem
728 1391 937 1437 sonitum
961 1388 980 1417 ¹¹
984 1388 1161 1452 procul
1181 1406 1271 1435 cere
1294 1406 1509 1435 recurvo.

147 1466 192 1512 E
215 1466 363 1512 tribus
398 1475 554 1513 autem
594 1467 841 1530 anapaestis
879 1465 1171 1528 conjunctim
1203 1465 1372 1511 ultima
1406 1465 1477 1510 his
1514 1466 1605 1529 syl-

148 1543 253 1589 laba
279 1543 552 1590 catalectica
572 1543 839 1600 accedente,
865 1560 944 1589 seu
972 1542 1172 1598 duabus,
1189 1541 1449 1599 (interdum
1475 1542 1602 1587 enim

150 1619 384 1679 spondeus
405 1638 489 1684 pro
510 1629 763 1683 anapaesto,
784 1630 935 1665 metro
954 1618 1191 1681 exigente,
1209 1619 1414 1682 ponitur,
1431 1628 1477 1663 et
1502 1617 1607 1664 duae

149 1695 490 1759 kreperientur,
515 1714 620 1759 quae
645 1707 804 1742 tamen
832 1696 1194 1742 convenientem
1221 1705 1372 1740 metro
1398 1713 1490 1740 non
1511 1694 1609 1740 effi-

151 1772 277 1818 cient
314 1772 500 1834 pedem‚
538 1782 589 1818 ut
618 1773 786 1819 merito
814 1772 1114 1818 catalecticus
1151 1789 1309 1818 versus
1344 1771 1607 1830 efficiatur,)

151 1848 433 1894 formabitur
470 1848 646 1911 epodos
686 1866 743 1894 ex
787 1848 1069 1911 anapaestico
1110 1865 1204 1893 non
1248 1848 1421 1893 absone
1461 1856 1646 1897 metro3

154 1925 298 1970 lieroo
334 1925 638 1987 respondem,
674 1943 760 1971 nec
808 1925 1044 1979 inmerito,
1082 1941 1191 1969 nam
1225 1932 1425 1969 retracta
1468 1924 1610 1967 heroo

152 1999 571 2063 lpenthemimere,
599 2018 704 2063 pars
730 2000 829 2061 ejus
867 2000 1050 2046 residua
1087 2000 1208 2045 hanc
1245 1998 1492 2062 mepodum
1530 1998 1609 2043 da-

155 2076 238 2131 bit,
265 2076 408 2132 velut,

358 2152 457 2198 Vos
480 2170 505 2198 ο
535 2152 750 2215 Calliope
766 2173 780 2198 .-

155 2228 344 2284 dehinc,

354 2303 539 2350 Precor
563 2306 810 2367 adspirate
834 2306 1036 2351 canenti.

157 2379 213 2425 Id
240 2379 327 2425 erit
353 2379 398 2425 in
426 2381 709 2443 anapaestico
735 2389 850 2444 npar
876 2399 928 2426 ac
955 2381 1122 2433 simile,

357 2455 477 2501 Mea
501 2456 619 2502 tibia
645 2457 800 2503 dicere
822 2473 999 2503 versus.

211 2612 226 2639 f
242 2614 556 2662 dedit—canoro]
583 2615 922 2664 procul—recurvo
943 2615 984 2650 P.
1128 2620 1149 2648 S·
1169 2612 1326 2662 syllaba]
1353 2611 1493 2661 syllaba
1511 2624 1554 2647 vo
1574 2611 1613 2646 P.

158 2666 179 2693 h
199 2667 317 2715 dedit]
344 2668 470 2716 procul
493 2668 531 2703 P.
653 2666 673 2693 k
696 2668 943 2717 reperiuntur]
968 2666 1195 2715 reperientur
1215 2667 1256 2702 P.
1381 2665 1388 2692 l
1409 2663 1615 2714 penthemi-

159 2721 274 2766 mere]
299 2721 639 2770 pentemimerisme
657 2722 696 2757 P.
842 2727 872 2745 m
893 2720 1071 2769 epodum]
1096 2719 1236 2768 epodus
1260 2719 1299 2754 P.
1450 2725 1469 2743 ¹¹
1491 2730 1555 2766 par
1574 2729 1615 2752 ac

159 2772 296 2820 simile]
321 2773 441 2809 simile
460 2774 502 2809 P.

218 2899 252 2922 2.
284 2900 354 2922 aere
385 2888 551 2934 recurvo]
583 2888 689 2937 Lego
724 2901 792 2923 oere
822 2900 941 2923 curvo.
991 2886 1086 2922 Vide
1112 2886 1380 2922 Terentianum
1414 2898 1449 2933 p.
1474 2895 1533 2930 72,
1556 2895 1615 2928 24.

163 2939 337 2974 COMM.
370 2939 390 2975 i.
412 2953 443 2975 e.
465 2953 535 2976 ver.
556 2952 670 2988 1912.
693 2941 752 2976 ubi
777 2953 807 2976 v,
830 2941 984 2975 Santen.

823 3012 958 3048 Aa2
