1962 3355
350 203 444 240 352
811 193 960 240 Atilii
981 194 1319 240 Fortmmtiani
1607 182 1721 238 PAR.
1749 207 1802 238 11.

350 332 471 377 goga
507 315 733 370 diximus,
758 316 981 378 componi
1021 332 1078 360 ex
1117 315 1205 360 illis
1249 314 1589 377 principalibus
1629 313 1804 369 metris,

351 399 432 437 aut
464 389 741 453 adjectione,
767 401 847 437 aut
880 391 1185 448 detractione,
1212 399 1291 435 aut
1324 389 1700 445 concinnatione,
1726 399 1806 435 aut

350 468 720 530 permutatione.
791 467 1181 528 Adjectione,ut,

522 544 715 584 Solvitur
735 544 847 583 acris
868 544 1007 597 hyems
1024 548 1159 597 grata,
1181 543 1267 582 vice
1288 544 1399 583 veris
1420 549 1457 583 et
1478 544 1520 582 F
1519 545 1642 583 avom?
1650 575 1658 583 .

350 617 568 663 Accessit
604 617 729 662 enim
769 617 912 662 heroo
950 624 1101 660 metro
1137 615 1316 678 syllaba
1342 633 1446 677 quae
1472 634 1657 662 versum
1685 617 1805 663 face-

352 702 421 738 ret
447 693 722 755 longiorem.
794 690 1118 745 Detractione,
1147 701 1390 753 tanquam,

527 769 804 823 Trallianique
823 768 954 807 siccas
974 768 1178 807 machina:-
1198 769 1382 808 carinas.

316 855 331 875 2
352 841 579 887 Detracta
605 842 730 887 enim
760 841 940 904 syllaba
966 841 1212 887 trimetron
1239 842 1349 888 fecit
1377 841 1624 888 minorem.
1683 842 1803 887 Con-

352 918 636 970 cinnatione,

522 994 619 1034 Jam
640 996 745 1034 satis
766 996 891 1035 terris
913 996 1025 1034 nivis
1046 1001 1169 1050 atque
1189 995 1309 1035 dirce.

354 1067 513 1130 Hujus
540 1068 666 1113 enim
695 1068 847 1131 prima
885 1086 1059 1114 caesura
1095 1068 1347 1125 trochaica,
1375 1086 1573 1130 sequens
1606 1068 1809 1114 iambica

316 1155 436 1194 3est.
524 1145 895 1201 Permutatione,
934 1146 1054 1191 sicut
1097 1163 1205 1191 cum
1246 1145 1562 1191 Archilochus
1604 1145 1807 1208 primam

354 1231 534 1284 partem
565 1221 693 1267 heroi
721 1222 897 1276 fecerit,
924 1231 1202 1284 sequentem
1231 1221 1438 1278 iambici,
1465 1230 1517 1267 ut
1541 1230 1627 1277 est,

525 1297 715 1337 Scribere
738 1299 959 1339 versiculos
979 1313 1118 1339 amore
1131 1313 1375 1354 percussum
1394 1298 1543 1352 gravi,

358 1372 585 1417 Horatius
628 1372 916 1435 permutavit
957 1382 1003 1418 ct
1046 1373 1155 1418 feeit
1197 1372 1399 1436 priorem
1444 1371 1716 1428 iambicam,
1742 1388 1812 1416 se-

356 1458 579 1509 quentem
609 1447 862 1503 heroicam,
890 1448 970 1502 sic,

531 1524 793 1564 Occasionem
814 1525 862 1564 de
882 1524 962 1573 die,
984 1525 1159 1579 dumque
1181 1526 1318 1564 virent
1333 1538 1490 1579 genua.

318 1619 336 1644 4
426 1596 547 1642 Haec
583 1606 738 1642 autem
778 1597 967 1643 Horatii
1011 1598 1219 1643 carmina
1255 1596 1313 1642 de
1349 1596 1522 1658 quibus
1558 1596 1711 1642 dicere
1744 1596 1814 1641 in-

357 1672 488 1717 stitui
527 1673 867 1736 monostropha
904 1674 1056 1719 Graeci
1098 1673 1469 1737 appellaverunt,
1494 1671 1621 1734 quod
1659 1672 1814 1735 prima

358 1749 551 1811 strophe
587 1748 773 1794 duobus
810 1749 882 1796 vel
918 1749 1065 1795 tribus
1102 1749 1216 1796 colis
1253 1749 1505 1812 explicata,
1532 1760 1708 1794 ceteras
1745 1766 1814 1794 se-

358 1833 557 1887 quentes
594 1824 770 1871 similes
809 1826 996 1883 habeat,
1029 1844 1114 1872 nec
1157 1826 1202 1871 in
1245 1825 1400 1887 aliqua
1445 1833 1578 1889 parte
1613 1825 1815 1870 interve.-

323 1922 338 1949 5
361 1900 519 1947 niente
544 1900 697 1964 epodo
722 1902 823 1948 cola
847 1911 1106 1949 mutentur.
1171 1901 1323 1948 Colon
1350 1901 1460 1964 quid
1489 1901 1666 1963 sitjam
1694 1902 1815 1948 dixi-

360 1995 481 2031 muS,
518 1995 543 2023 a
580 1994 675 2040 quo
711 1978 875 2025 tricola
912 1979 1008 2025 sive
1045 1979 1269 2025 tetracola
1311 1978 1535 2024 dicuntur
1573 1978 1676 2024 haec
1717 1996 1816 2024 car-

360 2054 503 2100 mina.
574 2054 632 2100 In
657 2055 955 2102 cantionibus
982 2065 1141 2102 autem
1174 2055 1333 2118 lyricis
1370 2055 1581 2117 legitime
1618 2055 1816 2118 scriptis,

362 2131 452 2177 hoc
489 2141 560 2177 est
597 2134 965 2197 monostrophis,
1002 2134 1103 2179 haec
1140 2133 1226 2178 tria
1262 2131 1458 2177 inveniri
1501 2149 1692 2177 necesse
1732 2139 1816 2185 est,

362 2207 604 2270 strophen,
629 2211 972 2274 antistroplien,
1003 2210 1204 2273 epodon.
1276 2209 1404 2254 Olim
1444 2209 1569 2253 enim
1608 2207 1817 2253 carmina

325 2283 409 2329 6in
437 2283 567 2329 Deos
601 2285 771 2348 scripta
808 2288 1100 2332 constabant.
1171 2285 1432 2331 Circumire
1469 2302 1596 2329 aram
1623 2282 1680 2329 ha
1705 2283 1818 2329 dex-

364 2368 433 2405 tra
468 2361 692 2423 strophen
727 2364 973 2419 vocabant,
1005 2362 1156 2408 redire
1192 2380 1217 2407 a
1254 2362 1437 2407 sinistra
1475 2359 1818 2423 antistrophen,

364 2445 471 2498 post
497 2453 604 2481 cum
643 2438 690 2481 in
718 2448 974 2501 conspectu
1007 2438 1081 2483 dei
1120 2436 1447 2483 iconsistentes
1480 2437 1675 2483 canticis
1714 2437 1819 2482 reli-

365 2529 456 2573 qua
497 2514 799 2575 peragebant,
842 2513 1074 2577 kepodon.
1152 2513 1283 2559 Hinc
1322 2513 1602 2560 translatum
1643 2531 1816 2560 nomen

366 2596 436 2634 est
471 2588 518 2633 in
557 2589 639 2634 has
679 2589 852 2653 epodos
892 2608 999 2652 quae
1036 2590 1170 2635 binos
1206 2607 1363 2636 versus
1403 2590 1593 2646 habent,
1619 2607 1727 2636 nam
1768 2599 1819 2636 ut

366 2665 463 2711 illic
499 2665 674 2728 epodos
710 2667 948 2714 canticum
986 2668 1107 2725 finit,
1144 2667 1229 2713 lita
1271 2667 1350 2712 hic
1383 2684 1541 2713 versus
1583 2666 1818 2712 secundus

420 2856 441 2883 h
460 2859 604 2906 dextra]
627 2871 648 2894 α
667 2861 795 2896 dextra
815 2860 864 2896 V.
1002 2859 1012 2887 i
1033 2861 1275 2908 consistentes]
1298 2863 1498 2897 assistentes
1520 2861 1562 2895 V.
1694 2857 1714 2885 k
1737 2872 1820 2907 epo-

366 2912 453 2959 don]
478 2911 584 2948 addit
602 2913 648 2948 V.
669 2929 792 2957 στιτησ-
810 2921 909 2963 τροφη
929 2930 1019 2950 κατα
1039 2921 1220 2964 αντισροφω
1239 2931 1308 2958 επη.
1418 2912 1429 2940 l
1449 2914 1545 2960 hinc]
1569 2913 1626 2949 llic
1646 2913 1692 2948 V.
