1962 3355
121 192 227 222 CAP.
255 187 301 224 4.
592 177 672 222 De
696 176 1105 240 hendecasyllabo.
1483 185 1577 225 315

235 298 370 338 an-oh
382 298 524 354 pudor
543 298 642 338 sella
662 299 708 338 in
728 298 866 338 cte-ruli
887 305 1051 338 Struma
1070 299 1242 339 Nonius
1261 298 1377 338 sedit.

122 373 247 418 Item
274 372 421 428 aliter,

233 449 287 487 Η
285 449 408 488 esitat
427 462 499 487 nec
518 448 726 488 eme-itamar
745 448 914 488 classico
935 446 1071 488 btruci
1093 448 1222 488 miles.

119 521 197 567 De
233 539 327 583 quo
368 521 505 584 plura
543 520 697 567 dicere
738 538 1082 584 supervacuum
1126 530 1224 575 est3
1263 538 1372 567 cum
1416 521 1577 568 omnia

121 605 443 660 cquaecunque
479 597 700 644 accidunt
733 597 947 644 trimetro
973 600 1182 644 scazouti
1218 596 1363 643 dhuic
1388 615 1576 660 quoque

120 673 331 720 accidere
356 675 551 737 possint.

244 806 375 857 CAP.
406 805 504 856 IV.
575 808 660 858 De
687 807 1137 877 elzemlecasyllabo
1165 808 1449 859 Phalcecz’o.

184 905 339 952 Venio
359 923 485 952 nunc
520 906 578 952 ad
606 907 1056 970 hendecasyllabum
1084 908 1388 965 Phalaecium,
1412 907 1493 970 qui
1519 924 1577 953 ex

122 983 264 1030 simili
289 1001 443 1040 causa,
470 982 541 1030 fut
569 984 799 1047 plerique,
824 1001 850 1029 a
875 984 1054 1029 cultore
1080 1002 1177 1042 suo,
1202 1003 1296 1030 non
1319 984 1577 1038 inventore,

121 1076 297 1105 nomen
335 1059 531 1122 accepit.
601 1060 726 1106 Nam
770 1060 848 1106 hic
888 1077 1046 1106 versus
1089 1061 1212 1124 apud
1258 1062 1454 1124 Sappho
1489 1061 1579 1107 fre-

120 1153 271 1198 quens
298 1146 395 1189 est3
434 1135 567 1197 cujus
604 1135 650 1180 in
677 1135 845 1197 quinto
870 1136 991 1181 libro
1016 1137 1284 1200 complures
1322 1138 1462 1199 hujus
1499 1155 1578 1199 ge-

119 1212 242 1258 neris
269 1221 316 1258 et
339 1211 600 1257 continuati
628 1220 674 1256 et
700 1211 894 1273 dispersi
923 1212 1159 1274 leguntur.
1216 1213 1377 1274 Hujus
1405 1213 1580 1260 hende-

120 1288 345 1352 casyllabi
371 1287 496 1333 varia
522 1287 690 1333 divisio
715 1299 801 1344 est,
827 1298 874 1334 et
898 1288 1052 1334 omnis
1090 1299 1170 1335 aut
1192 1307 1251 1335 ex
1285 1308 1332 1335 se
1356 1290 1578 1344 efficiens,

120 1374 201 1411 aut
225 1364 282 1410 ad
309 1362 497 1425 aliquod
525 1364 761 1426 pertinens
790 1373 1009 1410 metrum.
1080 1365 1171 1411 Sed
1197 1366 1352 1429 prima
1376 1367 1579 1430 vulgaris
1601 1386 1614 1405 2

119 1441 311 1504 quidem
338 1441 418 1487 illa
442 1440 625 1497 divisio,
649 1458 755 1503 quae
786 1442 924 1489 docet
953 1460 1061 1489 eum
1096 1451 1279 1506 partem
1315 1443 1488 1489 habere
1521 1461 1578 1489 ex

121 1519 280 1573 heroo,
304 1526 486 1581 partem
515 1534 572 1563 ex
599 1517 775 1576 iambo,
801 1520 969 1582 gcujus
995 1520 1292 1583 exemplum,

352 1595 490 1635 Castoe
510 1594 702 1635 Pierides
722 1610 821 1636 mese
844 1598 1067 1637 Camoenoe.

121 1685 180 1714 ex
207 1669 350 1715 heroo
375 1666 441 1713 sic
465 1666 704 1723 dividitur,

353 1744 492 1783 Castae
511 1742 703 1784 Pierides
723 1746 904 1785 sonitum
924 1745 1036 1785 dedit
1058 1760 1138 1786 (cre
1157 1761 1321 1786 canoro.

124 1839 182 1868 ex
207 1821 413 1868 iambico
439 1821 519 1874 sic,

350 1897 465 1937 Meae
488 1897 697 1936 Camoenae
718 1898 894 1938 coelitum
916 1897 1072 1939 htestor
1086 1914 1237 1954 gemas.

123 1972 287 2017 Altera
322 1970 488 2016 divisio
517 1979 602 2025 est,
629 1970 762 2031 cujus
799 1971 1001 2018 feceram
1041 1973 1350 2031 mentionem,
1378 1993 1487 2022 cum
1525 1975 1582 2021 de
1601 1992 1618 2021 3

124 2048 277 2112 epodo
301 2047 581 2094 Callimachi
609 2046 832 2103 dicerem,
859 2048 950 2093 hoe
975 2050 1213 2113 exemplo,

351 2124 495 2164 Εἰσί-ας
516 2123 650 2163 ducite
671 2124 873 2164 machina}
893 2126 1076 2165 carinas.

122 2192 251 2238 Nam
278 2190 418 2255 primi
444 2190 538 2237 duo
565 2191 707 2255 pedes
743 2193 934 2255 reliquls
960 2203 1184 2255 quattuor
1218 2195 1480 2260 adsumptis
1517 2197 1585 2244 fa-

124 2269 256 2315 ciunt
283 2269 498 2326 heroum,
526 2268 606 2326 sic,

351 2345 388 2385 S
390 2345 495 2384 iccas
516 2344 651 2385 ducite
671 2347 850 2401 remigio
870 2347 1068 2386 subeunte
1087 2348 1271 2388 carinas.

127 2423 330 2484 Reliqua
351 2440 458 2486 pars
484 2423 854 2486 ithyphallicum
882 2424 1008 2477 facit,

352 2500 565 2540 Alffaclzime
584 2502 768 2541 carinas.

123 2576 283 2623 Tertia
308 2576 474 2623 divisio
499 2587 583 2633 est,
1602 2594 1621 2620 4

180 2755 200 2774 a
220 2748 311 2794 Pro]
338 2747 441 2784 Proh
461 2747 508 2784 V.
632 2745 652 2774 b
672 2750 772 2785 miles
793 2749 904 2795 truci]
930 2752 1021 2786 truci
1040 2751 1140 2786 >miles
1159 2751 1206 2787 V.
1336 2757 1352 2777 0
1372 2751 1464 2798 quae]
1489 2764 1582 2797 quse-

128 2814 265 2848 cunque
285 2801 331 2836 V.
479 2798 498 2825 d
519 2801 601 2836 huic
620 2803 774 2849 quoque]
799 2816 937 2850 quoque
957 2817 1032 2839 om.
1055 2804 1104 2841 V.
1254 2812 1269 2830 e
1289 2804 1583 2850 hendecasyllabo

123 2854 318 2902 phalaecio]
340 2854 758 2902 enclecasyllabosalecio
778 2856 826 2892 V.
948 2854 963 2881 f
980 2858 1038 2905 ut]
1064 2863 1129 2893 ααί·
1151 2858 1194 2893 V.
1324 2865 1344 2892 g
1365 2857 1579 2904 exemplum]

129 2907 229 2954 czgjus
248 2909 445 2955 exemplum
467 2908 513 2944 V.
623 2906 644 2933 h
666 2909 791 2956 testor]
815 2914 932 2944 rector
952 2910 997 2945 V.

793 2982 911 3016 882
