1962 3355
163 182 268 214 CAP.
291 178 334 215 5.
723 168 809 214 De
833 166 1058 213 Pedibus.
1518 178 1610 215 425

160 289 407 336 memorati
446 289 627 352 generis
664 288 923 352 apoematis
965 288 1174 334 refertur.
1260 287 1527 334 Identidem
1566 299 1614 335 et

158 382 216 410 ex
242 368 330 412 hac
354 365 484 412 ducit
513 374 697 411 tenores
734 374 781 410 et
816 382 1038 410 numeros
1075 381 1286 419 sonosve,
1311 382 1429 426 quos
1457 365 1611 411 Graeci

157 440 352 504 ῧρυθμοὺς
375 451 422 488 et
445 440 643 503 φθόγγους
666 449 850 497 vocant,
876 441 997 487 sicut
1026 440 1073 485 in
1098 440 1293 486 canticis
1319 441 1611 487 demonstra-

157 526 247 574 tur,
273 518 362 564 boc
394 528 465 564 est
496 517 753 571 cmelodiis,
779 517 826 562 in
853 517 1025 580 quibus
1052 517 1268 579 quaedam
1303 517 1468 572 Doria,
1496 536 1612 563 non-

157 594 287 639 nulla
324 594 546 657 Phrygia,
584 594 670 640 alia
705 593 862 656 Lydia
894 594 1002 653 μέλη
1037 594 1346 656 reperiuntur.
1419 594 1611 641 Intelle—

157 670 283 733 gitur
307 670 492 717 dautem
520 681 568 718 et
591 672 684 718 alio
703 671 852 722 ‚modo
877 679 1081 716 metrum
1108 687 1380 727 commune,
1406 679 1524 717 enon
1550 689 1609 717 ex

156 746 342 793 duobus
369 747 537 794 modis.

587 889 704 936 CAP.
724 890 783 936 V.
833 889 914 936 DE
940 889 1178 935 PEDIBUS.

224 977 311 1023 Pes
344 985 415 1023 est
439 975 664 1023 fsublatio
689 995 741 1022 ac
766 976 939 1039 positio
963 975 1163 1022 duarum
1192 985 1272 1022 aut
1302 976 1447 1022 trium
1479 986 1609 1023 gam-

155 1054 338 1117 pliusve
365 1054 652 1117 syllabarum
680 1053 830 1117 spatio
855 1052 1210 1116 comprehensa.
1281 1053 1368 1098 Pes
1398 1062 1469 1099 est
1501 1070 1610 1115 poe-

154 1129 259 1176 ticae
285 1129 504 1176 dictionis
524 1129 725 1175 duarum
753 1129 1016 1191 ampliusve
1041 1128 1328 1191 syllabarum
1352 1146 1458 1174 eum
1483 1138 1610 1174 certa

154 1214 424 1269 temporum
452 1205 777 1251 observatione
803 1204 1004 1250 hmodus
1030 1204 1260 1267 recipiens
1285 1204 1397 1266 ἄρσιν
1421 1214 1468 1250 et
1491 1206 1608 1260 θέσιν,

153 1281 198 1327 id
226 1291 296 1327 est
319 1281 399 1344 qui
426 1281 594 1344 incipit
618 1280 663 1327 ia
682 1280 953 1327 'sublatione
977 1290 1024 1326 et
1049 1281 1211 1326 finitur
1234 1281 1482 1344 positione.
1520 1282 1608 1327 Pes

152 1375 262 1420 ergo
287 1367 402 1404 tunc
426 1357 614 1414 dieitur,
641 1356 831 1419 quando
863 1356 968 1402 duae
1005 1365 1113 1402 sunt
1147 1357 1355 1419 syllabae,
1380 1358 1605 1419 quoniam

151 1435 274 1480 arsin
308 1443 354 1480 et
390 1434 545 1479 thesin
583 1432 782 1496 pedibus
819 1433 1088 1496 quaerimus,
1113 1450 1209 1478 non
1245 1433 1320 1479 ubi
1360 1433 1455 1480 duo
1489 1444 1610 1481 tem-

150 1529 265 1574 pora
298 1520 421 1557 sunt.
492 1510 620 1573 Ergo
658 1528 750 1556 una
788 1510 926 1572 longa
950 1508 1151 1573 kpedem
1187 1527 1280 1555 non
1308 1510 1484 1557 valebit
1508 1512 1608 1557 effi-

151 1605 270 1641 cere,
296 1588 407 1650 quia
445 1587 616 1634 ictibus
641 1587 847 1634 lduobus
874 1587 986 1633 arsis
1011 1595 1059 1632 et
1083 1586 1246 1645 thesis,
1270 1605 1366 1633 non
1403 1589 1607 1651 gemello

151 1673 365 1728 tempore
390 1664 701 1727 perquirenda
726 1674 810 1710 est.

217 1740 501 1786 mAccidunt
526 1749 683 1786 autem
711 1739 969 1802 unicuique
994 1739 1102 1803 pedi
1133 1748 1202 1769 ”¹¹¹¹
1214 1740 1325 1785 arsis
1351 1740 1607 1802 thesisque,

152 1834 377 1862 numerus
424 1816 729 1880 syllabarum,
766 1825 971 1879 tempuS,
1018 1816 1256 1874 resolutio,
1303 1818 1469 1878 figura,
1511 1834 1607 1862 me-

152 1901 292 1938 trum.
362 1892 427 1937 Et
459 1900 568 1937 sunt
605 1891 746 1955 pedes
780 1892 952 1955 poetici
989 1892 1227 1955 simplices
1252 1892 1521 1947 duodecim,
1548 1910 1606 1938 ex

151 1969 325 2031 quibus
362 1978 585 2032 quattuor
623 1967 744 2013 binis
777 1967 969 2031 syllabis
1011 1977 1246 2025 constant,
1283 1968 1427 2014 ternis
1469 1978 1604 2015 octo:

150 2045 378 2109 duplices,
403 2045 484 2108 qui
521 2045 622 2090 nvel
663 2043 913 2107 compositi
953 2044 1026 2089 vel
1060 2045 1336 2099 combinati,
1372 2045 1604 2092 sedecim:

150 2121 470 2185 ⁰heteroploci
496 2120 811 2185 pentasyllabi
837 2120 1031 2183 triginta
1056 2119 1165 2166 duo.

202 2310 222 2330 a
242 2304 425 2352 poematis
445 2303 611 2340 refertur.
653 2302 789 2338 Itidem
812 2303 867 2349 et]
888 2303 1003 2349 poetis
1023 2301 1192 2349 refertur,
1214 2303 1405 2338 identidem
1426 2307 1460 2337 et
1480 2315 1522 2338 ex
1542 2303 1607 2339 hoc

150 2358 241 2393 A.C.
259 2359 391 2404 poetici
411 2356 581 2405 refertur,
601 2358 790 2392 identidem
806 2369 848 2391 eas
865 2356 930 2391 hoc
950 2356 995 2391 B.
1015 2356 1328 2391 identidem—hoc
1338 2356 1436 2392 Ven.
1494 2353 1514 2381 b
1534 2359 1605 2404 ῥυθ-

148 2413 224 2456 μοὺς
248 2410 425 2457 φθόγγους]
459 2411 608 2445 rz'thmos
635 2415 669 2445 et
696 2415 854 2457 ptongus
883 2409 927 2444 A.
963 2414 997 2444 et
1023 2409 1246 2456 prothongos
1274 2410 1318 2444 C.
1354 2409 1540 2456 rhythmos
1572 2416 1606 2445 et

146 2463 351 2510 phthongos
370 2463 467 2498 Ven.
590 2470 606 2489 ⁰
628 2462 815 2509 melodiis]
839 2463 1051 2498 melodicens
1073 2463 1115 2497 B.
1237 2460 1257 2487 d
1277 2470 1401 2498 autem
1422 2462 1512 2510 alio]
1536 2476 1603 2498 au-

152 2521 220 2551 tem.
241 2521 274 2551 et
295 2517 367 2550 alio
386 2516 478 2552 A.C.
500 2521 534 2551 et
554 2518 626 2552 alz'o
647 2517 692 2552 B.
822 2524 839 2543 e
861 2528 936 2552 non
958 2517 1019 2563 ex]
1043 2528 1113 2550 non
1134 2517 1229 2563 quod
1248 2529 1290 2551 ex
1310 2516 1357 2552 Β.
1483 2514 1498 2541 f
1516 2517 1604 2552 sub-

151 2568 258 2615 latio]
282 2569 478 2605 sublevatio
497 2569 543 2604 B.
564 2570 749 2605 sublatitio
770 2570 864 2605 Ven.
886 2569 950 2617 qui
970 2581 1044 2604 om.
1066 2574 1131 2604 aut
1153 2571 1272 2604 trium.
1433 2576 1454 2603 g
1473 2569 1606 2619 ampli-

151 2623 255 2669 usve]
279 2623 434 2669 amplius
453 2622 546 2657 AB.
692 2621 714 2647 h
735 2622 884 2669 modus]
907 2623 1028 2658 modos
1048 2623 1092 2658 C.
1117 2622 1211 2658 Ven.
1348 2620 1358 2647 i
1379 2623 1424 2658 ab
1445 2622 1606 2658 elatione

151 2677 207 2722 et]
233 2689 254 2711 a
274 2676 474 2710 sublatione
495 2675 537 2710 A.
558 2687 581 2709 a
599 2676 841 2711 sublevatione
858 2676 904 2711 Β.
927 2681 961 2711 et
980 2676 1182 2711 sublatione
1194 2676 1330 2723 finitur
1350 2676 1391 2711 C.
1425 2677 1605 2710 ablatione

151 2730 246 2764 Ven.
465 2726 485 2752 k
508 2727 655 2776 pedem]
680 2732 731 2762 est
747 2729 877 2775 pedum
897 2730 941 2764 C.
1165 2727 1176 2754 l
1196 2729 1360 2775 duobus]
1384 2730 1535 2763 duorum
1557 2728 1602 2763 C.

151 2789 182 2808 m
202 2781 404 2827 Accidunt]
429 2782 614 2816 Accedunt
635 2781 727 2816 AB.
749 2780 845 2817 Ven.
956 2787 1019 2806 mm
1041 2781 1129 2817 arsis
1150 2789 1188 2817 et
1208 2780 1342 2829 thesis]
1369 2783 1459 2816 arsis
1481 2782 1603 2816 thesis-

151 2848 219 2882 que
237 2835 379 2871 A.B.C.
490 2839 506 2854 ¹¹
526 2833 603 2879 vel]
627 2838 661 2868 et
681 2834 776 2869 Ven.
901 2839 919 2859 0
942 2834 1176 2884 Heteropliei
1195 2832 1603 2884 pentasyllabi—bina-

152 2901 231 2924 rum
254 2901 342 2938 ergo
362 2887 583 2937 syllabarum
603 2887 745 2935 primus
766 2899 829 2935 pes
849 2885 1054 2936 dibrachys.
1073 2887 1096 2923 i.
1115 2887 1287 2935 bibrevis]
1307 2888 1495 2933 eteroplocz'
1511 2899 1602 2933 pen-

837 2957 864 2994 3
894 2964 908 2993 1
