1962 3355
308 222 403 260 210
818 210 977 258 Marii
1003 210 1248 257 Victorini
1566 219 1663 250 ΜΒ.
1687 219 1757 250 ιν.

307 334 437 399 pitur
459 352 484 380 a
504 351 542 398 g
565 341 612 379 et
635 351 677 390 r,
697 332 809 395 quia
829 349 1015 395 semper
1031 330 1198 376 ultima
1225 328 1406 391 syllaba
1423 333 1471 371 et
1493 325 1541 371 in
1558 324 1759 387 integro,

309 420 356 457 et
391 411 439 456 in
477 418 730 463 commate,
766 409 894 454 omni
932 408 1034 469 lege
1070 407 1124 450 fit
1154 405 1313 459 libera,
1349 419 1429 447 seu
1467 400 1598 462 tquia
1631 399 1761 463 prius

310 504 498 533 comma
530 500 891 546 nonnunquam,
918 492 969 528 ut
995 498 1134 544 supra
1164 479 1387 534 diximus,
1411 476 1584 523 cretico
1608 476 1765 522 velau-

310 562 450 608 ditur.

252 649 291 686 84
378 638 556 689 Quarta
593 653 719 681 nunc
760 653 784 680 a
826 633 959 679 nobis
1007 632 1185 695 species
1226 629 1541 685 inchoabitur,
1578 645 1675 674 non
1710 636 1764 673 ut

312 713 520 776 superior
554 712 777 775 perplexa
810 727 897 755 nec
933 708 1201 771 multipleX,
1227 707 1361 767 cujus
1390 714 1521 751 tome
1556 706 1644 751 sub
1674 704 1764 750 hoc

312 807 445 836 versu
472 788 577 833 talis
604 786 789 832 existit:

515 863 722 908 Carmen
748 878 895 907 suave
919 861 1115 906 dedistis
1138 878 1163 905 o
1193 860 1441 905 Camoenoe.

312 940 437 986 Nam
474 938 683 984 detracto
718 937 871 999 primo
894 945 1132 982 commate
1165 953 1322 981 versus
1361 934 1506 990 heroi,
1539 931 1768 996 supererit

313 1014 505 1078 dipodia
541 1030 567 1059 o
604 1013 853 1066 Camoense,
888 1013 988 1059 haec
1022 1012 1188 1058 incisio
1223 1011 1361 1057 tertio
1395 1008 1604 1056 troehaeo
1640 1016 1770 1052 Wter-

315 1091 537 1145 minatur,
563 1089 644 1143 sic,

518 1165 725 1213 Carmen
747 1182 893 1212 suave
917 1165 1126 1212 dedistis.

257 1253 295 1292 85
315 1243 392 1290 De
416 1260 509 1305 qua
535 1242 580 1287 in
608 1241 761 1305 primo
786 1242 1027 1287 volumine
1052 1240 1340 1304 plenissime,
1359 1240 1480 1286 inter
1502 1238 1613 1284 alias
1640 1235 1770 1282 heroi

317 1337 477 1365 versus
502 1328 671 1375 tomas,
695 1318 920 1373 diximus,
944 1317 1106 1378 Xcujus
1135 1328 1182 1363 et
1207 1316 1480 1380 exemplum
1519 1313 1643 1378 apud
1668 1313 1774 1360 Vir-

317 1395 486 1458 gilium
511 1403 726 1440 nostrum
752 1393 1047 1439 ostendimus
1075 1393 1179 1448 boc,

523 1475 783 1537 Ivgftmdzmz
807 1476 995 1539 regina.

319 1563 447 1609 Nam
485 1562 668 1608 residua
704 1562 790 1608 sibi
833 1571 963 1625 parte
1000 1560 1183 1622 adjecta
1224 1559 1554 1604 hexametrum
1597 1556 1775 1614 Ydabit,

326 1638 408 1694 sic,

393 1714 600 1761 Carmen
623 1731 769 1760 suave
793 1714 992 1760 dedistis
1021 1710 1332 1775 Olympiades
1355 1710 1497 1756 Zmihi
1521 1709 1698 1755 *Musca

264 1823 304 1854 86
324 1807 566 1861 Similiter,

456 1882 719 1947 Infandum
744 1881 916 1944 regina
925 1879 1075 1943 jubes
1095 1895 1328 1925 renovare
1351 1877 1574 1924 dolorem.

324 1975 525 2037 Adjecta
559 1973 687 2019 enim
731 1973 938 2019 trochaeo
974 1971 1110 2018 tertia
1142 1970 1292 2016 brevis
1327 1970 1497 2034 pedem
1534 1970 1780 2034 dactylum

329 2060 479 2096 metro
505 2048 721 2102 reddidit,
749 2067 801 2094 ac
835 2066 916 2093 sua
940 2065 1127 2094 versum
1155 2047 1259 2111 lege
1284 2047 1530 2093 conclusit.

269 2143 308 2179 87
395 2125 579 2178 Quinta
604 2135 759 2170 autem
787 2123 1196 2186 ahendecasyllabi
1233 2122 1411 2187 species
1439 2122 1651 2168 admixto
1678 2140 1787 2168 ana-

330 2210 477 2265 paesto
514 2199 757 2246 Sotadium
797 2199 909 2244 facit
941 2208 1144 2243 metrum
1233 2199 1361 2244 Nam
1404 2198 1439 2243 si
1478 2207 1585 2243 ante
1623 2198 1787 2262 dacty-

331 2278 449 2334 lum,
473 2277 552 2339 qui
579 2286 683 2339 post
708 2275 972 2338 spondeum
1007 2275 1278 2320 solemniter
1302 2274 1347 2319 in
1376 2275 1466 2320 boc
1492 2292 1626 2320 versu
1653 2275 1788 2338 poni-

331 2364 422 2409 tur,
457 2353 780 2416 banapaestum
820 2351 1003 2407 inferas,
1073 2350 1321 2396 Sotadium
1357 2361 1559 2396 metrum
1598 2351 1788 2415 propria

337 2428 659 2474 modulatione
684 2427 923 2472 formabis.
979 2426 1084 2472 Erit
1109 2425 1354 2488 cexemplo
1380 2443 1536 2471 versus
1563 2427 1655 2480 hic,

538 2502 743 2549 Carmen
772 2502 997 2547 Pierides
1021 2501 1201 2547 dabunt
1223 2517 1422 2546 sorores.

277 2607 317 2637 88
338 2595 469 2642 Huic
495 2595 530 2640 si
558 2594 780 2655 adjeceris
807 2593 985 2655 lepidce,
1001 2592 1080 2654 qui
1108 2602 1179 2638 est
1204 2601 1484 2655 anapaestUS,
1507 2594 1628 2640 inter
1652 2612 1793 2658 spon-

390 2722 405 2747 ἴ
424 2720 527 2769 quia]
553 2734 625 2769 qua
645 2721 682 2755 P.
818 2727 837 2745 V
854 2718 1105 2765 concluditur]
1130 2718 1312 2755 clauditur
1334 2719 1373 2754 P.
1500 2727 1528 2745 W
1549 2719 1790 2768 terminatur]

340 2806 528 2844 terminati
551 2806 590 2841 P.
675 2812 695 2831 Χ
716 2808 818 2854 cujus
839 2805 892 2851 et]
916 2813 952 2841 et
972 2818 1047 2840 om.
1070 2805 1109 2839 Ρ.
1207 2812 1226 2838 Y
1247 2804 1365 2852 dabit]
1388 2771 1490 2841 dgdit
1511 2806 1549 2841 Ρ.
1663 2813 1680 2831 ²
1703 2805 1794 2842 mihi

341 2859 472 2906 musae]
496 2859 587 2895 mihi
607 2871 682 2894 om.
705 2858 746 2893 P.
858 2865 876 2884 a
896 2856 1220 2906 hendecasyllaba]
1245 2857 1514 2907 endecasyllabi
1533 2859 1574 2894 P.
1662 2856 1682 2883 b
1702 2871 1792 2894 ana-

341 2913 515 2963 paestum]
535 2919 732 2966 anapestus
754 2911 792 2946 P.
903 2917 919 2937 c
939 2909 1127 2959 exemplo]
1149 2910 1323 2959 exempla
1343 2911 1383 2947 P.
