<?xml version="1.0" encoding="UTF-8"?>
<!DOCTYPE html PUBLIC "-//W3C//DTD XHTML 1.0 Transitional//EN"
    "http://www.w3.org/TR/xhtml1/DTD/xhtml1-transitional.dtd">
<html xmlns="http://www.w3.org/1999/xhtml" xml:lang="en" lang="en">
 <head>
  <title>
</title>
<meta http-equiv="Content-Type" content="text/html;charset=utf-8" />
  <meta name='ocr-system' content='tesseract 3.04.00' />
  <meta name='ocr-capabilities' content='ocr_page ocr_carea ocr_par ocr_line ocrx_word'/>
</head>
<body>
  <div class='ocr_page' id='page_1' title='image "./scriptoreslatini00gaisuoft_0537.png"; bbox 0 0 1962 3355; ppageno 0'>
   <div class='ocr_carea' id='block_1_1' title="bbox 123 150 1580 215">
    <p class='ocr_par' dir='ltr' id='par_1_1' title="bbox 123 150 1580 215">
     <span class='ocr_line' id='line_1_1' title="bbox 123 150 1580 215; baseline -0.003 -12"><span class='ocrx_word' id='word_1_1' title='bbox 123 170 230 203; x_wconf 81' lang='lat' dir='ltr'><strong>CAP.</strong></span> <span class='ocrx_word' id='word_1_2' title='bbox 250 163 329 203; x_wconf 89' lang='lat'>38.</span> <span class='ocrx_word' id='word_1_3' title='bbox 640 150 760 198; x_wconf 77' lang='grc' dir='ltr'>Ὠὃαὶ</span> <span class='ocrx_word' id='word_1_4' title='bbox 786 151 865 198; x_wconf 76' lang='lat' dir='ltr'>lib.</span> <span class='ocrx_word' id='word_1_5' title='bbox 891 151 1072 215; x_wconf 80' lang='lat' dir='ltr'>quarti.</span> <span class='ocrx_word' id='word_1_6' title='bbox 1486 161 1580 210; x_wconf 86' lang='lat'>519</span> 
     </span>
    </p>
   </div>
   <div class='ocr_carea' id='block_1_2' title="bbox 355 270 1360 321">
    <p class='ocr_par' dir='ltr' id='par_1_2' title="bbox 355 270 1360 321">
     <span class='ocr_line' id='line_1_2' title="bbox 355 270 1360 321; baseline -0.004 -1"><span class='ocrx_word' id='word_1_7' title='bbox 355 274 476 321; x_wconf 64' lang='lat' dir='ltr'><strong>CAP.</strong></span> <span class='ocrx_word' id='word_1_8' title='bbox 502 271 802 318; x_wconf 91' lang='lat' dir='ltr'>XXXVIII.</span> <span class='ocrx_word' id='word_1_9' title='bbox 843 270 1005 317; x_wconf 80' lang='grc' dir='ltr'>ὶΩΔΑΙ</span> <span class='ocrx_word' id='word_1_10' title='bbox 1030 285 1128 317; x_wconf 75' lang='lat' dir='ltr'>Lm.</span> <span class='ocrx_word' id='word_1_11' title='bbox 1155 285 1360 317; x_wconf 66' lang='lat' dir='ltr'><strong>QUARTI.</strong></span> 
     </span>
    </p>
   </div>
   <div class='ocr_carea' id='block_1_3' title="bbox 124 356 1626 2305">
    <p class='ocr_par' dir='ltr' id='par_1_3' title="bbox 124 356 1583 578">
     <span class='ocr_line' id='line_1_3' title="bbox 190 356 1583 422; baseline -0.005 -13"><span class='ocrx_word' id='word_1_12' title='bbox 190 362 350 409; x_wconf 86' lang='lat' dir='ltr'>Prima</span> <span class='ocrx_word' id='word_1_13' title='bbox 392 360 481 407; x_wconf 86' lang='lat' dir='ltr'>ode</span> <span class='ocrx_word' id='word_1_14' title='bbox 522 357 889 422; x_wconf 88' lang='lat' dir='ltr'>Asclepiadeum</span> <span class='ocrx_word' id='word_1_15' title='bbox 931 356 1168 403; x_wconf 79' lang='lat' dir='ltr'>kmetrum</span> <span class='ocrx_word' id='word_1_16' title='bbox 1214 357 1373 415; x_wconf 84' lang='lat' dir='ltr'>habet,</span> <span class='ocrx_word' id='word_1_17' title='bbox 1413 366 1459 403; x_wconf 89' lang='lat' dir='ltr'>et</span> <span class='ocrx_word' id='word_1_18' title='bbox 1500 375 1583 421; x_wconf 84' lang='lat' dir='ltr'>per</span> 
     </span>
     <span class='ocr_line' id='line_1_4' title="bbox 125 434 1582 498; baseline -0.003 -13"><span class='ocrx_word' id='word_1_19' title='bbox 125 439 260 486; x_wconf 87' lang='lat' dir='ltr'>binos</span> <span class='ocrx_word' id='word_1_20' title='bbox 286 455 446 484; x_wconf 88' lang='lat' dir='ltr'>versus</span> <span class='ocrx_word' id='word_1_21' title='bbox 472 435 728 483; x_wconf 79' lang='lat' dir='ltr'>scanditur.</span> <span class='ocrx_word' id='word_1_22' title='bbox 796 434 926 481; x_wconf 89' lang='lat' dir='ltr'>Nam</span> <span class='ocrx_word' id='word_1_23' title='bbox 963 435 1145 498; x_wconf 87' lang='lat' dir='ltr'>primus</span> <span class='ocrx_word' id='word_1_24' title='bbox 1170 434 1394 498; x_wconf 85' lang='lat' dir='ltr'>¹tripodia</span> <span class='ocrx_word' id='word_1_25' title='bbox 1418 434 1582 498; x_wconf 86' lang='lat' dir='ltr'>dacty-</span> 
     </span>
     <span class='ocr_line' id='line_1_5' title="bbox 124 512 959 578; baseline -0.006 -16"><span class='ocrx_word' id='word_1_26' title='bbox 124 517 228 570; x_wconf 83' lang='lat' dir='ltr'>lice,</span> <span class='ocrx_word' id='word_1_27' title='bbox 255 516 372 562; x_wconf 86' lang='lat' dir='ltr'>alter</span> <span class='ocrx_word' id='word_1_28' title='bbox 396 512 797 578; x_wconf 83' lang='lat' dir='ltr'><strong>penthemimeres</strong></span> <span class='ocrx_word' id='word_1_29' title='bbox 821 512 959 569; x_wconf 88' lang='lat' dir='ltr'>inest,</span> 
     </span>
    </p>

    <p class='ocr_par' dir='ltr' id='par_1_4' title="bbox 354 589 899 645">
     <span class='ocr_line' id='line_1_6' title="bbox 354 589 899 645; baseline -0.006 -13"><span class='ocrx_word' id='word_1_30' title='bbox 354 590 617 643; x_wconf 72' lang='lat' dir='ltr'>Interlmissa</span> <span class='ocrx_word' id='word_1_31' title='bbox 645 590 790 645; x_wconf 62' lang='lat' dir='ltr'>Vefflus</span> <span class='ocrx_word' id='word_1_32' title='bbox 810 589 899 629; x_wconf 68' lang='lat' dir='ltr'>diu.</span> 
     </span>
    </p>

    <p class='ocr_par' dir='ltr' id='par_1_5' title="bbox 126 659 1619 805">
     <span class='ocr_line' id='line_1_7' title="bbox 191 659 1619 726; baseline -0.002 -17"><span class='ocrx_word' id='word_1_33' title='bbox 191 663 412 709; x_wconf 90' lang='lat' dir='ltr'>Secunda</span> <span class='ocrx_word' id='word_1_34' title='bbox 453 662 543 709; x_wconf 90' lang='lat' dir='ltr'>ode</span> <span class='ocrx_word' id='word_1_35' title='bbox 583 661 875 726; x_wconf 86' lang='lat' dir='ltr'>Sapphicum</span> <span class='ocrx_word' id='word_1_36' title='bbox 920 669 1125 707; x_wconf 87' lang='lat' dir='ltr'>metrum</span> <span class='ocrx_word' id='word_1_37' title='bbox 1172 661 1328 715; x_wconf 84' lang='lat' dir='ltr'>habet,</span> <span class='ocrx_word' id='word_1_38' title='bbox 1362 659 1505 723; x_wconf 93' lang='lat' dir='ltr'>quod,</span> <span class='ocrx_word' id='word_1_39' title='bbox 1533 669 1584 706; x_wconf 88' lang='lat' dir='ltr'>ut</span> <span class='ocrx_word' id='word_1_40' title='bbox 1603 674 1619 695; x_wconf 81' lang='lat'><em>2</em></span> 
     </span>
     <span class='ocr_line' id='line_1_8' title="bbox 126 738 796 805; baseline -0.003 -19"><span class='ocrx_word' id='word_1_41' title='bbox 126 758 267 805; x_wconf 85' lang='lat' dir='ltr'>supra</span> <span class='ocrx_word' id='word_1_42' title='bbox 290 740 517 796; x_wconf 84' lang='lat' dir='ltr'>diximus,</span> <span class='ocrx_word' id='word_1_43' title='bbox 542 738 796 795; x_wconf 79' lang='lat' dir='ltr'>scanditur,</span> 
     </span>
    </p>

    <p class='ocr_par' dir='ltr' id='par_1_6' title="bbox 355 813 1276 871">
     <span class='ocr_line' id='line_1_9' title="bbox 355 813 1276 871; baseline -0.002 -15"><span class='ocrx_word' id='word_1_44' title='bbox 355 816 605 870; x_wconf 77' lang='lat' dir='ltr'>Pindalrum</span> <span class='ocrx_word' id='word_1_45' title='bbox 626 816 828 871; x_wconf 71' lang='lat' dir='ltr'>quislquis</span> <span class='ocrx_word' id='word_1_46' title='bbox 850 814 1037 865; x_wconf 73' lang='lat' dir='ltr'>mstulclet</span> <span class='ocrx_word' id='word_1_47' title='bbox 1059 813 1276 869; x_wconf 60' lang='lat' dir='ltr'>celmulari.</span> 
     </span>
    </p>

    <p class='ocr_par' dir='ltr' id='par_1_7' title="bbox 125 887 1620 1099">
     <span class='ocr_line' id='line_1_10' title="bbox 191 887 1620 952; baseline -0.003 -16"><span class='ocrx_word' id='word_1_48' title='bbox 191 890 352 936; x_wconf 85' lang='lat' dir='ltr'>Tertia</span> <span class='ocrx_word' id='word_1_49' title='bbox 399 889 487 935; x_wconf 90' lang='lat' dir='ltr'>ode</span> <span class='ocrx_word' id='word_1_50' title='bbox 526 888 893 952; x_wconf 85' lang='lat' dir='ltr'>Asclepiadeum</span> <span class='ocrx_word' id='word_1_51' title='bbox 936 897 1143 933; x_wconf 85' lang='lat' dir='ltr'>metrum</span> <span class='ocrx_word' id='word_1_52' title='bbox 1188 887 1345 943; x_wconf 90' lang='lat' dir='ltr'>habet,</span> <span class='ocrx_word' id='word_1_53' title='bbox 1387 896 1406 915; x_wconf 84' lang='lat'>¹¹</span> <span class='ocrx_word' id='word_1_54' title='bbox 1422 896 1468 933; x_wconf 88' lang='lat' dir='ltr'>et</span> <span class='ocrx_word' id='word_1_55' title='bbox 1503 905 1585 951; x_wconf 88' lang='lat' dir='ltr'>per</span> <span class='ocrx_word' id='word_1_56' title='bbox 1602 903 1620 931; x_wconf 77' lang='lat'>3</span> 
     </span>
     <span class='ocr_line' id='line_1_11' title="bbox 125 963 1586 1030; baseline -0.003 -17"><span class='ocrx_word' id='word_1_57' title='bbox 125 967 244 1014; x_wconf 92' lang='lat' dir='ltr'>duos</span> <span class='ocrx_word' id='word_1_58' title='bbox 280 984 456 1024; x_wconf 87' lang='lat' dir='ltr'>versus,</span> <span class='ocrx_word' id='word_1_59' title='bbox 495 983 699 1030; x_wconf 87' lang='lat' dir='ltr'>quorum</span> <span class='ocrx_word' id='word_1_60' title='bbox 749 966 865 1012; x_wconf 87' lang='lat' dir='ltr'>alter</span> <span class='ocrx_word' id='word_1_61' title='bbox 904 963 1123 1028; x_wconf 85' lang='lat' dir='ltr'>tripodia,</span> <span class='ocrx_word' id='word_1_62' title='bbox 1155 963 1271 1010; x_wconf 87' lang='lat' dir='ltr'>alter</span> <span class='ocrx_word' id='word_1_63' title='bbox 1316 964 1586 1028; x_wconf 90' lang='lat' dir='ltr'>penthemi-</span> 
     </span>
     <span class='ocr_line' id='line_1_12' title="bbox 126 1042 577 1099; baseline -0.004 -9"><span class='ocrx_word' id='word_1_64' title='bbox 126 1061 294 1099; x_wconf 85' lang='lat' dir='ltr'>meres,</span> <span class='ocrx_word' id='word_1_65' title='bbox 319 1042 577 1099; x_wconf 83' lang='lat' dir='ltr'>scanditur,</span> 
     </span>
    </p>

    <p class='ocr_par' dir='ltr' id='par_1_8' title="bbox 358 1118 1009 1173">
     <span class='ocr_line' id='line_1_13' title="bbox 358 1118 1009 1173; baseline -0.003 -14"><span class='ocrx_word' id='word_1_66' title='bbox 358 1120 487 1166; x_wconf 81' lang='lat' dir='ltr'>Quem</span> <span class='ocrx_word' id='word_1_67' title='bbox 509 1118 568 1170; x_wconf 62' lang='lat' dir='ltr'>tu}</span> <span class='ocrx_word' id='word_1_68' title='bbox 587 1118 857 1173; x_wconf 54' lang='lat' dir='ltr'>Melpomessne</span> <span class='ocrx_word' id='word_1_69' title='bbox 877 1118 1009 1158; x_wconf 84' lang='lat' dir='ltr'>semel.</span> 
     </span>
    </p>

    <p class='ocr_par' dir='ltr' id='par_1_9' title="bbox 127 1189 1624 1326">
     <span class='ocr_line' id='line_1_14' title="bbox 193 1189 1624 1252; baseline -0.001 -14"><span class='ocrx_word' id='word_1_70' title='bbox 193 1192 376 1245; x_wconf 83' lang='lat' dir='ltr'>Quarta</span> <span class='ocrx_word' id='word_1_71' title='bbox 400 1191 488 1237; x_wconf 87' lang='lat' dir='ltr'>ode</span> <span class='ocrx_word' id='word_1_72' title='bbox 513 1191 761 1238; x_wconf 87' lang='lat' dir='ltr'>Alcaicum</span> <span class='ocrx_word' id='word_1_73' title='bbox 791 1199 997 1237; x_wconf 73' lang='lat' dir='ltr'>metrum</span> <span class='ocrx_word' id='word_1_74' title='bbox 1026 1190 1185 1244; x_wconf 86' lang='lat' dir='ltr'>habet,</span> <span class='ocrx_word' id='word_1_75' title='bbox 1206 1189 1350 1252; x_wconf 90' lang='lat' dir='ltr'>quod,</span> <span class='ocrx_word' id='word_1_76' title='bbox 1369 1198 1423 1235; x_wconf 85' lang='lat' dir='ltr'>ut</span> <span class='ocrx_word' id='word_1_77' title='bbox 1447 1205 1586 1252; x_wconf 90' lang='lat' dir='ltr'>supra</span> <span class='ocrx_word' id='word_1_78' title='bbox 1603 1208 1624 1236; x_wconf 90' lang='lat'>4</span> 
     </span>
     <span class='ocr_line' id='line_1_15' title="bbox 127 1266 636 1326; baseline -0.004 -11"><span class='ocrx_word' id='word_1_79' title='bbox 127 1268 354 1326; x_wconf 76' lang='lat' dir='ltr'>diximus,</span> <span class='ocrx_word' id='word_1_80' title='bbox 379 1266 636 1324; x_wconf 83' lang='lat' dir='ltr'>scanditur,</span> 
     </span>
    </p>

    <p class='ocr_par' dir='ltr' id='par_1_10' title="bbox 359 1341 1229 1398">
     <span class='ocr_line' id='line_1_16' title="bbox 359 1341 1229 1398; baseline -0.003 -14"><span class='ocrx_word' id='word_1_81' title='bbox 359 1344 530 1391; x_wconf 82' lang='lat' dir='ltr'>Qualem</span> <span class='ocrx_word' id='word_1_82' title='bbox 551 1343 803 1398; x_wconf 44' lang='lat' dir='ltr'>miniistrum</span> <span class='ocrx_word' id='word_1_83' title='bbox 826 1341 1052 1398; x_wconf 46' lang='lat' dir='ltr'>{fulminis}</span> <span class='ocrx_word' id='word_1_84' title='bbox 1075 1343 1229 1382; x_wconf 71' lang='lat' dir='ltr'>alitem.</span> 
     </span>
    </p>

    <p class='ocr_par' dir='ltr' id='par_1_11' title="bbox 127 1413 1622 1633">
     <span class='ocr_line' id='line_1_17' title="bbox 194 1413 1622 1479; baseline -0.004 -15"><span class='ocrx_word' id='word_1_85' title='bbox 194 1417 375 1471; x_wconf 86' lang='lat' dir='ltr'>Quinta</span> <span class='ocrx_word' id='word_1_86' title='bbox 416 1416 506 1462; x_wconf 88' lang='lat' dir='ltr'>ode</span> <span class='ocrx_word' id='word_1_87' title='bbox 546 1414 914 1479; x_wconf 87' lang='lat' dir='ltr'>Asclepiadeum</span> <span class='ocrx_word' id='word_1_88' title='bbox 962 1423 1167 1460; x_wconf 87' lang='lat' dir='ltr'>metrum</span> <span class='ocrx_word' id='word_1_89' title='bbox 1213 1413 1372 1469; x_wconf 77' lang='lat' dir='ltr'>habet,</span> <span class='ocrx_word' id='word_1_90' title='bbox 1413 1421 1460 1459; x_wconf 88' lang='lat' dir='ltr'>et</span> <span class='ocrx_word' id='word_1_91' title='bbox 1505 1430 1589 1476; x_wconf 86' lang='lat' dir='ltr'>per</span> <span class='ocrx_word' id='word_1_92' title='bbox 1606 1434 1622 1465; x_wconf 74' lang='grc' dir='ltr'>,ς</span> 
     </span>
     <span class='ocr_line' id='line_1_18' title="bbox 127 1489 1589 1558; baseline -0.003 -18"><span class='ocrx_word' id='word_1_93' title='bbox 127 1503 381 1558; x_wconf 84' lang='lat' dir='ltr'>quaternos</span> <span class='ocrx_word' id='word_1_94' title='bbox 418 1510 578 1539; x_wconf 87' lang='lat' dir='ltr'>versus</span> <span class='ocrx_word' id='word_1_95' title='bbox 616 1490 871 1538; x_wconf 86' lang='lat' dir='ltr'>scanditur.</span> <span class='ocrx_word' id='word_1_96' title='bbox 955 1491 1071 1537; x_wconf 87' lang='lat' dir='ltr'>Tres</span> <span class='ocrx_word' id='word_1_97' title='bbox 1112 1499 1133 1529; x_wconf 88' lang='lat' dir='ltr'><strong>P</strong></span> <span class='ocrx_word' id='word_1_98' title='bbox 1149 1490 1275 1536; x_wconf 88' lang='lat' dir='ltr'>enim</span> <span class='ocrx_word' id='word_1_99' title='bbox 1320 1489 1589 1553; x_wconf 87' lang='lat' dir='ltr'>penthemi—</span> 
     </span>
     <span class='ocr_line' id='line_1_19' title="bbox 128 1567 1191 1633; baseline -0.004 -16"><span class='ocrx_word' id='word_1_100' title='bbox 128 1588 296 1627; x_wconf 88' lang='lat' dir='ltr'>meres,</span> <span class='ocrx_word' id='word_1_101' title='bbox 320 1578 514 1633; x_wconf 89' lang='lat' dir='ltr'>quartus</span> <span class='ocrx_word' id='word_1_102' title='bbox 539 1567 772 1632; x_wconf 73' lang='lat' dir='ltr'>qtripodia</span> <span class='ocrx_word' id='word_1_103' title='bbox 797 1567 1029 1632; x_wconf 86' lang='lat' dir='ltr'>dactylice</span> <span class='ocrx_word' id='word_1_104' title='bbox 1053 1568 1191 1622; x_wconf 90' lang='lat' dir='ltr'>inest,</span> 
     </span>
    </p>

    <p class='ocr_par' dir='ltr' id='par_1_12' title="bbox 356 1645 1172 1703">
     <span class='ocr_line' id='line_1_20' title="bbox 356 1645 1172 1703; baseline -0.004 -17"><span class='ocrx_word' id='word_1_105' title='bbox 356 1648 492 1701; x_wconf 62' lang='lat' dir='ltr'>Divis}</span> <span class='ocrx_word' id='word_1_106' title='bbox 516 1652 602 1687; x_wconf 77' lang='lat' dir='ltr'>orte</span> <span class='ocrx_word' id='word_1_107' title='bbox 624 1646 779 1703; x_wconf 68' lang='lat' dir='ltr'>sb017zz&#39;sl</span> <span class='ocrx_word' id='word_1_108' title='bbox 802 1647 962 1701; x_wconf 70' lang='lat' dir='ltr'>optime}</span> <span class='ocrx_word' id='word_1_109' title='bbox 984 1645 1172 1686; x_wconf 77' lang='lat' dir='ltr'>Romule.</span> 
     </span>
    </p>

    <p class='ocr_par' dir='ltr' id='par_1_13' title="bbox 129 1716 1625 1853">
     <span class='ocr_line' id='line_1_21' title="bbox 195 1716 1625 1783; baseline -0.003 -17"><span class='ocrx_word' id='word_1_110' title='bbox 195 1721 340 1767; x_wconf 81' lang='lat' dir='ltr'>Sexta</span> <span class='ocrx_word' id='word_1_111' title='bbox 364 1720 452 1766; x_wconf 93' lang='lat' dir='ltr'>ode</span> <span class='ocrx_word' id='word_1_112' title='bbox 478 1720 771 1783; x_wconf 80' lang='lat' dir='ltr'>Sapphicum</span> <span class='ocrx_word' id='word_1_113' title='bbox 801 1728 1004 1766; x_wconf 89' lang='lat' dir='ltr'>metrum</span> <span class='ocrx_word' id='word_1_114' title='bbox 1032 1719 1191 1775; x_wconf 84' lang='lat' dir='ltr'>habet,</span> <span class='ocrx_word' id='word_1_115' title='bbox 1209 1716 1353 1780; x_wconf 91' lang='lat' dir='ltr'>quod,</span> <span class='ocrx_word' id='word_1_116' title='bbox 1370 1725 1423 1763; x_wconf 91' lang='lat' dir='ltr'>ut</span> <span class='ocrx_word' id='word_1_117' title='bbox 1447 1733 1586 1780; x_wconf 85' lang='lat' dir='ltr'>supra</span> <span class='ocrx_word' id='word_1_118' title='bbox 1605 1730 1625 1761; x_wconf 91' lang='lat'><strong>6</strong></span> 
     </span>
     <span class='ocr_line' id='line_1_22' title="bbox 129 1796 635 1853; baseline -0.006 -9"><span class='ocrx_word' id='word_1_119' title='bbox 129 1797 354 1853; x_wconf 83' lang='lat' dir='ltr'>diximus,</span> <span class='ocrx_word' id='word_1_120' title='bbox 378 1796 635 1852; x_wconf 83' lang='lat' dir='ltr'>scanditur,</span> 
     </span>
    </p>

    <p class='ocr_par' dir='ltr' id='par_1_14' title="bbox 356 1871 1187 1928">
     <span class='ocr_line' id='line_1_23' title="bbox 356 1871 1187 1928; baseline -0.004 -15"><span class='ocrx_word' id='word_1_121' title='bbox 356 1872 479 1925; x_wconf 66' lang='lat' dir='ltr'>Dive{</span> <span class='ocrx_word' id='word_1_122' title='bbox 495 1886 610 1928; x_wconf 77' lang='lat' dir='ltr'>quem</span> <span class='ocrx_word' id='word_1_123' title='bbox 626 1871 779 1927; x_wconf 78' lang='lat' dir='ltr'>pro[Zes</span> <span class='ocrx_word' id='word_1_124' title='bbox 800 1872 1000 1925; x_wconf 49' lang='lat' dir='ltr'>IVz&#39;ssobaela</span> <span class='ocrx_word' id='word_1_125' title='bbox 1022 1885 1187 1927; x_wconf 76' lang='lat' dir='ltr'>magne.</span> 
     </span>
    </p>

    <p class='ocr_par' dir='ltr' id='par_1_15' title="bbox 131 1941 1626 2154">
     <span class='ocr_line' id='line_1_24' title="bbox 197 1941 1626 2009; baseline -0.003 -18"><span class='ocrx_word' id='word_1_126' title='bbox 197 1946 410 2009; x_wconf 83' lang='lat' dir='ltr'>Septima</span> <span class='ocrx_word' id='word_1_127' title='bbox 430 1944 518 1991; x_wconf 90' lang='lat' dir='ltr'>ode</span> <span class='ocrx_word' id='word_1_128' title='bbox 537 1944 903 2008; x_wconf 87' lang='lat' dir='ltr'>Asclepiadeum</span> <span class='ocrx_word' id='word_1_129' title='bbox 926 1953 1134 1990; x_wconf 86' lang='lat' dir='ltr'>metrum</span> <span class='ocrx_word' id='word_1_130' title='bbox 1156 1944 1316 2000; x_wconf 85' lang='lat' dir='ltr'>habet,</span> <span class='ocrx_word' id='word_1_131' title='bbox 1338 1941 1514 2005; x_wconf 71' lang='lat' dir='ltr'>[tquod</span> <span class='ocrx_word' id='word_1_132' title='bbox 1536 1950 1588 1988; x_wconf 87' lang='lat' dir='ltr'>ut</span> <span class='ocrx_word' id='word_1_133' title='bbox 1609 1956 1626 1988; x_wconf 80' lang='lat'>7</span> 
     </span>
     <span class='ocr_line' id='line_1_25' title="bbox 131 2017 1588 2086; baseline -0.003 -18"><span class='ocrx_word' id='word_1_134' title='bbox 131 2041 270 2086; x_wconf 89' lang='lat' dir='ltr'>supra</span> <span class='ocrx_word' id='word_1_135' title='bbox 302 2021 555 2082; x_wconf 76' lang='lat' dir='ltr'>diximus]</span> <span class='ocrx_word' id='word_1_136' title='bbox 584 2030 629 2066; x_wconf 90' lang='lat' dir='ltr'>et</span> <span class='ocrx_word' id='word_1_137' title='bbox 654 2039 737 2085; x_wconf 88' lang='lat' dir='ltr'>per</span> <span class='ocrx_word' id='word_1_138' title='bbox 761 2021 895 2067; x_wconf 90' lang='lat' dir='ltr'>binos</span> <span class='ocrx_word' id='word_1_139' title='bbox 930 2039 1089 2067; x_wconf 90' lang='lat' dir='ltr'>versus</span> <span class='ocrx_word' id='word_1_140' title='bbox 1121 2019 1376 2075; x_wconf 91' lang='lat' dir='ltr'>scanditur,</span> <span class='ocrx_word' id='word_1_141' title='bbox 1400 2036 1457 2064; x_wconf 89' lang='lat' dir='ltr'>ex</span> <span class='ocrx_word' id='word_1_142' title='bbox 1485 2017 1588 2081; x_wconf 91' lang='lat' dir='ltr'>qui-</span> 
     </span>
     <span class='ocr_line' id='line_1_26' title="bbox 133 2097 687 2154; baseline -0.007 -8"><span class='ocrx_word' id='word_1_143' title='bbox 133 2101 218 2146; x_wconf 88' lang='lat' dir='ltr'>bus</span> <span class='ocrx_word' id='word_1_144' title='bbox 244 2116 366 2145; x_wconf 85' lang='lat' dir='ltr'>unus</span> <span class='ocrx_word' id='word_1_145' title='bbox 394 2097 687 2154; x_wconf 86' lang='lat' dir='ltr'>hexameter,</span> 
     </span>
    </p>

    <p class='ocr_par' dir='ltr' id='par_1_16' title="bbox 132 2172 1443 2305">
     <span class='ocr_line' id='line_1_27' title="bbox 301 2172 1443 2229; baseline -0.003 -15"><span class='ocrx_word' id='word_1_146' title='bbox 301 2174 542 2229; x_wconf 59' lang='lat' dir='ltr'>Dffufgere</span> <span class='ocrx_word' id='word_1_147' title='bbox 562 2172 691 2223; x_wconf 68' lang='lat' dir='ltr'>nilves</span> <span class='ocrx_word' id='word_1_148' title='bbox 713 2173 1011 2229; x_wconf 66' lang='lat' dir='ltr'>rede]untjam{</span> <span class='ocrx_word' id='word_1_149' title='bbox 1030 2173 1246 2229; x_wconf 63' lang='lat' dir='ltr'>gramina}</span> <span class='ocrx_word' id='word_1_150' title='bbox 1269 2173 1443 2228; x_wconf 75' lang='lat' dir='ltr'>campis.</span> 
     </span>
     <span class='ocr_line' id='line_1_28' title="bbox 132 2240 1078 2305; baseline -0.001 -17"><span class='ocrx_word' id='word_1_151' title='bbox 132 2242 289 2288; x_wconf 81' lang='lat' dir='ltr'>vAlter</span> <span class='ocrx_word' id='word_1_152' title='bbox 313 2240 505 2305; x_wconf 90' lang='lat' dir='ltr'>dipodia</span> <span class='ocrx_word' id='word_1_153' title='bbox 529 2240 762 2304; x_wconf 88' lang='lat' dir='ltr'>dactylica</span> <span class='ocrx_word' id='word_1_154' title='bbox 788 2249 834 2288; x_wconf 90' lang='lat' dir='ltr'>et</span> <span class='ocrx_word' id='word_1_155' title='bbox 859 2241 1078 2305; x_wconf 87' lang='lat' dir='ltr'>semipes.</span> 
     </span>
    </p>
   </div>
   <div class='ocr_carea' id='block_1_4' title="bbox 133 2396 1589 2716">
    <p class='ocr_par' dir='ltr' id='par_1_17' title="bbox 133 2396 1589 2716">
     <span class='ocr_line' id='line_1_29' title="bbox 186 2396 1585 2450; baseline -0.001 -14"><span class='ocrx_word' id='word_1_156' title='bbox 186 2400 194 2428; x_wconf 90' lang='lat' dir='ltr'>i</span> <span class='ocrx_word' id='word_1_157' title='bbox 219 2404 303 2437; x_wconf 76' lang='grc' dir='ltr'>Ωδαι</span> <span class='ocrx_word' id='word_1_158' title='bbox 331 2400 413 2437; x_wconf 87' lang='lat' dir='ltr'>libri</span> <span class='ocrx_word' id='word_1_159' title='bbox 440 2401 579 2449; x_wconf 83' lang='lat' dir='ltr'>quarti]</span> <span class='ocrx_word' id='word_1_160' title='bbox 616 2403 724 2450; x_wconf 68' lang='lat' dir='ltr'>Expl.</span> <span class='ocrx_word' id='word_1_161' title='bbox 749 2402 836 2438; x_wconf 80' lang='lat' dir='ltr'>liber</span> <span class='ocrx_word' id='word_1_162' title='bbox 858 2414 917 2438; x_wconf 85' lang='lat'><strong>111.</strong></span> <span class='ocrx_word' id='word_1_163' title='bbox 954 2402 1085 2449; x_wconf 74' lang='lat' dir='ltr'>Incipit</span> <span class='ocrx_word' id='word_1_164' title='bbox 1115 2402 1203 2436; x_wconf 80' lang='lat' dir='ltr'>liber</span> <span class='ocrx_word' id='word_1_165' title='bbox 1223 2413 1302 2437; x_wconf 88' lang='lat'><strong>1111.</strong></span> <span class='ocrx_word' id='word_1_166' title='bbox 1467 2396 1488 2424; x_wconf 87' lang='lat' dir='ltr'>k</span> <span class='ocrx_word' id='word_1_167' title='bbox 1508 2411 1585 2434; x_wconf 76' lang='lat' dir='ltr'>car-</span> 
     </span>
     <span class='ocr_line' id='line_1_30' title="bbox 134 2452 1589 2504; baseline -0.003 -13"><span class='ocrx_word' id='word_1_168' title='bbox 134 2455 236 2501; x_wconf 84' lang='lat' dir='ltr'>men]</span> <span class='ocrx_word' id='word_1_169' title='bbox 262 2459 413 2489; x_wconf 77' lang='lat' dir='ltr'>metrum</span> <span class='ocrx_word' id='word_1_170' title='bbox 436 2455 480 2489; x_wconf 90' lang='lat' dir='ltr'>A.</span> <span class='ocrx_word' id='word_1_171' title='bbox 512 2467 596 2490; x_wconf 86' lang='lat' dir='ltr'>mox</span> <span class='ocrx_word' id='word_1_172' title='bbox 617 2468 692 2491; x_wconf 88' lang='lat' dir='ltr'>om.</span> <span class='ocrx_word' id='word_1_173' title='bbox 713 2468 844 2491; x_wconf 78' lang='lat' dir='ltr'>versus.</span> <span class='ocrx_word' id='word_1_174' title='bbox 1010 2453 1021 2480; x_wconf 91' lang='lat'>1</span> <span class='ocrx_word' id='word_1_175' title='bbox 1041 2453 1193 2504; x_wconf 83' lang='lat' dir='ltr'>dipodia</span> <span class='ocrx_word' id='word_1_176' title='bbox 1211 2452 1407 2503; x_wconf 81' lang='lat' dir='ltr'>dactylice]</span> <span class='ocrx_word' id='word_1_177' title='bbox 1433 2454 1589 2500; x_wconf 80' lang='lat' dir='ltr'>tripodia</span> 
     </span>
     <span class='ocr_line' id='line_1_31' title="bbox 133 2506 1588 2556; baseline -0.001 -14"><span class='ocrx_word' id='word_1_178' title='bbox 133 2509 310 2555; x_wconf 79' lang='lat' dir='ltr'>dactilyce</span> <span class='ocrx_word' id='word_1_179' title='bbox 340 2512 422 2542; x_wconf 78' lang='lat' dir='ltr'>sunt</span> <span class='ocrx_word' id='word_1_180' title='bbox 457 2508 516 2554; x_wconf 57' lang='lat' dir='ltr'><em>W</em></span> <span class='ocrx_word' id='word_1_181' title='bbox 542 2507 586 2543; x_wconf 90' lang='lat' dir='ltr'>A.</span> <span class='ocrx_word' id='word_1_182' title='bbox 624 2511 781 2556; x_wconf 80' lang='lat' dir='ltr'>tripoclia</span> <span class='ocrx_word' id='word_1_183' title='bbox 814 2509 991 2556; x_wconf 73' lang='lat' dir='ltr'>dactylice</span> <span class='ocrx_word' id='word_1_184' title='bbox 1021 2514 1104 2544; x_wconf 79' lang='lat' dir='ltr'>sunt</span> <span class='ocrx_word' id='word_1_185' title='bbox 1137 2511 1307 2556; x_wconf 79' lang='lat' dir='ltr'>quoniam</span> <span class='ocrx_word' id='word_1_186' title='bbox 1333 2507 1458 2554; x_wconf 80' lang='lat' dir='ltr'>penth.</span> <span class='ocrx_word' id='word_1_187' title='bbox 1494 2506 1588 2541; x_wconf 88' lang='lat' dir='ltr'>Ven.</span> 
     </span>
     <span class='ocr_line' id='line_1_32' title="bbox 134 2559 1587 2610; baseline -0.001 -14"><span class='ocrx_word' id='word_1_188' title='bbox 134 2569 163 2587; x_wconf 75' lang='lat'>11¹</span> <span class='ocrx_word' id='word_1_189' title='bbox 183 2561 308 2596; x_wconf 75' lang='lat' dir='ltr'>studet</span> <span class='ocrx_word' id='word_1_190' title='bbox 328 2559 510 2608; x_wconf 81' lang='lat' dir='ltr'>aemulari]</span> <span class='ocrx_word' id='word_1_191' title='bbox 533 2563 677 2597; x_wconf 76' lang='lat' dir='ltr'>studeat</span> <span class='ocrx_word' id='word_1_192' title='bbox 697 2563 866 2598; x_wconf 77' lang='lat' dir='ltr'>temulari</span> <span class='ocrx_word' id='word_1_193' title='bbox 884 2563 930 2598; x_wconf 88' lang='lat' dir='ltr'>A.</span> <span class='ocrx_word' id='word_1_194' title='bbox 1056 2569 1077 2588; x_wconf 87' lang='lat' dir='ltr'>n</span> <span class='ocrx_word' id='word_1_195' title='bbox 1094 2570 1131 2598; x_wconf 89' lang='lat' dir='ltr'>et</span> <span class='ocrx_word' id='word_1_196' title='bbox 1152 2573 1217 2610; x_wconf 83' lang='lat' dir='ltr'>per</span> <span class='ocrx_word' id='word_1_197' title='bbox 1236 2561 1329 2597; x_wconf 90' lang='lat' dir='ltr'>duos</span> <span class='ocrx_word' id='word_1_198' title='bbox 1347 2572 1473 2596; x_wconf 86' lang='lat' dir='ltr'>versus</span> <span class='ocrx_word' id='word_1_199' title='bbox 1494 2571 1587 2608; x_wconf 85' lang='lat' dir='ltr'>quo-</span> 
     </span>
     <span class='ocr_line' id='line_1_33' title="bbox 135 2612 1589 2663; baseline -0.002 -13"><span class='ocrx_word' id='word_1_200' title='bbox 135 2627 215 2650; x_wconf 85' lang='lat' dir='ltr'>rum</span> <span class='ocrx_word' id='word_1_201' title='bbox 236 2613 329 2649; x_wconf 80' lang='lat' dir='ltr'>alter</span> <span class='ocrx_word' id='word_1_202' title='bbox 349 2612 500 2661; x_wconf 80' lang='lat' dir='ltr'>dipodia</span> <span class='ocrx_word' id='word_1_203' title='bbox 520 2613 613 2649; x_wconf 85' lang='lat' dir='ltr'>alter</span> <span class='ocrx_word' id='word_1_204' title='bbox 631 2615 778 2663; x_wconf 88' lang='lat' dir='ltr'>penth.]</span> <span class='ocrx_word' id='word_1_205' title='bbox 802 2621 837 2650; x_wconf 76' lang='lat' dir='ltr'>et</span> <span class='ocrx_word' id='word_1_206' title='bbox 860 2628 927 2662; x_wconf 83' lang='lat' dir='ltr'>per</span> <span class='ocrx_word' id='word_1_207' title='bbox 951 2617 1040 2651; x_wconf 80' lang='lat' dir='ltr'>duos</span> <span class='ocrx_word' id='word_1_208' title='bbox 1061 2617 1168 2662; x_wconf 83' lang='lat' dir='ltr'>pedes</span> <span class='ocrx_word' id='word_1_209' title='bbox 1197 2616 1353 2661; x_wconf 72' lang='lat' dir='ltr'>tripudia</span> <span class='ocrx_word' id='word_1_210' title='bbox 1383 2619 1418 2649; x_wconf 79' lang='lat' dir='ltr'>et</span> <span class='ocrx_word' id='word_1_211' title='bbox 1442 2613 1589 2660; x_wconf 77' lang='lat' dir='ltr'>penthe-</span> 
     </span>
     <span class='ocr_line' id='line_1_34' title="bbox 133 2667 1589 2716; baseline -0.002 -14"><span class='ocrx_word' id='word_1_212' title='bbox 133 2679 302 2703; x_wconf 81' lang='lat' dir='ltr'>memeres</span> <span class='ocrx_word' id='word_1_213' title='bbox 320 2667 516 2702; x_wconf 77' lang='lat' dir='ltr'>scanditur.</span> <span class='ocrx_word' id='word_1_214' title='bbox 547 2679 649 2713; x_wconf 74' lang='lat' dir='ltr'>quern</span> <span class='ocrx_word' id='word_1_215' title='bbox 671 2673 743 2702; x_wconf 75' lang='lat' dir='ltr'>tam</span> <span class='ocrx_word' id='word_1_216' title='bbox 765 2669 808 2703; x_wconf 91' lang='lat' dir='ltr'>A.</span> <span class='ocrx_word' id='word_1_217' title='bbox 830 2675 868 2704; x_wconf 85' lang='lat' dir='ltr'>et</span> <span class='ocrx_word' id='word_1_218' title='bbox 886 2668 962 2704; x_wconf 84' lang='lat' dir='ltr'>fere</span> <span class='ocrx_word' id='word_1_219' title='bbox 982 2669 1078 2704; x_wconf 77' lang='lat' dir='ltr'>Ven.</span> <span class='ocrx_word' id='word_1_220' title='bbox 1100 2667 1162 2716; x_wconf 87' lang='lat' dir='ltr'>qui</span> <span class='ocrx_word' id='word_1_221' title='bbox 1192 2670 1304 2704; x_wconf 83' lang='lat' dir='ltr'>virum</span> <span class='ocrx_word' id='word_1_222' title='bbox 1337 2668 1496 2713; x_wconf 76' lang='lat' dir='ltr'>tetigeris</span> <span class='ocrx_word' id='word_1_223' title='bbox 1521 2677 1589 2714; x_wconf 88' lang='lat' dir='ltr'>pro</span> 
     </span>
    </p>
   </div>
   <div class='ocr_carea' id='block_1_5' title="bbox 137 2718 1590 2874">
    <p class='ocr_par' dir='ltr' id='par_1_18' title="bbox 137 2718 1590 2874">
     <span class='ocr_line' id='line_1_35' title="bbox 137 2718 1588 2769; baseline -0.003 -13"><span class='ocrx_word' id='word_1_224' title='bbox 137 2722 372 2767; x_wconf 83' lang='lat' dir='ltr'>Melpomene.</span> <span class='ocrx_word' id='word_1_225' title='bbox 530 2725 548 2745; x_wconf 89' lang='lat'>⁰</span> <span class='ocrx_word' id='word_1_226' title='bbox 568 2719 755 2767; x_wconf 86' lang='lat' dir='ltr'>fulminis]</span> <span class='ocrx_word' id='word_1_227' title='bbox 765 2721 934 2769; x_wconf 77' lang='lat' dir='ltr'>fluminis</span> <span class='ocrx_word' id='word_1_228' title='bbox 954 2723 1077 2756; x_wconf 76' lang='lat' dir='ltr'>alitem</span> <span class='ocrx_word' id='word_1_229' title='bbox 1098 2722 1142 2757; x_wconf 78' lang='lat' dir='ltr'>A.</span> <span class='ocrx_word' id='word_1_230' title='bbox 1298 2727 1317 2755; x_wconf 84' lang='lat' dir='ltr'>P</span> <span class='ocrx_word' id='word_1_231' title='bbox 1338 2721 1430 2755; x_wconf 78' lang='lat' dir='ltr'>enim</span> <span class='ocrx_word' id='word_1_232' title='bbox 1449 2730 1524 2753; x_wconf 90' lang='lat' dir='ltr'>om.</span> <span class='ocrx_word' id='word_1_233' title='bbox 1541 2718 1588 2753; x_wconf 89' lang='lat' dir='ltr'>A.</span> 
     </span>
     <span class='ocr_line' id='line_1_36' title="bbox 137 2771 1590 2821; baseline -0.002 -14"><span class='ocrx_word' id='word_1_234' title='bbox 137 2774 229 2809; x_wconf 78' lang='lat' dir='ltr'>Ven.</span> <span class='ocrx_word' id='word_1_235' title='bbox 325 2779 345 2806; x_wconf 91' lang='lat' dir='ltr'>q</span> <span class='ocrx_word' id='word_1_236' title='bbox 365 2771 532 2821; x_wconf 84' lang='lat' dir='ltr'>dipodia]</span> <span class='ocrx_word' id='word_1_237' title='bbox 557 2773 737 2819; x_wconf 75' lang='lat' dir='ltr'>tripodian</span> <span class='ocrx_word' id='word_1_238' title='bbox 761 2775 801 2808; x_wconf 84' lang='lat' dir='ltr'>A.</span> <span class='ocrx_word' id='word_1_239' title='bbox 826 2773 919 2809; x_wconf 89' lang='lat' dir='ltr'>Ven.</span> <span class='ocrx_word' id='word_1_240' title='bbox 1029 2781 1045 2799; x_wconf 79' lang='lat'>¹·</span> <span class='ocrx_word' id='word_1_241' title='bbox 1065 2774 1190 2820; x_wconf 83' lang='lat' dir='ltr'>bonis]</span> <span class='ocrx_word' id='word_1_242' title='bbox 1218 2774 1327 2808; x_wconf 80' lang='lat' dir='ltr'>bonus</span> <span class='ocrx_word' id='word_1_243' title='bbox 1346 2773 1390 2807; x_wconf 93' lang='lat' dir='ltr'>A.</span> <span class='ocrx_word' id='word_1_244' title='bbox 1502 2776 1516 2795; x_wconf 82' lang='lat' dir='ltr'>s</span> <span class='ocrx_word' id='word_1_245' title='bbox 1537 2771 1590 2805; x_wconf 83' lang='lat' dir='ltr'>di-</span> 
     </span>
     <span class='ocr_line' id='line_1_37' title="bbox 137 2823 1590 2874; baseline -0.004 -11"><span class='ocrx_word' id='word_1_246' title='bbox 137 2829 186 2863; x_wconf 72' lang='lat' dir='ltr'>vis</span> <span class='ocrx_word' id='word_1_247' title='bbox 207 2840 272 2873; x_wconf 75' lang='lat' dir='ltr'>qne</span> <span class='ocrx_word' id='word_1_248' title='bbox 290 2827 402 2874; x_wconf 81' lang='lat' dir='ltr'>prolis</span> <span class='ocrx_word' id='word_1_249' title='bbox 423 2827 526 2861; x_wconf 78' lang='lat' dir='ltr'>nibea</span> <span class='ocrx_word' id='word_1_250' title='bbox 547 2838 676 2872; x_wconf 78' lang='lat' dir='ltr'>magne</span> <span class='ocrx_word' id='word_1_251' title='bbox 697 2826 738 2861; x_wconf 85' lang='lat' dir='ltr'>A.</span> <span class='ocrx_word' id='word_1_252' title='bbox 939 2827 953 2851; x_wconf 84' lang='lat' dir='ltr'>t</span> <span class='ocrx_word' id='word_1_253' title='bbox 974 2829 1067 2873; x_wconf 78' lang='lat' dir='ltr'>quod</span> <span class='ocrx_word' id='word_1_254' title='bbox 1086 2834 1125 2863; x_wconf 81' lang='lat' dir='ltr'>ut</span> <span class='ocrx_word' id='word_1_255' title='bbox 1146 2839 1255 2874; x_wconf 74' lang='lat' dir='ltr'>supra</span> <span class='ocrx_word' id='word_1_256' title='bbox 1275 2827 1427 2860; x_wconf 68' lang='lat' dir='ltr'>diximus</span> <span class='ocrx_word' id='word_1_257' title='bbox 1447 2836 1519 2859; x_wconf 85' lang='lat' dir='ltr'>om.</span> <span class='ocrx_word' id='word_1_258' title='bbox 1546 2823 1590 2858; x_wconf 93' lang='lat' dir='ltr'>A.</span> 
     </span>
    </p>
   </div>
   <div class='ocr_carea' id='block_1_6' title="bbox 135 2876 1561 2928">
    <p class='ocr_par' dir='ltr' id='par_1_19' title="bbox 135 2876 1561 2928">
     <span class='ocr_line' id='line_1_38' title="bbox 135 2876 1561 2928; baseline -0.003 -13"><span class='ocrx_word' id='word_1_259' title='bbox 135 2887 153 2905; x_wconf 86' lang='lat' dir='ltr'>V</span> <span class='ocrx_word' id='word_1_260' title='bbox 174 2881 327 2916; x_wconf 78' lang='lat' dir='ltr'>alterum</span> <span class='ocrx_word' id='word_1_261' title='bbox 349 2878 499 2927; x_wconf 75' lang='lat' dir='ltr'>dipodia</span> <span class='ocrx_word' id='word_1_262' title='bbox 519 2878 714 2927; x_wconf 75' lang='lat' dir='ltr'>dactylica]</span> <span class='ocrx_word' id='word_1_263' title='bbox 738 2879 832 2914; x_wconf 75' lang='lat' dir='ltr'>alter</span> <span class='ocrx_word' id='word_1_264' title='bbox 854 2881 1008 2927; x_wconf 73' lang='lat' dir='ltr'>triposlz&#39;a</span> <span class='ocrx_word' id='word_1_265' title='bbox 1029 2881 1205 2928; x_wconf 73' lang='lat' dir='ltr'>(lactylice</span> <span class='ocrx_word' id='word_1_266' title='bbox 1226 2880 1266 2914; x_wconf 90' lang='lat' dir='ltr'><strong>A.</strong></span> <span class='ocrx_word' id='word_1_267' title='bbox 1290 2878 1444 2924; x_wconf 78' lang='lat' dir='ltr'>tripoclia</span> <span class='ocrx_word' id='word_1_268' title='bbox 1468 2876 1561 2912; x_wconf 89' lang='lat' dir='ltr'>Ven.</span> 
     </span>
    </p>
   </div>
  </div>
 </body>
</html>
