1962 3355
368 167 462 214 506
964 167 1220 214 Diomedis
1619 183 1716 214 ΜΒ.
1743 182 1817 213 111.

333 308 348 328 2
436 287 653 335 Secunda
674 288 777 345 ode,
796 289 1001 344 Υὸίκωλος,
1019 298 1168 335 metro
1189 289 1446 352 Sapphico,
1466 288 1592 350 quod
1613 298 1683 334 est
1706 306 1820 352 pen-

371 375 624 412 tametrum
666 364 1132 429 hendecasyllabum,
1171 366 1342 428 scripta
1378 375 1462 420 est,
1500 378 1545 411 et
1581 375 1689 410 sunt
1721 365 1820 427 ejus

370 450 487 488 Ztres
513 459 671 488 versus
697 460 844 505 pares.
917 443 1177 505 Recipiunt
1214 451 1371 487 autem
1404 441 1575 504 singuli
1601 451 1824 504 quattuor

371 518 456 564 hos
484 518 625 581 pedes
651 518 867 564 binarum
907 518 1211 580 syllabarum,
1237 519 1514 574 trochaeum,
1541 519 1821 582 spondeum,

371 595 648 649 trochaeum,
691 593 920 649 iambum,
962 602 980 622 ³
997 604 1043 639 et
1090 594 1316 640 ultimum
1365 596 1664 659 trisyllabum
1714 596 1823 641 bac-

371 673 552 726 chium,
578 682 625 717 et
650 671 889 717 scanditur
915 671 995 727 sic,

541 749 641 788 Jam
662 747 778 798 sastis
800 747 936 801 terit-2⁴3
957 748 1082 787 nivis
1105 753 1237 802 atque
1257 747 1375 787 dirce.

375 823 582 874 Quartus
602 821 681 883 qui
704 821 855 867 brevis
872 830 956 877 est,
977 820 1145 884 recipit
1166 822 1339 882 στροφὴν
1359 829 1406 865 et
1424 826 1558 877 κῶλον,
1585 830 1630 866 et
1649 820 1824 867 1’δακτυ-

372 899 465 953 λικὴ
491 898 642 944 διποδιά
668 897 947 961 appellatur,
972 907 1017 943 et
1050 896 1290 943 scanditur
1322 896 1403 953 sic,
1427 896 1658 960 dactylus,
1683 914 1824 960 spon-

372 973 502 1031 (leus,

836 1050 1021 1100 Terruit!
1045 1050 1227 1090 curbem.

373 1123 492 1169 Aliis
518 1141 627 1170 vero
664 1124 754 1170 hoc
792 1134 995 1170 metrum
1038 1124 1110 1169 his
1148 1122 1348 1186 pedibus
1383 1122 1561 1186 placuit
1597 1131 1827 1178 constare,

374 1199 568 1263 dhippio
605 1200 811 1247 secundo
847 1210 893 1246 et
928 1200 1206 1246 choriambo
1246 1209 1293 1245 et
1329 1198 1544 1256 bacchio,
1579 1207 1626 1244 et
1666 1198 1828 1244 feritur

376 1276 457 1332 sic,

545 1352 644 1391 Jam
665 1354 769 1392 satis
791 1358 928 1404 tersroe
951 1354 1060 1392 nivis
1079 1354 1213 1407 αίξᾳιιε
1233 1352 1351 1391 dirae.

377 1425 488 1470 Hoc
531 1435 736 1471 metrum
782 1426 1107 1472 catalecticum
1152 1435 1235 1481 est,
1275 1424 1499 1486 quoniam
1543 1423 1609 1468 illi
1648 1423 1828 1485 syllaba

377 1501 547 1558 edeest,
571 1519 665 1563 quo
693 1502 849 1547 minus
875 1502 1022 1565 possit
1047 1500 1136 1546 fter
1161 1500 1284 1546 feriri
1310 1501 1415 1546 κατὰ
1440 1500 1622 1546 ὃιποδίαν.

337 1598 354 1627 3
441 1577 600 1623 Tertia
635 1578 738 1631 ode,
764 1579 939 1633 ὃίκωλος,
967 1577 1284 1623 Horatianum
1322 1587 1526 1622 metrum
1565 1576 1723 1630 habet,
1749 1594 1829 1622 cu-

367 1655 446 1716 jus
481 1655 608 1718 prior
643 1664 830 1701 gversus
869 1664 1054 1701 constat
1092 1672 1149 1700 ex
1178 1654 1430 1717 Glyconio,
1455 1662 1502 1699 et
1534 1653 1701 1717 recipit
1736 1662 1828 1698 tres

375 1731 533 1794 pedes,
560 1731 840 1793 spondeum,
866 1732 1194 1777 choriambum
1222 1729 1301 1776 het
1326 1731 1556 1787 iambum,

660 1809 733 1849 Sic
754 1808 798 1856 tel
821 1809 919 1848 diva
938 1808 1091 1863 potensi
1117 1807 1266 1861 Cypri.

376 1881 512 1926 Alter
536 1898 644 1926 vero
668 1880 1055 1944 iAsclepiadcum
1095 1880 1238 1926 habet
1271 1889 1318 1925 et
1352 1880 1641 1941 πενθημιμερής
1674 1879 1833 1942 appel-

378 1958 515 2013 latur,
541 1957 792 2022 spondeus,
817 1957 1049 2021 dactylus,
1086 1956 1304 2019 semipes,
1340 1955 1570 2018 dactylus,
1602 1954 1834 2018 dactylus,

379 2051 460 2088 Sic,

609 2111 873 2165 Sicfialtres
899 2110 1095 2163 Helenae}
1117 2109 1265 2163 lucida}
1288 2108 1452 2164 sydera.

345 2224 364 2249 4
449 2194 629 2246 Quarta
665 2193 769 2249 ode,
795 2193 970 2247 ὃίκωλος,
1003 2192 1240 2238 kmetrum
1276 2192 1645 2256 ithyphallicum
1676 2191 1834 2247 habet,

438 2392 456 2419 δ’
477 2385 617 2430 &Imm-5]
644 2386 797 2419 tracolos
816 2385 859 2418 A.
1023 2390 1040 2409 Ζ
1060 2396 1188 2419 versus
1210 2384 1300 2430 tres]
1326 2388 1396 2418 tres
1414 2394 1534 2417 versus
1554 2382 1597 2418 A.
1762 2387 1781 2407 a
1800 2389 1837 2416 et

387 2437 635 2485 tris5llabum]
671 2443 705 2472 et
734 2438 897 2472 ultimum
930 2437 1154 2482 trisyllabum
1187 2438 1231 2472 A.
1267 2435 1392 2485 paullo
1422 2444 1509 2471 ante
1539 2436 1730 2471 trochaeum
1760 2447 1835 2470 om.

386 2491 480 2526 Ven.
739 2487 759 2515 b
779 2491 956 2532 δακτυλικὴ
977 2490 1113 2535 διποόία]
1137 2494 1170 2524 et
1190 2490 1388 2536 dactylicus
1408 2489 1572 2536 dipodius
1590 2489 1634 2524 A.
1655 2493 1690 2523 et
1709 2489 1836 2523 darili-

387 2556 445 2579 cas
465 2545 627 2590 (Iipoa‘ias
650 2543 741 2579 Ven.
907 2548 923 2567 ⁰
945 2543 1092 2589 urbem]
1117 2543 1233 2578 orbem
1253 2544 1297 2578 A.
1445 2539 1465 2567 d
1483 2541 1633 2591 epitrito
1654 2541 1835 2588 secundo]

388 2597 508 2643 Izippz'o
527 2598 678 2631 seeundo
698 2596 741 2631 A.
764 2596 796 2630 V
800 2608 857 2631 en.
1013 2602 1028 2621 e
1050 2595 1168 2643 deest]
1193 2601 1244 2631 est
1264 2597 1306 2632 A.
1329 2596 1428 2632 Ven.
1565 2593 1581 2620 f
1598 2593 1756 2641 referiri]
1779 2607 1836 2630 re-

421 2648 444 2672 t.

435 2656 444 2671 ι

376 2683 489 2731 feriri
504 2683 550 2719 A.
573 2683 720 2730 reifieri
739 2683 833 2718 Ven.
857 2687 910 2716 ter
917 2681 1031 2729 feriri
1051 2683 1109 2718 Sc.
1199 2689 1220 2716 g
1238 2695 1363 2718 versus
1383 2680 1592 2732 glyconius]
1615 2693 1735 2718 versus
1755 2694 1837 2716 con-

387 2742 460 2772 stat
481 2749 523 2771 ex
541 2737 707 2783 glyconio
727 2740 761 2770 et
782 2736 822 2771 A.
843 2748 962 2771 versas
981 2748 1060 2771 cum
1081 2748 1122 2771 ex
1139 2737 1277 2783 glotino
1297 2737 1393 2771 Ven.
1503 2734 1524 2761 h
1544 2743 1581 2771 et
1597 2735 1781 2781 iambum]
1805 2741 1840 2770 et

389 2803 463 2826 om.
485 2791 529 2825 A.
639 2787 649 2815 i
667 2788 929 2837 Asclepiadeus
950 2796 988 2824 et
1012 2789 1255 2837 πενθημιμερὴς]
1279 2790 1549 2837 Asclepiadeum
1575 2789 1680 2824 habet
1698 2792 1733 2823 et
1747 2800 1838 2835 pen-

390 2844 618 2878 thememeres
637 2843 680 2878 A.
703 2843 963 2889 asclepiadeum
985 2843 1089 2878 habet
1109 2849 1143 2878 et
1159 2844 1447 2890 penthemimeris
1466 2843 1565 2878 Ven.
1719 2839 1741 2866 k
1762 2853 1838 2877 me-

389 2905 485 2932 trum
514 2895 727 2946 phalecum]
752 2900 901 2931 metrum
924 2896 1171 2943 ithz'fallz'cum
1191 2897 1237 2932 A.
1257 2901 1407 2932 metrum
1425 2897 1626 2943 plauticum
1646 2894 1743 2931 Ven-
