1962 3355
150 200 256 233 CAP.
284 198 328 234 2.
494 186 577 232 De
599 185 778 233 Metris
799 202 886 248 per
911 185 1156 246 συμπάθειαν
1179 189 1256 248 856.
1511 195 1594 233 141

285 306 463 354 Caeruli
486 317 517 337 ¹¹¹
527 307 786 355 monarcha
802 307 942 370 ponti
963 307 1182 371 ratisque
1204 307 1472 353 rectitator.

148 384 207 430 In
226 383 488 445 ”ejusmodi
514 385 640 430 enim
662 383 873 430 versibus
894 384 1217 430 membrorum
1242 383 1490 429 manifesta
1509 382 1602 429 dis-

147 460 294 506 cretio
319 469 418 515 est3
451 470 586 524 ⁰quae
611 468 769 506 autem
797 477 856 505 ex
875 459 1061 506 duobus
1088 458 1378 522 imperfectis
1401 459 1529 515 colis,
1553 459 1601 505 id

147 544 217 581 est
242 536 484 594 membris,
509 536 833 593 conciliantur,
857 536 936 582 vix
970 545 1039 582 est
1064 553 1226 581 eorum
1256 535 1599 598 separationem

146 611 524 676 divisionemque
582 630 879 676 cognoscere,
932 612 980 657 in
1042 611 1112 657 his
1171 611 1423 675 praecipue,
1469 620 1602 674 Pquae

147 687 359 734 minimae
384 689 675 752 proceritatis
701 705 915 736 connexa
931 688 1229 750 junguntur:
1266 687 1474 750 exempli
1499 705 1602 750 gra-

147 763 227 820 tia,
252 764 287 809 si
315 765 374 810 sit
392 765 651 811 iambicum
673 765 928 811 dimetrum
951 765 1296 822 catalecticum,
1315 774 1360 810 et
1380 774 1603 827 sequatur

146 839 435 904 dactylicum
462 842 717 888 dimetrum
748 841 1208 904 brachycatalectum
1235 840 1314 896 ita,

345 919 530 966 Dicam
556 925 659 965 qest
681 919 828 966 vario.

147 993 271 1040 Cum
300 995 359 1051 sit
382 995 607 1042 traditum
636 995 795 1042 colum
822 995 886 1041 ita
911 995 1104 1040 demum
1129 994 1273 1056 justae
1307 993 1600 1056 proceritatis

147 1071 313 1135 accipi,
338 1072 373 1117 si
400 1072 561 1118 decem
589 1082 635 1118 et
660 1081 767 1119 octo
791 1072 1085 1135 temporibus
1112 1071 1401 1134 suppleatur.
1473 1070 1597 1116 Cum

146 1158 304 1193 autem
333 1166 419 1194 nec
444 1149 533 1194 coli
561 1165 833 1194 mensuram
860 1147 1060 1193 brevitas
1086 1147 1175 1192 ista
1197 1146 1431 1200 conficiat,
1449 1164 1598 1208 quan-

145 1232 247 1269 tum
276 1241 301 1269 a
327 1224 521 1287 perfecti
541 1242 698 1270 versus
727 1241 943 1269 mensura
969 1222 1220 1279 discordet,
1240 1222 1429 1283 rutique
1452 1223 1601 1268 mani—

143 1298 315 1346 festum
344 1308 427 1356 est,
449 1317 557 1346 cum
585 1300 740 1346 colum
769 1301 922 1360 portio
946 1316 1105 1344 versus
1129 1316 1229 1343 esse
1255 1297 1478 1344 tradatur.

211 1376 334 1422 Sunt
359 1376 472 1422 item
511 1393 618 1438 quae
645 1376 848 1440 primam
876 1375 1181 1429 trochaicam,
1207 1373 1464 1420 secundam
1488 1374 1601 1420 cho-

145 1452 397 1510 ambicam,
423 1453 609 1500 tertiam
635 1453 942 1508 trochaicam,
969 1452 1047 1499 sed
1083 1461 1129 1498 et
1153 1462 1368 1514 quartam
1396 1451 1600 1515 Ssyllaba

143 1528 403 1575 breviorem
447 1530 831 1593 conjugationem
873 1529 1093 1583 habeant,
1131 1545 1334 1590 quorum
1378 1530 1600 1591 exempla

142 1606 425 1670 plerumque
441 1607 565 1671 apud
584 1607 792 1653 comicos
809 1605 998 1669 Diphili
1017 1614 1064 1651 et
1078 1604 1330 1651 Menandri
1351 1604 1599 1650 comoediis

143 1683 455 1746 reperiuntur.
525 1683 702 1730 Verum
740 1684 840 1730 haec
876 1683 1102 1729 hactenus
1130 1681 1366 1728 noscenda
1392 1691 1515 1737 sunt,
1541 1700 1599 1727 ne

143 1758 257 1820 quid
299 1777 382 1822 per
422 1760 709 1824 imperitiam
748 1759 1026 1823 praeteriisse
1058 1758 1329 1812 videamur3
1367 1757 1599 1819 talioquin

143 1843 191 1881 et
216 1836 407 1882 vitanda
442 1847 489 1882 et
525 1837 787 1900 respuenda
824 1846 946 1882 sunt.
1017 1835 1146 1881 Nam
1179 1835 1414 1898 vperfecto
1447 1843 1600 1897 poetae

144 1911 262 1958 levia
298 1921 346 1957 et
381 1930 546 1958 sonora
589 1913 812 1959 sectanda
841 1922 964 1968 sunt,
997 1929 1102 1974 quae
1138 1921 1295 1957 autem
1335 1912 1518 1974 fragosa
1553 1919 1601 1957 et

144 2005 321 2052 aspera,
358 1989 606 2035 Wdiscendi
646 2008 801 2043 causa,
838 2007 929 2035 non
969 1998 1020 2035 ut
1060 1988 1305 2034 imitentur
1341 1987 1421 2033 sed
1459 1996 1510 2033 ut
1535 1987 1601 2033 vi-

143 2075 317 2123 tentur,
335 2067 569 2113 noscenda
594 2077 716 2114 sunt.
753 2070 985 2121 Quorum,
1003 2065 1123 2111 sicut
1148 2074 1194 2110 et
1214 2064 1412 2110 aliorum
1434 2072 1596 2110 Xcom-

142 2143 367 2206 plurium,
393 2153 555 2189 auctor
579 2154 626 2189 et
651 2161 818 2206 parens
844 2143 990 2188 fertur
1008 2141 1326 2188 Archilochus
1353 2141 1600 2203 singularis

143 2219 328 2265 artificii
366 2219 411 2265 in
442 2219 768 2282 excogitandis
794 2237 848 2264 ac
873 2217 1132 2264 formandis
1159 2217 1291 2263 novis
1319 2217 1496 2274 metris,
1518 2217 1598 2279 qui

141 2297 322 2360 primus
347 2297 524 2361 epodos
549 2297 773 2344 excitavit
801 2296 913 2342 alios
940 2295 1189 2351 breviores,
1215 2294 1329 2340 alios
1350 2294 1599 2358 longiores,

195 2467 226 2486 m
248 2460 466 2507 monarcha]
491 2468 663 2496 menoeta
683 2460 721 2495 P.
943 2466 960 2484 n
984 2458 1213 2507 hujusmodi]
1237 2456 1417 2508 ejusmodi
1441 2456 1538 2493 enim
1562 2457 1602 2492 P.

142 2520 161 2540 0
181 2514 280 2564 quae]
304 2512 365 2560 qui
388 2514 426 2549 P.
640 2520 659 2547 P
681 2513 778 2561 quae]
802 2513 864 2560 qui
886 2512 925 2548 P.
1144 2519 1163 2545 q
1180 2519 1236 2547 est
1257 2510 1373 2555 vario]
1399 2510 1535 2546 exfario
1554 2510 1594 2545 P.

141 2575 157 2593 Γ
179 2565 322 2617 utique]
349 2574 385 2602 et
407 2566 532 2615 utique
553 2567 592 2602 P.
704 2572 718 2591 S
736 2565 891 2614 syllaba]
912 2564 1089 2614 syllabam
1115 2566 1154 2600 1’.
1283 2563 1297 2590 ’ί
1317 2562 1500 2611 alioquin]
1527 2563 1598 2611 S—egl

142 2620 304 2669 alioquin
327 2622 367 2657 P.
546 2626 564 2645 V
587 2619 770 2668 profecto]
796 2619 960 2667 perfecto
981 2618 1019 2653 P.
1186 2623 1209 2638 w
1230 2616 1414 2663 discendi]
1441 2616 1531 2653 (licis
1558 2618 1597 2652 P.

142 2681 161 2700 Χ
182 2674 448 2724 complurium]
473 2673 766 2722 complurioruin
790 2673 828 2708 P.

202 2817 240 2840 11
278 2806 396 2839 decem
429 2809 462 2839 et
493 2809 571 2839 octo
606 2803 837 2850 temporibus]
900 2801 1138 2838 manifestum
1150 2800 1399 2842 visleri‚sedi11
1417 2809 1490 2836 tam
1505 2812 1596 2835 con-

141 2857 362 2894 Monuimus
389 2870 500 2906 supra
531 2857 599 2903 (II.
630 2868 664 2902 4.
696 2857 777 2902 fin.)
813 2856 840 2891 si
899 2854 1596 2904 stantescripturaconsisleremussane

141 2913 259 2947 decem
277 2917 311 2946 et
326 2912 480 2958 quinque
501 2910 672 2958 legantur
691 2923 840 2945 sensum
898 2909 1069 2957 amplius.
1100 2908 1299 2943 CAMER.

1624 403 1662 424 10

1622 1013 1654 1033 11

1622 1399 1658 1419 12

1622 1704 1657 1733 13

1623 2089 1660 2117 ¹4
