1962 3355
132 191 237 223 CAP.
257 186 300 223 3.
493 176 576 221 De
592 176 769 237 pedum
794 174 1219 236 compositionibuS.
1485 182 1582 232 309

197 297 272 343 Ex
311 297 521 360 spondeo
552 306 598 343 et
630 296 885 356 tribrachy‚
919 295 965 341 id
1004 304 1075 341 est
1109 312 1168 341 ex
1198 294 1350 358 longis
1382 293 1581 352 duabus,
1602 312 1642 345 29

131 384 178 420 et
202 375 423 420 brevibus
448 375 624 420 tribus:
664 373 895 434 Sumptus
918 378 1105 418 temere.

196 450 273 496 Ex
311 460 548 514 anapaesto
576 458 623 496 θῖ
658 449 831 503 iambo,
866 447 912 494 id
937 457 1009 494 est
1037 465 1094 493 ex
1130 447 1350 493 brevibus
1383 446 1583 503 duabus,
1600 466 1643 495 30

131 525 273 588 longa.
298 545 405 583 una,
431 527 558 573 brevi
586 543 693 582 una,
717 535 764 570 et
789 525 930 587 longa
954 542 1072 570 una:
1110 524 1353 570 Fremitus
1372 524 1553 586 gravis.

196 603 272 647 Ex
311 613 548 666 anapaesto
573 611 619 648 et
653 601 908 664 tribi'aehy,
936 600 979 646 id
1013 609 1082 646 est
1118 618 1175 646 ex
1213 600 1431 645 brevibus
1469 599 1582 645 dua-
1599 624 1636 653 31

131 679 235 735 bus,
260 679 400 742 longa
428 697 534 737 una,
559 690 605 725 et
630 679 847 725 brevibus
872 677 1048 723 tribus:
1097 676 1529 741 Tl'epl‘dlfilgiuvt·

197 754 274 800 Ex
300 756 523 818 spondeo,
548 755 721 811 iambo,
741 763 786 801 et
807 753 1030 817 spondeo,
1057 753 1102 799 id
1123 762 1193 798 θεῖ
1217 770 1274 798 ex
1302 753 1453 815 longis
1471 752 1642 800 dua-32

133 831 236 886 bum,
263 831 389 877 brevi
417 849 524 885 una,
550 840 596 876 θῖ
623 831 773 894 longis
798 830 974 876 tribus:
1012 829 1185 876 Cuncti
1208 837 1376 876 cavent
1396 830 1583 876 bellum.

198 907 274 953 Ex
313 907 539 971 spondeo,
576 908 750 962 iambo,
775 916 822 953 θῖ
858 916 1110 970 anapaesto,
1146 906 1195 952 id
1231 915 1302 952 θεῖ
1337 924 1395 952 ex
1430 907 1583 969 longis
1604 923 1642 953 33

132 982 332 1040 duabus,
357 983 483 1029 brevi
509 1002 604 1029 una
629 994 675 1029 et
711 984 851 1046 longa
876 1001 984 1040 una,
1008 992 1054 1028 et
1080 983 1298 1029 brevibus
1324 982 1506 1028 duabus
1538 991 1586 1028 θῖ

132 1059 273 1120 longa
298 1078 416 1105 una:
459 1060 592 1106 Victi
615 1059 756 1106 malis
781 1060 1038 1121 trepidant.

197 1135 275 1180 Ex
321 1135 547 1198 spondeo,
590 1135 762 1192 iambo,
798 1146 845 1181 et
885 1135 1088 1199 dactyIO,
1127 1135 1173 1181 id
1216 1143 1285 1180 est
1325 1152 1382 1180 ex
1429 1135 1583 1197 longis
1604 1152 1643 1182 34

133 1211 331 1265 duabus,
362 1213 488 1257 brevi
524 1229 632 1268 una,
667 1211 820 1273 longis
855 1211 1073 1269 (duabus,
1099 1211 1340 1271 brevibus)
1368 1210 1582 1257 duabus:

132 1287 326 1333 Rostris
348 1295 512 1334 secant
531 1289 771 1351 gurgites.

198 1364 276 1410 Ex
300 1364 486 1410 duobus
522 1364 690 1409 iambis
727 1373 774 1409 θῖ
802 1363 1028 1426 spondeo,
1053 1363 1100 1409 id
1125 1372 1196 1409 est
1219 1380 1278 1409 ex
1316 1363 1443 1409 brevi
1479 1381 1585 1420 una,
1604 1380 1643 1411 35

131 1443 273 1505 longa
296 1460 405 1496 una,
431 1442 557 1486 brevi
585 1458 691 1496 una,
718 1441 869 1504 longis
895 1440 1072 1486 tribus:
1115 1440 1269 1486 Bonos
1293 1440 1427 1486 (locet
1449 1440 1585 1487 cives.

198 1520 275 1566 Ex
300 1519 485 1565 duobus
522 1518 690 1563 iambis
724 1527 771 1563 θῖ
806 1518 1010 1581 dactylo,
1034 1517 1083 1562 id
1114 1526 1185 1563 θεῖ
1219 1534 1278 1563 ex
1315 1517 1441 1563 brevi
1478 1534 1586 1573 una,
1603 1524 1646 1564 36

132 1596 274 1659 longa
299 1613 407 1650 una,
435 1595 563 1640 brevi
595 1612 703 1648 una,
729 1603 775 1641 et
809 1594 963 1658 longis
995 1593 1178 1640 duabus
1207 1593 1447 1656 (brevibus
1473 1593 1587 1639 dua-

132 1674 242 1734 bus)
264 1691 273 1719 :
300 1672 510 1719 Strmmt
528 1672 714 1718 moem'a.

199 1750 276 1794 Ex
311 1749 554 1811 trisyllabo
580 1748 712 1809 cujus
749 1747 905 1794 media
930 1746 1081 1793 brevis
1119 1746 1192 1802 sit,
1218 1746 1264 1792 id
1300 1755 1451 1792 estex
1490 1764 1587 1792 cre·
1604 1769 1645 1800 37

135 1825 229 1871 tico
268 1835 315 1870 θῖ
353 1825 513 1870 iambo
553 1833 601 1869 et
641 1823 865 1886 spondeo,
907 1823 953 1868 id
995 1832 1066 1868 θεῖ
1107 1839 1164 1868 ex
1212 1823 1353 1885 longa
1394 1840 1502 1879 una,
1539 1831 1588 1868 et

134 1901 262 1947 brevi
287 1918 393 1954 una,
420 1909 466 1945 et
496 1900 636 1961 longa
662 1916 768 1953 una,
793 1906 840 1944 θῖ
863 1898 992 1944 brevi
1019 1915 1126 1953 una,
1151 1906 1197 1944 et
1220 1897 1374 1961 longis
1409 1899 1586 1945 tribus:

134 1977 368 2025 Prcelizcm.
394 1974 705 2040 cupitjbrtiS.
843 1966 847 1967 ⁷

200 2055 277 2101 Ex
314 2054 559 2117 trisyllabo
584 2054 717 2116 cujus
755 2052 911 2098 media
948 2051 1097 2097 brevis
1135 2052 1208 2106 sit,
1234 2051 1282 2098 id
1307 2061 1376 2098 est
1400 2069 1458 2098 θΧ
1489 2070 1586 2099 cre·
1603 2067 1645 2105 38

135 2132 244 2188 ῖὶθο,
270 2131 444 2185 iambo,
470 2140 516 2177 et
540 2130 746 2193 dacty10‚
772 2128 816 2174 id
843 2137 913 2174 θεῖ
937 2145 995 2173 ex
1030 2128 1172 2190 longa
1199 2146 1305 2185 una,
1325 2129 1453 2174 brevi
1478 2147 1585 2187 una,

134 2208 276 2270 longa
310 2225 421 2263 una,
454 2207 581 2253 brevi
626 2224 733 2261 una,
767 2214 814 2251 et
850 2203 1002 2266 longis
1042 2203 1240 2258 duabm,
1283 2214 1330 2251 et
1368 2206 1585 2253 brevibus

135 2283 344 2330 duabus:
387 2284 623 2330 Turbines
647 2283 780 2329 timet
791 2282 1047 2342 fluctuum.

200 2360 277 2405 Ex
312 2360 573 2424 trisyllabo,
598 2359 731 2421 cujus
764 2357 919 2404 media
944 2357 1095 2403 brevis
1133 2357 1206 2412 sit,
1232 2357 1278 2404 id
1304 2367 1374 2404 θεῖ
1399 2359 1585 2415 cretico,
1604 2382 1646 2414 39

135 2437 311 2492 iambo,
348 2446 395 2482 et
436 2444 688 2500 anapaesto,
723 2434 770 2481 id
808 2443 878 2481 θεῖ
915 2451 973 2480 ex
1010 2434 1150 2498 longa
1184 2452 1279 2480 una
1310 2435 1438 2481 brevi
1476 2453 1586 2493 una,

136 2513 279 2574 longa
302 2530 395 2557 una
423 2512 547 2557 brevi
575 2530 682 2569 una,
708 2513 848 2575 longa
873 2530 980 2568 una,
1005 2521 1053 2558 et
1076 2513 1294 2559 brevibus
1317 2513 1517 2569 duabus,
1540 2523 1588 2560 et

137 2590 279 2651 longa
304 2606 421 2633 una:
465 2589 696 2653 Gurgites
717 2597 878 2636 secant
902 2589 1090 2652 trepidi.

203 2664 279 2710 Ex
304 2664 564 2727 trisyllab0‚
589 2667 723 2728 cujus
759 2666 916 2713 media
942 2667 1092 2712 brevis
1130 2665 1205 2723 εἰῖ,
1230 2665 1277 2712 id
1302 2674 1373 2712 θεῖ
1397 2666 1584 2720 cretico,
1604 2688 1646 2717 40

137 2741 359 2794 trochaeo,
386 2749 432 2786 θῖ
468 2742 692 2804 spondeo,
714 2743 762 2790 id
799 2752 870 2790 θεῖ
895 2760 953 2789 ex
990 2744 1131 2806 longa
1166 2760 1275 2799 una,
1311 2742 1437 2788 brevi
1476 2759 1584 2797 una,

137 2826 184 2863 θῖ
209 2817 361 2880 longis
387 2817 586 2873 duabus,
610 2829 657 2864 θῖ
688 2819 813 2865 brevi
852 2838 960 2876 una,
984 2829 1032 2866 et
1057 2820 1208 2883 longis
1234 2819 1445 2865 duabus:
1482 2817 1587 2863 La-

139 2895 319 2941 teribus
343 2900 490 2957 anget
512 2893 689 2940 urbem.
