1962 3355
377 217 462 259 536

824 218 895 258 Fl.
918 218 1104 259 Mallius
1131 218 1371 258 Theodorus

377 330 418 370 vi
447 339 572 385 atque
602 339 750 370 natura
775 339 1001 370 metrorum
1031 330 1229 370 rationem
1250 328 1456 384 expleant,
1478 326 1611 381 palam
1633 327 1823 368 omnibus

340 411 360 437 4
378 397 734 453 kperspiciendum
756 396 1068 438 constituamus.

1120 399 1228 438 Sunt
1247 396 1375 451 igitur
1394 394 1559 450 penitus
1578 394 1824 450 repudiandi

378 465 582 520 longeque
626 463 863 504 removendi
897 479 948 504 ex
985 463 1205 519 trisyllabis
1245 462 1457 510 molossus,
1493 460 1824 517 amphibrachyS,

379 532 695 588 amphimacrus,
717 530 1062 586 palimbacchius;
1096 544 1145 569 ex
1168 527 1506 584 lquadrisyllabis
1525 527 1825 583 proceleusma-

380 600 498 649 ticus,
534 598 790 655 dispondius,
832 597 1047 647 diiambus,
1086 596 1348 645 ditrochaeus,
1389 610 1567 652 paeoneS,
1604 609 1827 649 omnesque

344 678 360 707 5
380 667 547 722 epitriti.

609 668 678 705 Ex
713 680 797 719 quo
827 673 1011 719 apparet,
1046 672 1180 703 mocto
1213 664 1277 703 his
1311 662 1465 712 metris,
1499 662 1550 702 de
1584 661 1736 717 quibus
1768 671 1828 702 est

381 735 551 783 dictum,
573 747 717 772 novem
750 731 875 786 pedes
905 730 962 771 ita
991 730 1226 780 attributos,
1250 741 1297 771 ut
1320 744 1462 770 eorum
1493 729 1701 784 praecipue
1722 728 1828 768 inter

344 807 423 841 6se
454 799 738 854 conjunctione
769 798 1122 852 nuniuscujusque
1161 797 1280 838 metri
1315 797 1376 837 vis
1416 795 1687 836 contineatur.

1746 795 1828 844 Qui

382 869 548 923 quidem
570 867 722 923 opedes
742 866 786 906 hi
807 874 925 906 sunt:
958 864 1182 920 Spondius,
1202 864 1376 911 iambus,
1400 862 1645 912 Ptrochaeus,
1667 861 1830 917 pyrrhi-

381 936 512 984 chius,
535 935 738 991 dactyIUS,
760 943 1007 989 anapaestus,
1038 931 1344 981 achon-iambus,
1377 930 1640 985 antispastus,
1664 929 1830 969 Ionicus

348 1016 363 1048 7
382 1019 405 1044 a
425 1004 594 1059 majore,
617 1003 784 1043 Ionicus
804 1016 828 1041 a
849 1000 1018 1040 minore.

1079 998 1403 1053 Amphimacrus
1424 1007 1464 1037 et
1487 996 1688 1037 Bacchius
1713 995 1831 1036 raris-

383 1071 495 1120 sime,
529 1069 757 1124 tribrachys
787 1083 884 1109 vero
917 1066 1146 1122 raliquanto
1180 1065 1452 1120 frequentius,
1489 1064 1558 1104 sed
1598 1063 1829 1119 precarium

344 1144 363 1173 8
383 1137 527 1193 magis,
564 1151 689 1191 quam
730 1134 1014 1183 necessarium,
1050 1133 1112 1173 Sin
1145 1133 1283 1173 metris
1318 1132 1454 1172 locum
1485 1131 1686 1172 obtinent.

1749 1129 1831 1170 Sed

383 1205 577 1259 quoniam
599 1204 668 1244 tde
699 1202 864 1260 syllabis
893 1217 939 1242 ac
971 1200 1146 1257 pedibus
1169 1199 1333 1240 abunde
1354 1199 1510 1239 dictum
1533 1208 1606 1249 est,
1627 1197 1677 1238 ad
1700 1197 1830 1253 ipsam

384 1281 607 1311 metrorum
639 1269 1040 1317 demonstrationem,
1062 1266 1405 1313 vdistinctionem,
1434 1265 1831 1306 subdistinctionem-

384 1354 465 1394 que
487 1338 643 1379 veniam
650 1353 711 1378 us.

387 1492 604 1531 Ruhnkenii
652 1504 806 1529 acumen
852 1491 1079 1527 verissimam

387 1549 605 1596 scripturam
626 1559 692 1581 sua
712 1551 747 1581 vi
767 1543 980 1593 exsculpsit.
1005 1544 1082 1578 Vim

388 1613 430 1636 ac
463 1605 630 1635 naturam
667 1611 763 1647 saepe
794 1599 839 1633 ab
871 1597 951 1647 ipso
979 1596 1083 1632 Cice-

388 1665 478 1688 rone
517 1651 704 1701 conjungi,
743 1650 868 1686 multis
907 1648 1082 1698 exemplis

388 1705 516 1742 docuit
537 1713 687 1753 patruus
704 1716 808 1739 meus
823 1704 860 1739 in
878 1709 1082 1738 comment.

389 1759 433 1794 ad
455 1759 562 1793 Offic.
585 1757 615 1792 1.
635 1756 695 1792 28.
719 1768 776 1792 11.
819 1756 974 1791 HEUS.

442 1809 465 1838 k
496 1811 779 1858 perspiciendum
808 1807 1080 1853 constituamus]

389 1862 568 1910 Ejusdem
599 1861 817 1898 Ruhnkenii
846 1860 1002 1898 consilio
1034 1861 1085 1895 ita

391 1929 489 1952 nunc
518 1916 628 1952 edidi.
686 1916 731 1951 In
760 1915 881 1950 MSS:
896 1921 975 1950 erat
1000 1925 1084 1961 pre-

388 1971 618 2017 spicieizdzniz,
643 1968 741 2017 quod
775 1976 898 2004 ortum
930 1978 1010 2003 esse
1043 1978 1086 2002 ex

387 2023 684 2070 prospiciendum,
734 2029 843 2057 antea
897 2019 1085 2069 opinabar.

391 2076 543 2112 HEUS.

443 2127 454 2154 1
488 2127 779 2175 quadrisyllabis]
806 2126 921 2163 MSS.
943 2127 1080 2172 quatri-

390 2182 549 2229 syllabiS.
583 2179 737 2216 HEUS.

444 2241 475 2259 m
514 2238 590 2269 octo
630 2233 682 2268 his
719 2233 857 2279 metris]
914 2230 957 2266 ln
1001 2231 1084 2267 MS.

392 2286 554 2335 Guelph.
577 2285 761 2334 utrimque
792 2285 940 2334 punctis
967 2282 1083 2319 inclu-

392 2339 490 2375 ditur
516 2338 736 2375 vocabulum
774 2343 864 2380 octo,
896 2336 993 2386 quod
1026 2336 1086 2372 hic

392 2405 466 2427 non
483 2391 598 2441 magis
612 2392 857 2427 necessarium
876 2397 1085 2437 erat‚quam

392 2457 501 2493 supra
521 2457 558 2480 n.
577 2457 611 2480 1.
631 2451 668 2479 et
692 2455 723 2478 2.
756 2443 910 2478 HEUS.

460 2503 480 2522 ¹¹
527 2495 802 2542 uniuscujusque
855 2496 958 2529 metri
1012 2494 1080 2540 vis]

392 2550 518 2588 Quum
548 2548 584 2584 in
616 2548 775 2596 Guelph.
798 2547 979 2596 legeretur
1004 2547 1084 2580 uni-

393 2601 604 2648 uscujusque
622 2602 728 2636 metri
752 2601 812 2642 bis,
835 2612 966 2634 manus
987 2599 1082 2634 anti-

394 2667 466 2704 qua
499 2662 584 2703 post
614 2652 888 2699 uniuscujusque
918 2651 954 2686 in
987 2664 1082 2686 mar-

393 2707 478 2757 gine
520 2705 715 2755 adscripsit
752 2707 862 2741 racio.
918 2704 962 2740 Id
1002 2703 1088 2740 inde

394 2761 532 2796 factum
566 2759 747 2801 dicebam,
781 2757 866 2806 quia
903 2766 1088 2793 corrector

395 2826 470 2849 non
500 2811 742 2853 intellexerat,
766 2811 816 2846 bis
845 2809 979 2846 librarii
1000 2809 1087 2845 vitio

394 2866 574 2914 scriptum
606 2876 686 2901 esse
716 2876 782 2913 pro
805 2865 867 2899 vis.
925 2863 980 2899 Ut
1006 2865 1084 2910 jam

395 2917 619 2955 dubitationi
656 2917 758 2954 locus
796 2929 872 2952 non
910 2916 969 2959 sit,
1000 2916 1084 2952 MS.

1137 1487 1251 1526 Paris.
1272 1488 1404 1530 effecit,
1422 1500 1465 1523 ex
1486 1500 1558 1536 quo
1575 1499 1695 1524 veram
1718 1486 1831 1536 scrip-

1137 1549 1257 1578 turam
1281 1540 1417 1577 reduxi.
1450 1541 1607 1577 HEUS.

1191 1600 1206 1615 ⁰
1244 1596 1350 1641 pedes
1381 1594 1415 1629 hi
1446 1594 1546 1640 sunt]
1587 1592 1749 1641 Guelph.
1785 1593 1833 1627 hii

1137 1653 1230 1682 sunt.
1264 1647 1418 1682 HEUS.

1192 1707 1212 1734 P
1243 1700 1427 1741 trochaeus,
1456 1699 1700 1746 pyrrhichius]
1737 1697 1831 1732 For-

1140 1761 1236 1788 tasse
1269 1752 1491 1788 vocabulum
1517 1751 1746 1799 pyrrhichius
1774 1749 1834 1786 hie

1141 1805 1352 1848 delendum,
1392 1813 1428 1840 et
1467 1804 1562 1840 infra
1604 1812 1689 1852 post
1726 1804 1836 1838 verba

1141 1859 1340 1906 tribrachys
1351 1870 1434 1893 vero
1447 1856 1682 1893 inserendum
1697 1863 1752 1892 est
1763 1855 1832 1892 ita:

1144 1912 1343 1958 tribrachys
1362 1923 1445 1946 vero
1466 1916 1501 1946 et
1516 1910 1746 1958 pyrrhichius
1765 1910 1835 1944 ali·

1142 1964 1530 2013 quantofrequentius.
1563 1963 1719 1999 HEUS.

1196 2025 1216 2052 q
1245 2017 1485 2064 choriambus]
1515 2015 1629 2052 Paris.
1659 2016 1835 2051 choriam-

1144 2072 1189 2107 bi.
1221 2070 1376 2106 HEUS.

1192 2130 1207 2149 r
1235 2125 1423 2170 aliquanto
1442 2121 1689 2170 frequentius]
1722 2121 1833 2156 Uter-

1140 2189 1212 2226 que
1231 2177 1316 2212 MS.
1339 2177 1545 2222 aliquando,
1567 2182 1605 2211 et
1625 2172 1834 2222 Paris.fre-

1143 2231 1318 2278 quentior.
1351 2229 1502 2264 HEUS.

1195 2289 1209 2308 s
1260 2284 1294 2317 in
1340 2286 1452 2316 metro
1497 2281 1610 2315 locum
1657 2279 1832 2326 obtinent]

1143 2334 1304 2384 Guelph.
1336 2335 1510 2380 optinent,
1542 2332 1656 2367 Paris.
1687 2333 1834 2378 optinet.

1143 2389 1202 2424 Ita
1221 2398 1317 2435 saepe
1337 2385 1372 2421 in
1396 2384 1647 2421 monumentis
1674 2385 1836 2432 antiquis

1141 2441 1332 2487 apstinere,
1362 2440 1514 2486 suptilis,
1545 2445 1583 2474 et
1615 2436 1750 2473 similia
1778 2449 1834 2473 re-

1140 2491 1343 2542 periuntur.
1401 2491 1485 2527 Vid.
1513 2489 1641 2526 Noris.
1672 2489 1835 2539 ortliogr.

1142 2545 1261 2582 Pisan.
1283 2557 1314 2581 c.
1334 2545 1370 2580 6.
1404 2544 1556 2580 HEUS.

1193 2598 1208 2623 t
1237 2599 1280 2633 cle
1309 2599 1472 2645 syllabis]
1507 2597 1621 2633 Paris.
1654 2597 1697 2631 de
1723 2595 1835 2642 sylla-

1145 2652 1216 2693 bas,
1240 2658 1280 2686 ut
1299 2649 1467 2686 librarius
1495 2649 1557 2686 ille
1575 2647 1690 2685 videri
1719 2647 1837 2698 possit

1141 2704 1179 2739 in
1201 2702 1405 2752 exemplari
1425 2716 1492 2739 suo
1511 2700 1682 2738 habuisse
1702 2703 1745 2736 de
1763 2701 1835 2747 syl-

1144 2758 1237 2794 laba.
1272 2756 1427 2793 HEUS.

1208 2817 1228 2834 v
1263 2811 1536 2850 distinctionem,
1575 2807 1836 2843 subdistinctio-

1141 2864 1306 2910 nemque]
1351 2863 1512 2898 Primam
1556 2859 1732 2909 syllabam
1773 2870 1836 2892 vo-

1141 2914 1262 2952 cabuli
1288 2916 1613 2951 subdistinctionem
1638 2924 1659 2948 a
1686 2910 1836 2948 librario
