1962 3355
131 186 236 218 CAP.
264 181 308 217 4.
600 170 683 216 De
707 161 1113 232 hendecasyllabo.
1487 176 1584 226 317

130 292 337 339 tDemus
363 291 503 339 etiam
531 309 659 337 nunc
685 290 751 337 illi
777 291 918 338 unius
938 289 1202 337 choriambi
1221 289 1587 347 incrementum,
1608 313 1625 346 7

131 370 229 426 fiet,
361 436 499 476 Castae
515 434 705 474 Pierides
720 432 932 473 VPz‘erz‘des
953 432 1144 473 Pierides
1163 447 1279 474 meoe.

131 509 271 570 quale
311 518 382 554 est
428 508 542 555 illud
591 508 714 571 apud
761 507 1034 561 Horatium,
1071 506 1199 568 quod
1241 514 1289 553 et
1329 505 1485 569 ipsum
1529 506 1587 551 ab

131 585 328 631 WAlcaeo
354 585 572 648 sumpsit,

252 663 321 701 Tu
341 677 392 702 oze
411 662 630 718 qucesieris
649 662 755 701 scire
774 661 893 714 neseis
913 673 1029 715 quem
1052 660 1170 709 milti,
1191 672 1308 714 quem
1329 658 1415 699 tibi.

133 744 245 791 Hoc
269 744 427 808 ipsum
456 745 785 792 imminuendo
811 744 1041 808 paulatim
1067 744 1155 791 tria
1180 744 1282 790 haec
1309 753 1458 789 metra
1483 760 1588 806 quae
1607 757 1625 787 8

132 821 270 868 retuli
298 822 616 868 manifestiora
639 823 825 880 faciam,

366 900 436 939 Tu
457 914 507 939 ne
527 900 747 955 quaesieris
766 913 883 955 quem
903 900 1032 946 mihi,·
1065 913 1183 956 quem
1205 899 1305 946 tibi,-

134 971 225 1018 hoc
248 989 333 1036 par
355 981 426 1018 est
449 972 533 1029 illi,

360 1049 418 1089 M
418 1063 572 1089 oecenas
592 1050 731 1089 atavis
751 1049 856 1089 edite
875 1050 1061 1104 regibus.

132 1116 350 1163 Alterum
378 1116 622 1162 detraham
650 1117 998 1172 choriambum,
1024 1118 1122 1172 fiet,
1609 1136 1628 1166 9

367 1193 435 1232 Tu
456 1207 506 1232 ne
523 1194 737 1248 qncesieris
758 1193 832 1233 tibi
847 1209 861 1238 ‚·

134 1259 224 1305 hoc
249 1277 333 1323 par
356 1269 427 1305 est
451 1259 534 1316 illi,

361 1337 611 1376 Intermissa
640 1337 771 1375 Venus
793 1335 895 1382 (liu,-

133 1399 193 1448 et,

363 1458 505 1498 Castae
525 1458 717 1498 Pierides
737 1472 849 1499 meae.

198 1525 276 1571 Ex
303 1525 392 1572 hac
417 1526 647 1572 divisione
672 1536 719 1573 et
746 1526 968 1590 Priapeus
993 1526 1201 1574 nascitur
1225 1544 1400 1575 versus.
1440 1527 1590 1590 Cujus
1614 1548 1652 1569 10

133 1603 407 1665 exemplum
436 1603 560 1666 apud
588 1603 851 1661 Catullum,

248 1680 301 1718 H
303 1695 380 1719 cmc
400 1680 538 1720 lucum
559 1681 631 1720 tibi
652 1681 820 1720 Xdedico
841 1693 1106 1736 consecroque
1127 1681 1301 1736 Priape.

134 1767 264 1813 Nam
291 1786 399 1815 cum
435 1770 480 1815 in
507 1769 602 1815 duo
626 1778 866 1815 commata
891 1769 970 1814 hic
994 1787 1152 1815 versus
1177 1769 1429 1828 dividatur,
1456 1788 1594 1834 supe-

134 1843 230 1889 rius
257 1862 445 1891 comma
469 1855 577 1891 octo
602 1845 906 1908 syllabarum,
932 1854 978 1890 et
1009 1845 1263 1907 insequens
1301 1856 1500 1910 septem,
1523 1847 1595 1893 di-

137 1920 321 1966 minuta
346 1921 596 1985 superioris
622 1921 874 1967 commatis
899 1931 1062 1985 parte3
1100 1932 1152 1969 ut
1177 1922 1210 1968 si
1238 1922 1398 1981 facias,

250 1997 397 2037 Mater
416 2011 530 2038 sceva
552 1998 812 2053 Cupidinum
826 2013 839 2037 .·
870 2004 1004 2038 mater
1022 2013 1136 2039 sceva
1159 1999 1335 2055 Cupido.

137 2085 230 2131 Sed
267 2085 384 2132 adeo
418 2096 545 2132 totus
583 2085 660 2132 hic
693 2103 751 2132 ex
791 2086 937 2132 heroo
967 2087 1097 2133 venit
1133 2088 1426 2144 hexametro,
1461 2098 1515 2135 ut
1548 2098 1596 2136 et
1617 2111 1651 2132 ιι

136 2162 262 2226 apud
299 2162 571 2208 Homerum
609 2163 740 2208 nullo
771 2162 1026 2210 immutato
1053 2165 1195 2211 verbo
1220 2166 1488 2230 complures
1523 2166 1597 2212 in-

135 2239 386 2285 veniantur
420 2239 621 2303 Priapei,
652 2249 700 2285 et
738 2239 864 2302 apud
895 2240 1166 2303 Virgilium,
1200 2259 1401 2304 quorum
1443 2260 1593 2289 unum

136 2317 186 2363 in
225 2317 475 2381 praesentia
516 2317 780 2381 posuimUS,
813 2315 893 2378 qui
935 2316 1054 2364 forte
1096 2319 1340 2377 succurrit,
1375 2319 1514 2367 credo
1550 2331 1598 2367 et

136 2403 158 2433 Y
169 2393 281 2439 alios
306 2393 504 2439 inveniri
529 2411 666 2457 posse
691 2395 984 2458 complures:

255 2470 337 2509 Cui
357 2484 438 2510 non
460 2470 596 2511 dictus
616 2471 759 2526 Hylas
776 2486 885 2527 puer
907 2477 944 2512 et
965 2472 1147 2512 Lato-nia
1167 2473 1308 2514 Delos.

140 2542 266 2605 quod
304 2553 498 2606 apparet
522 2544 588 2590 ita
612 2563 728 2602 esse,
754 2545 979 2607 quoniam
1007 2546 1072 2592 ita
1097 2546 1239 2609 hujus
1263 2565 1425 2594 versus
1448 2548 1600 2611 exigit

140 2629 321 2677 natura,
359 2629 410 2665 ut
445 2620 566 2666 inter
593 2621 687 2668 duo
712 2633 952 2669 commata
976 2624 1200 2687 exiguam
1237 2625 1598 2689 pronunciando

140 2696 411 2759 interponas
438 2713 636 2743 moram.
704 2697 850 2756 Nam,
1619 2721 1657 2742 η

194 2862 209 2888 ¹⁵
228 2863 367 2910 demus]
393 2863 533 2897 demum
554 2862 599 2897 V.
709 2869 729 2888 V
751 2864 912 2900 Pierides
932 2865 1045 2901 semel
1066 2867 1114 2902 V.
1225 2874 1253 2892 w
1273 2867 1406 2912 altero]
1429 2867 1528 2901 alceo
1548 2867 1597 2903 V.

144 2925 160 2943 Χ
182 2929 345 2952 consecro
364 2916 575 2963 cleda-oque]
601 2917 725 2952 dedico
743 2929 976 2965 consecroque
998 2920 1042 2955 V.
1152 2927 1170 2953 y
1188 2921 1296 2966 alios]
1318 2922 1391 2956 alto
1412 2920 1457 2955 V.
