1962 3355
337 191 434 240 336
806 191 960 238 Atilii
980 189 1323 237 Fortunatiani
1600 203 1709 233 PAR.
1735 203 1788 234 11.

300 330 321 359 4
339 313 592 377 appellant.
652 311 730 358 De
764 312 1030 358 sublatione
1054 319 1301 358 econstant
1325 318 1372 354 et
1396 308 1631 371 positione
1663 308 1789 370 fquae

339 389 450 435 arsis
479 397 526 434 et
560 388 707 434 thesis
733 388 917 444 dicitur,
942 388 1130 434 &Arma
1155 386 1215 441 vi,
1241 402 1299 430 ar
1324 383 1526 430 sublatio
1562 392 1633 429 est
1669 393 1788 429 tem-

338 481 506 528 porum
533 464 696 518 duum,
722 481 797 510 ma
816 464 864 510 vi
887 462 1118 526 depositio
1143 470 1413 524 temporum
1439 459 1603 505 duum.
1641 460 1790 506 Pedes

339 540 418 602 qui
456 557 516 586 ex
551 549 747 602 utraque
782 548 913 603 parte
949 538 1079 600 paria
1110 545 1324 600 tempora
1357 536 1533 581 habent
1564 534 1717 597 ho’ipnoc
1745 545 1791 580 et

340 616 434 673 ἴσοι,
459 615 559 678 iqui
586 615 838 676 inaequalia
861 615 1042 676 πέρισσοι
1068 622 1114 658 et
1138 614 1296 675 πάρισοι
1322 612 1633 676 appellantur.
1694 611 1792 656 De-

338 692 511 755 positio
536 701 620 747 est,
653 708 744 752 qua
775 689 1080 753 J'perspicitur
1105 706 1198 751 qua
1234 689 1390 752 specie
1429 697 1632 734 metrum
1659 687 1793 732 finia-

303 776 429 814 stur.
495 765 822 830 Depositionis
870 783 1040 827 genera
1087 773 1197 810 sunt
1238 774 1486 827 quattuor:
1536 773 1616 810 aut
1663 763 1788 809 enim

339 843 680 890 kacatalectum
719 850 804 898 est,
829 841 1020 903 quando
1045 841 1239 905 plenum
1279 849 1482 886 metrum
1513 840 1608 886 sive
1633 857 1791 886 versus

340 929 436 966 est:
476 929 556 965 aut
579 918 924 973 catalecticum,
951 918 1140 981 quando
1166 918 1346 981 syllaba
1380 917 1536 963 deest:
1575 925 1656 962 aut
1690 917 1794 962 bra-

341 995 739 1058 chycatalectum‚
764 994 955 1057 quando
990 1012 1072 1057 pes
1108 993 1266 1039 deest:
1303 1001 1383 1039 aut
1421 992 1792 1055 (hypercatalec-

340 1072 465 1131 tum)
486 1070 677 1134 quando
696 1088 778 1134 pes
798 1080 845 1116 et
865 1070 1045 1133 syllaba
1064 1069 1208 1116 deest.
1246 1069 1618 1131 (Acatalectum)
1638 1077 1707 1114 est
1726 1076 1794 1121 ut,

681 1148 961 1201 Avetefontes
981 1147 1139 1194 caeruli,

341 1219 436 1265 duo
472 1219 596 1264 enim
635 1220 777 1282 pedes
812 1219 983 1282 integri
1024 1219 1260 1282 integrum
1299 1227 1502 1264 metrum
1536 1216 1794 1270 dederunt;

347 1296 720 1357 (catalecticum)
750 1305 816 1351 ut,

686 1373 767 1418 Qmff
788 1372 847 1412 sic
868 1385 1018 1411 memus
1040 1371 1210 1419 tenellis,

344 1449 523 1511 syllaba
565 1448 696 1495 deest
735 1466 828 1511 quo
868 1449 1024 1494 minus
1065 1448 1299 1494 dimetron
1344 1448 1418 1493 sit.
1478 1447 1797 1511 (Hypercata-

344 1524 542 1587 lectum)
571 1535 636 1582 ut,

693 1601 817 1640 Vallis
829 1614 911 1655 per
932 1601 1051 1649 imas,

308 1688 426 1736 6pes
463 1681 510 1718 et
546 1673 725 1735 syllaba
761 1673 906 1729 deest,
947 1691 1041 1735 quo
1084 1673 1239 1718 minus
1274 1672 1507 1718 dimetron
1549 1672 1622 1718 sit.
1695 1673 1798 1718 Has

345 1766 512 1795 omnes
538 1749 716 1812 species
743 1750 1038 1795 inveniemus
1064 1749 1113 1794 in
1145 1749 1214 1794 his
1248 1749 1424 1804 metris,
1455 1748 1577 1810 lquae
1613 1766 1695 1811 per
1727 1770 1800 1794 συ-

346 1823 484 1886 ζυγίας
508 1825 657 1880 basin,
683 1825 730 1870 id
762 1834 832 1871 est
857 1825 1212 1888 ingressionem,
1240 1825 1429 1871 habent.
1482 1825 1537 1870 In
1565 1824 1800 1887 dactylico

346 1919 469 1956 vero,
496 1904 569 1948 cui
608 1919 694 1947 nec
719 1919 801 1964 pes
834 1919 921 1948 nec
947 1902 1126 1965 syllaba
1156 1910 1310 1964 potest
1335 1902 1382 1946 in
1410 1900 1697 1964 ingressione
1722 1900 1801 1947 de-

346 1996 461 2033 esse,
489 1978 665 2042 quippe
691 1996 798 2024 cum
826 1979 926 2040 ejus
953 1978 1248 2043 simplicibus
1276 1977 1474 2040 pedibus
1500 1978 1664 2024 mbasis
1690 1995 1803 2024 conr

348 2064 454 2111 stet,
475 2073 568 2100 non
588 2055 677 2100 nisi
705 2058 1012 2102 acatalectum
1036 2054 1244 2102 invenire
1267 2054 1553 2117 poterimus:
1591 2054 1696 2100 ideo
1722 2072 1803 2099 au-

348 2139 442 2175 tem
465 2130 699 2193 dactylica
730 2131 826 2177 sola
863 2131 1158 2195 simplicibus
1195 2131 1392 2195 pedibus
1429 2130 1802 2193 ”ingrediuntum

348 2205 572 2267 quoniam
599 2206 815 2269 dactylus
841 2216 886 2252 et
910 2207 1146 2270 spondeus
1183 2206 1504 2268 aequalitatem
1530 2215 1800 2268 temporum

404 2370 420 2390 θ
438 2365 616 2410 constant]
639 2369 775 2399 constat
797 2365 844 2400 V.
955 2364 970 2391 f
988 2380 1008 2412 q
1028 2368 1117 2401 arsis
1137 2366 1188 2412 et]
1212 2378 1277 2412 que
1297 2371 1331 2400 et
1349 2366 1398 2401 V.
1411 2364 1517 2401 Med.
1628 2372 1649 2399 g
1669 2366 1800 2412 Arma]

351 2423 403 2453 est
422 2429 525 2452 arma
545 2417 593 2454 V.
685 2415 705 2442 h
727 2417 945 2466 aptioletici]
969 2420 1122 2454 Vossius
1143 2419 1239 2467 apud
1262 2418 1415 2454 Santen.
1437 2418 1482 2454 ad
1503 2419 1657 2455 Terent.
1679 2419 1801 2454 Maur.

351 2484 387 2520 p.
402 2482 466 2519 92.
482 2471 729 2518 Ἀρτιοληκτικοὶ
749 2479 786 2506 et
806 2484 890 2506 mox
909 2474 1048 2519 πάρισοι.
1140 2473 1144 2494 ³
1167 2474 1226 2518 qui
1247 2473 1428 2517 {nequalia
1445 2473 1573 2518 perissi
1591 2478 1626 2507 et
1642 2473 1799 2519 paricoi]

353 2536 421 2571 quo
442 2524 622 2570 inequalicz
639 2525 795 2570 pepissos
816 2529 850 2558 et
867 2526 1009 2570 paricos
1029 2525 1074 2561 V.
1238 2522 1249 2558 j
1268 2525 1501 2571 perspicitur]
1519 2527 1738 2572 prospicitur
1759 2526 1802 2560 V.

351 2576 373 2603 k
393 2580 628 2620 ἀκατάληπτον
645 2580 696 2611 est
717 2578 897 2622 quandum
923 2579 1071 2624 plenum
1099 2582 1249 2612 metrum
1269 2579 1341 2613 sive
1370 2590 1490 2613 versus
1519 2583 1580 2614 est.
1611 2584 1675 2613 aaz
1695 2594 1805 2613 κατα-

352 2637 500 2672 ληκτικον
520 2635 571 2664 est
600 2634 639 2664 ut
666 2635 768 2665 avete
786 2629 913 2677 fontes
933 2632 1084 2666 caerulei.
1116 2632 1186 2665 cluo
1213 2632 1302 2665 enim
1330 2632 1437 2677 pedes
1465 2632 1598 2677 integri
1627 2633 1804 2678 integrum

354 2687 503 2718 metrum
525 2683 698 2717 dederunt
717 2684 935 2725 καταλητικὲν
958 2688 995 2718 ut
1017 2685 1075 2730 qui
1097 2696 1221 2718 manus
1251 2685 1389 2719 tenellis
1408 2686 1503 2719 deest
1524 2696 1592 2730 qno
1610 2686 1726 2719 minus
1748 2685 1804 2718 (Ii-

354 2741 503 2771 metrum
525 2737 572 2770 sit
590 2736 877 2782 ypercatalecton
898 2737 1003 2771 vallis
1027 2749 1093 2784 per
1122 2738 1209 2771 imas
1235 2750 1296 2783 pes
1316 2742 1366 2772 est
1395 2737 1536 2784 syllaba
1556 2738 1650 2772 cleesl
1671 2739 1805 2784 quomi-

353 2802 420 2824 nus
439 2790 613 2824 (limetron
633 2790 690 2824 sil.
739 2789 819 2823 Has
838 2790 904 2824 διο.
1078 2787 1088 2814 ¹
1110 2802 1175 2837 qne
1200 2802 1265 2836 per
1285 2793 1437 2836 ‹rzsg'wyzag
1458 2791 1707 2836 ingressionem
1738 2790 1803 2824 lm-

357 2843 437 2877 bent
457 2842 502 2876 V.
620 2846 645 2862 ¹¹‘
668 2842 757 2876 basis
777 2847 910 2877 constet
931 2854 998 2876 non
1021 2844 1088 2878 nisi
1107 2844 1345 2878 “catalectum
1369 2845 1526 2878 invenire
1547 2843 1590 2877 V.
1715 2847 1729 2862 ¹‘¹
1752 2844 1806 2877 iu-

352 2894 583 2941 grecliuntur]
608 2896 827 2940 ingredimur
847 2895 891 2930 V.
