1962 3355
145 212 252 243 CAP.
277 207 292 243 l
311 206 349 242 1.
708 196 791 242 De
814 196 1041 243 Pedibus.
1538 206 1598 253 59

144 326 196 363 ut
222 317 467 364 Homerus
484 337 498 363 :
537 335 735 379 sequens
760 317 943 363 duabus
969 326 985 346 ⁶
1004 317 1223 379 utrinque
1264 316 1414 379 longis
1442 317 1597 362 media

141 394 269 439 brevi
302 402 572 457 temporum
609 394 820 456 quinque
856 394 1089 449 scribitur,
1116 411 1220 455 quae
1247 393 1402 438 Graeci
1430 394 1597 453 κρητικὰ

140 478 326 527 vocant,
352 480 402 516 ut
428 471 681 517 Eumenes.
753 470 967 532 Uterque
1007 479 1163 515 autem
1201 487 1226 514 a
1251 468 1596 531 compositione

141 555 410 610 temporum
432 548 715 593 vocabulum
744 548 900 593 traxit.
974 546 1164 591 Horum
1189 544 1319 590 Arsis
1346 562 1399 590 ac
1423 544 1594 590 Thesis

141 623 280 686 longe
317 623 439 669 inter
480 641 528 669 se
562 623 845 686 discrepant.
933 623 1062 668 Nam
1106 620 1508 683 damphibrachus
1548 620 1594 665 in

139 698 296 763 triplo,
312 700 611 757 creticus‚cui
629 700 686 745 de
706 708 846 762 gente
865 698 1121 744 inventoris
1139 714 1316 743 nomen
1333 706 1418 751 est,
1436 696 1481 742 in
1503 714 1596 742 ses-

141 775 282 838 cuplo
317 784 567 839 pensatur:
607 775 664 821 de
689 793 847 838 quare
878 775 922 821 in
964 774 1282 837 superioribus
1319 773 1593 837 plenissime

139 850 318 898 dictum
347 862 429 898 est.
490 853 602 899 Hoc
626 852 746 917 pede
776 853 1072 915 θέπορχήματα
1098 851 1392 896 constabant.
1463 850 1593 896 Inter
1615 867 1628 888 2

140 927 241 974 haec
267 946 325 974 ne
350 930 584 993 quispiam
613 948 697 975 nos
724 938 804 975 aut
829 928 1123 991 ignoratione
1142 935 1223 972 aut
1248 926 1426 972 incuria
1451 925 1594 989 fprae-

140 1004 319 1050 teriisse
357 1005 550 1052 forsitan
590 1015 740 1070 putet,
777 1004 902 1068 quod
946 1022 1028 1067 per
1068 1003 1348 1049 divisionem
1392 1012 1440 1048 et
1481 1021 1592 1049 con-

130 1081 428 1143 junctionem
469 1083 588 1129 iuter
620 1101 667 1129 se
703 1092 970 1145 temporum
1000 1090 1046 1127 et
1077 1079 1331 1141 gdisyllabi
1367 1079 1510 1142 pedes
1544 1079 1590 1124 in

139 1159 300 1204 metris
336 1160 668 1216 extendantur,
700 1159 932 1223 trisyllabi
972 1158 1041 1203 vel
1080 1156 1373 1218 tetrasyllabi
1407 1164 1592 1201 contra-

140 1233 327 1292 hantur,
363 1234 527 1297 hquod
570 1254 710 1299 supra
751 1235 923 1281 cursim
966 1233 1114 1292 attigi,
1152 1231 1458 1295 repetendum
1501 1232 1592 1277 hoc

137 1310 272 1355 nobis
313 1309 612 1357 iexistimavi.
698 1311 827 1356 Nam
866 1309 1098 1356 ktrochaei
1132 1326 1212 1354 scu
1240 1308 1383 1353 iambi
1422 1307 1590 1371 llonga

137 1385 184 1432 in
225 1386 340 1432 duas
378 1389 539 1433 breves
580 1388 729 1434 divisa
775 1387 1115 1433 Intribrachum
1158 1385 1326 1447 pedem
1371 1384 1592 1430 efficient.

135 1463 387 1526 ”Adaeque
433 1464 481 1510 in
528 1464 752 1528 spondeo,
790 1465 942 1510 soluta
983 1463 1029 1509 in
1072 1464 1232 1508 breves
1281 1461 1406 1524 prior
1447 1461 1592 1523 longa

137 1550 444 1604 anapaestum,
470 1559 669 1604 sequens
707 1541 982 1604 Odactylum
1027 1539 1305 1604 procreabit.
1379 1538 1591 1599 Utraque

136 1626 292 1663 autem
334 1617 481 1664 divisa
517 1618 874 1681 tetrasyllabum
914 1636 938 1663 e
974 1625 993 1654 P
1010 1625 1233 1679 quattuor
1272 1615 1509 1671 brevibus,
1544 1614 1591 1659 id

135 1703 221 1749 est,
264 1694 786 1741 ‘lProceleusmaticum
837 1693 1005 1758 pedem
1056 1693 1255 1746 dabunt,
1303 1692 1383 1754 qui
1433 1708 1591 1736 rursus

135 1780 298 1817 contra
350 1772 658 1818 rconsociatis
705 1772 826 1817 inter
873 1789 920 1816 se
966 1771 1186 1817 brevibus
1245 1768 1300 1815 ad
1360 1768 1589 1829 originem

134 1855 435 1902 Srevertetur‚
461 1848 507 1894 id
544 1858 629 1905 est,
655 1848 916 1911 spondeum
956 1846 1257 1892 reformabit:
1295 1844 1421 1907 quod
1457 1861 1591 1905 aeque

135 1924 149 1951 t
167 1923 384 1987 dactylus
409 1933 456 1970 et
481 1934 760 1987 auapaestus‚
788 1923 1004 1969 brevibus
1031 1923 1124 1968 suis
1156 1923 1201 1967 in
1229 1922 1416 1984 longam
1446 1938 1591 1983 copu-

1609 1334 1627 1362 3
1632 1336 1651 1356 0

135 1999 256 2053 latis,
282 2000 489 2046 efficient
527 2001 801 2047 molossum.
862 1999 988 2045 Eum
1017 2017 1206 2062 quoque
1230 1998 1375 2044 trium
1410 2006 1642 2051 utem-3.

136 2076 424 2139 syllaborum
452 2087 696 2141 parentem
724 2076 898 2140 pedum
926 2076 1015 2121 Win
1041 2084 1266 2139 promptu
1293 2083 1363 2120 est
1383 2091 1586 2119 cernere.

186 2269 203 2289 ⁰
223 2261 415 2311 utrinque]
448 2261 595 2311 utrique
623 2262 662 2297 P.
856 2257 875 2286 d
894 2258 1211 2308 Amphibrachus]
1236 2255 1522 2306 Ampliibracliis
1548 2257 1586 2292 P.

133 2324 150 2344 θ
170 2316 384 2363 ἐπορχῆματα
404 2316 644 2362 constabant]
670 2326 947 2361 επορχηματασοΝ
970 2314 1008 2349 Ρ.
1136 2310 1152 2337 f
1169 2310 1407 2361 praeteriisse]
1434 2319 1586 2359 praeter-

133 2370 206 2406 isse
225 2370 264 2406 P.
340 2376 361 2404 g
381 2368 604 2418 dissyllabis]
631 2367 800 2416 disyllabi
820 2368 861 2403 P.
936 2365 955 2392 h
974 2365 1092 2414 quod]
1116 2378 1196 2414 quae
1218 2366 1257 2401 P.
1327 2362 1337 2389 i
1358 2362 1582 2410 existimavi]

131 2423 313 2459 aestiniavi
332 2423 373 2459 P.
395 2424 451 2459 ed.
470 2424 575 2458 Cain.
667 2419 687 2447 k
711 2419 880 2467 trochaei]
906 2419 1046 2455 trochei
1070 2420 1109 2455 P.
1205 2416 1215 2443 l
1236 2417 1364 2467 longa]
1393 2417 1522 2465 longas
1544 2418 1586 2453 P.

131 2482 164 2502 m
182 2476 427 2525 tribrachum]
457 2475 666 2525 tribrachyn
696 2475 735 2510 P.
936 2480 957 2499 n
977 2472 1156 2521 Adaeque]
1192 2480 1334 2520 ataeque
1356 2472 1394 2507 Ρ.
1436 2471 1587 2519 adaeque

130 2528 290 2566 correxit
309 2528 553 2566 Camerarius.
709 2534 727 2554 ⁰
748 2527 954 2576 dactylum]
977 2525 1152 2562 dactilum
1175 2526 1215 2561 P.
1368 2531 1388 2558 P
1408 2524 1583 2573 quatuor]

130 2591 306 2633 quattuor
327 2583 367 2619 P.
477 2590 497 2617 q
517 2580 909 2631 proceleusmaticum]
936 2578 1287 2629 proceleumaticum
1310 2579 1350 2614 P.
1461 2584 1476 2602 Γ
1495 2590 1584 2613 con-

128 2635 295 2684 sociatis]
321 2649 407 2672 nam
428 2636 577 2672 sociatis
598 2635 638 2670 P.
726 2640 740 2659 s
761 2634 979 2680 revertetur]
1004 2641 1206 2668 revertatur
1226 2632 1266 2668 P.
1365 2634 1374 2653 t
1396 2630 1580 2680 dactylus]

128 2688 285 2725 dactilus
304 2689 343 2725 P.
473 2696 493 2715 u
515 2687 851 2737 tetrasyllaborum]
877 2686 1195 2736 tetrasyllabarum
1219 2686 1257 2721 P.
1386 2691 1414 2709 w
1435 2697 1583 2732 promp-

129 2743 227 2789 tum]
250 2742 507 2792 inpromptum
529 2743 571 2778 P.

186 2878 246 2913 28.
276 2877 492 2924 ὑπορχήματα
521 2877 741 2912 Nunnesius
768 2889 826 2926 ap.
932 2887 991 2922 29.
1013 2872 1210 2920 aestimavi]
1237 2872 1337 2921 Lege
1353 2871 1578 2919 repetendum

131 2931 286 2967 Santen.
308 2930 354 2966 ad
373 2931 529 2967 Terent.
550 2930 676 2966 Maur.
698 2943 732 2979 p.
749 2940 814 2977 97.
886 2930 949 2964 hcc·
970 2929 1067 2963 nobis
1085 2928 1294 2963 existinmvi.
1327 2923 1525 2959 CAMER.

950 3000 1020 3036 12
