1962 3355
167 206 276 237 CAP.
302 201 346 247 9.
652 190 736 235 De
760 190 879 236 Arsi
901 197 948 236 et
978 191 1131 236 leesi.
1558 202 1607 239 51

164 311 498 355 tconsonantes
535 309 711 356 litteras
749 311 878 356 velut
916 311 1200 372 quibusdam
1231 312 1475 357 elementis
1512 329 1618 357 coa-

163 384 257 430 litae
294 401 613 446 connexaeque
653 385 932 441 formantur,
971 387 1203 448 certisque
1242 387 1502 432 secundum
1541 396 1621 433 aut

162 468 377 505 naturam
421 469 503 505 aut
541 461 823 523 positionem
871 462 1054 523 legibus
1106 463 1268 525 positae
1308 463 1467 526 pedes,
1509 481 1616 508 cum

161 535 283 581 inter
318 554 366 581 se
404 537 721 598 geminantur,
761 555 844 600 per
878 538 1017 583 Arsin
1057 548 1103 583 et
1137 537 1315 583 Thesin
1356 538 1621 600 gradientes

159 619 452 674 vprocreant,
472 613 645 673 quibus
671 622 931 658 metrorum
959 613 1112 657 omnis
1139 613 1258 658 ratio
1284 612 1404 658 inter
1428 631 1475 658 se
1500 630 1621 675 prze-

162 687 295 732 finita
322 687 581 747 subsistat,)
602 706 894 751 consequens
914 706 1015 734 reor
1033 688 1161 751 prius
1179 688 1236 733 de
1255 688 1360 733 Arsi
1388 706 1442 734 ac
1460 688 1621 744 Thesi,

161 762 207 807 id
244 771 328 818 est,
362 762 419 807 de
456 763 633 808 alterna
666 764 950 826 syllabarum
990 764 1254 808 sublatione
1287 782 1340 809 ac
1374 764 1621 826 positione,

160 838 332 900 quibus
369 838 511 901 pedes
548 839 595 884 in
632 840 796 885 metris
832 839 1050 884 nituntur
1079 848 1218 901 atque
1251 839 1527 893 formantur,
1553 839 1621 885 di·-

161 931 293 960 cere:
329 931 382 960 ac
407 914 631 977 deinceps
656 914 832 978 pedum
860 915 1092 960 rationem
1119 914 1282 977 paucis
1308 932 1556 977 exponere.

227 989 357 1035 Arsis
378 990 521 1053 igitur
539 1008 591 1036 ac
606 990 774 1036 Thesis
799 1007 915 1051 quas
933 990 1087 1036 Graeci
1108 990 1290 1045 dicunt,
1310 990 1356 1035 id
1377 1000 1447 1035 est
1466 991 1620 1036 subla-
1642 1009 1657 1029 2

161 1065 229 1110 tio
254 1074 301 1111 et
326 1066 513 1128 positio,
539 1066 808 1128 significant
833 1065 965 1128 pedis
992 1075 1193 1110 motum.
1230 1065 1318 1110 Est
1342 1066 1467 1110 enim
1490 1066 1620 1111 Arsis

161 1142 365 1197 sublatio
407 1141 540 1204 pedis
589 1142 688 1187 sine
732 1159 877 1194 sono;
913 1140 1080 1185 Thesis
1123 1140 1296 1202 positio
1338 1141 1470 1203 pedis
1509 1160 1616 1187 cum

163 1233 291 1262 sono.
329 1217 470 1272 Item,
487 1217 658 1262 WArsis
678 1227 748 1262 est
766 1217 905 1262 elatio
923 1217 1166 1278 temporiS,
1184 1217 1300 1269 soni,
1316 1218 1440 1262 vocis
1459 1236 1468 1263 z
1495 1218 1621 1264 The-
1640 1238 1657 1265 3
1722 1229 1729 1243 ³

162 1290 239 1344 sis,
265 1291 498 1353 depositio
524 1301 569 1337 et
594 1291 810 1353 quaedam
846 1292 1105 1337 contractio
1131 1292 1434 1353 syllabarum.
1489 1293 1619 1338 Nam

163 1366 211 1411 in
242 1367 518 1430 pyrrhichio
550 1367 732 1412 tollitur
768 1368 911 1413 altera
937 1367 1104 1420 brevis,
1136 1367 1280 1413 altera
1317 1368 1535 1430 ponitur:
1574 1370 1620 1415 in

163 1442 373 1505 spondeo
398 1459 586 1504 quoque
608 1442 812 1488 vicissim
841 1443 979 1504 longa
1005 1443 1186 1488 tollitur
1213 1460 1265 1488 ac
1302 1444 1494 1505 ponitur
1530 1446 1622 1507 syl-

162 1519 282 1564 laba.
352 1519 581 1565 Trochaeo
605 1528 761 1564 autem
791 1527 837 1564 et
872 1519 1031 1564 iambo
1057 1518 1288 1563 contraria
1316 1519 1436 1564 inter
1465 1538 1511 1565 se
1549 1538 1619 1566 ra-
1640 1540 1660 1567 4

162 1594 228 1639 tio
248 1604 343 1640 est:
380 1596 570 1641 alterius
590 1595 714 1641 enim
743 1596 871 1658 prius
899 1596 1039 1656 longa
1058 1594 1253 1650 tollitur,
1273 1594 1447 1640 dehinc
1469 1597 1618 1641 brevis

162 1670 378 1732 ponitur:
417 1671 607 1717 alterius
645 1671 905 1717 secundum
951 1687 1083 1716 suam
1121 1670 1273 1732 legem
1318 1670 1440 1716 sicut
1481 1689 1621 1734 supra

160 1745 273 1791 dicti
304 1746 479 1792 ordinis
517 1747 812 1793 immutatur.
884 1747 940 1792 In
971 1747 1162 1808 dactylo
1188 1764 1296 1791 vero
1321 1746 1503 1791 tollitur
1527 1765 1619 1792 una
1640 1765 1656 1795 5

162 1820 318 1883 longa,
366 1832 608 1884 ponuntur
643 1822 747 1868 (luae
791 1824 978 1867 breves:
1033 1822 1082 1867 in
1125 1830 1395 1883 Xanapaesto
1443 1832 1620 1877 contra,

162 1896 284 1942 sicut
324 1897 372 1942 in
408 1897 614 1943 trochaeo
647 1907 693 1943 et
733 1898 892 1943 iambo
934 1897 1243 1942 ostendimus,
1313 1898 1534 1943 ''Etenim
1574 1898 1659 1943 in6

162 1972 458 2034 simplicibus
495 1972 694 2035 pedibus
721 1973 850 2017 Arsis
888 1990 940 2017 ac
963 1972 1152 2027 Thesis,
1179 1982 1259 2017 aut
1296 1973 1515 2035 simplici,
1541 1985 1620 2019 aut

160 2047 355 2110 duplici,
395 2057 475 2093 aut
523 2047 725 2110 sescupli
768 2047 946 2093 ratione
985 2056 1187 2092 taxatur.
1254 2048 1318 2092 Et
1356 2048 1403 2092 in
1448 2049 1620 2111 simplo

161 2122 354 2185 quidem
376 2131 513 2168 erunt
535 2123 877 2185 zpyrrhichius,
903 2122 1159 2185 spondeUS,
1180 2122 1413 2186 dactyluS‚
1437 2141 1621 2186 anapae-

161 2206 284 2244 stus:
325 2199 495 2244 horum
523 2199 648 2243 enim
685 2215 767 2260 par
795 2206 865 2243 est
891 2197 1145 2243 sublationi
1172 2199 1360 2260 positio,
1384 2217 1492 2245 cum
1518 2208 1618 2244 tan-
1642 2214 1656 2245 7

159 2271 358 2317 tundem
384 2289 528 2317 morae
554 2271 600 2316 in
627 2270 828 2317 duarum
863 2272 1076 2317 brevium
1114 2272 1362 2335 positione,
1386 2282 1616 2335 quantuni

161 2347 208 2392 in
232 2347 373 2393 unius
399 2349 551 2410 longae
578 2347 844 2392 sublatione
873 2348 1116 2392 habeatur.
1188 2348 1246 2392 In
1271 2347 1419 2411 duplo
1445 2358 1620 2405 autem,

160 2422 362 2480 iambus,
419 2424 698 2478 atrochaeus,
744 2423 1056 2476 btribrachus,
1114 2423 1376 2468 molossus:
1448 2424 1615 2469 horum
1638 2439 1656 2467 8

159 2500 286 2546 enim
315 2500 493 2563 duplex
522 2500 741 2554 sublatio,
768 2499 971 2561 simplex
998 2499 1170 2561 positio
1195 2507 1279 2555 est,
1316 2500 1413 2544 cvel
1441 2510 1618 2546 contra.

213 2674 227 2700 t
246 2675 514 2720 consonantes]
537 2673 779 2709 consonantis
800 2673 840 2708 P.
1038 2681 1057 2698 V
1078 2674 1292 2721 procreant]
1318 2682 1558 2722 procreantur
1579 2675 1616 2708 P.

159 2733 187 2751 w
207 2726 309 2762 Arsis
328 2728 402 2774 est]
427 2727 526 2763 Arsis
542 2727 581 2762 P.
743 2733 763 2751 x
782 2727 999 2777 Anapaesto]
1025 2728 1215 2775 Auapesto
1236 2727 1275 2762 P.
1439 2734 1458 2761 y
1479 2728 1528 2762 Et
1549 2727 1614 2772 ita]

160 2778 313 2815 Etenim
335 2780 374 2814 P.
521 2787 537 2805 Z
558 2779 784 2825 Pvrrichius]
810 2780 1026 2822 Pvrricheus
1046 2780 1084 2815 P.
1241 2785 1260 2805 a
1279 2779 1497 2824 Trochaeus]
1520 2779 1615 2814 Tro-

161 2832 273 2866 cheus
299 2831 342 2867 P.
516 2830 536 2857 b
556 2822 798 2878 T'ribrachus]
821 2822 1047 2882 Tribracliys
1068 2833 1109 2867 P.
1298 2839 1314 2858 0
1335 2840 1371 2867 et
1391 2832 1537 2876 contra]
1562 2830 1616 2865 vel

161 2892 290 2920 contra
310 2884 349 2919 P.

846 2957 935 2992 H2
