1962 3355
92 191 196 222 CAP.
224 185 266 222 8.
631 176 714 222 De
739 176 988 239 dactylico.
1445 183 1542 230 339

90 306 288 361 perunt:
326 306 372 343 et
394 305 504 343 sunt
528 297 646 354 haec,
669 297 976 360 dactylicum,
997 295 1350 359 anapaesticum‚
1375 294 1543 340 iambi-

91 391 218 429 cum,
242 373 554 430 trochaicum,
589 373 794 419 ionicum
829 371 885 418 ha
922 372 1112 434 majore,
1149 371 1355 416 ionicum
1394 388 1420 416 a
1457 371 1543 416 mi-

90 468 217 507 nore,
241 449 632 506 choriambicum,
668 448 1058 512 antispasticum:
1098 447 1169 492 his
1200 446 1392 508 quidam
1428 446 1544 507 adji-

89 526 226 571 ciunt
250 526 722 588 proceleusmaticum
749 534 796 570 et
821 524 1106 588 paeonicum,
1125 541 1229 585 quae
1253 532 1452 586 possunt
1479 523 1545 569 vi-

89 602 187 648 deri
212 601 324 647 inon
362 603 483 648 intcr
518 611 771 665 prototypa
808 600 1042 664 ponenda,
1069 599 1150 646 sed
1184 600 1304 645 inter
1335 600 1413 644 illa
1439 617 1544 661 quee

91 695 149 723 ex
186 680 452 742 prototypis
482 687 752 735 naseuntur,
777 677 856 724 sed
893 695 977 723 uos
1012 686 1120 741 post
1154 685 1262 722 octo
1294 684 1544 739 prototypa

92 754 194 801 haec
218 754 313 800 duo
337 755 698 818 conjungemus.

437 937 569 988 CAP.
595 936 758 987 VIII.
830 937 912 988 De
940 936 1208 1005 dactylico.

158 1046 466 1109 Dactylicum
506 1055 710 1093 metrum
738 1046 917 1093 dictum
945 1045 1072 1108 quod
1101 1062 1160 1090 ex
1196 1045 1418 1090 omnibus
1443 1044 1551 1089 dac-

92 1123 203 1185 tylis
229 1132 431 1179 constat,
450 1123 530 1168 sed
557 1124 726 1169 melius
753 1131 889 1168 sonat
912 1120 1101 1167 kversus
1120 1120 1381 1183 dactylicus
1407 1121 1546 1166 hexa-

93 1208 242 1244 meter
266 1199 302 1244 si
328 1200 629 1244 catalecticus
655 1200 752 1252 fiat,
779 1198 870 1244 hoc
894 1206 965 1243 est
989 1197 1025 1242 si
1052 1196 1342 1260 disyllabum
1380 1196 1547 1260 pedem

92 1274 139 1320 in
168 1275 338 1320 ultimo
365 1274 551 1331 habeat,
579 1289 629 1320 ut
655 1284 740 1328 est,

261 1351 318 1390 At
339 1351 437 1390 tuba
459 1351 683 1391 terribilem
705 1351 886 1390 sonibmn
903 1350 1053 1404 procul
1073 1363 1153 1389 σενα
1173 1363 1336 1389 canoro.

93 1422 184 1468 sed
218 1422 451 1469 admissus
488 1423 535 1468 in
571 1423 843 1469 societatem
880 1421 1055 1484 dactyli
1095 1421 1348 1485 spondeus,
1373 1421 1550 1466 scilicet

91 1509 284 1562 propter
311 1510 580 1563 temporum
620 1499 822 1545 similem
861 1507 1163 1562 potestatem,
1197 1497 1395 1544 heroum
1428 1498 1552 1544 fecit.

91 1575 276 1622 Volunt
295 1576 423 1622 enim
446 1577 643 1623 heroum
671 1576 752 1622 illo
777 1575 951 1622 distare
976 1593 1001 1620 a
1020 1574 1274 1637 dactylico,
1293 1574 1420 1636 quod
1447 1573 1553 1620 dac·
1578 1597 1589 1614 ε

94 1651 266 1714 tylicus
305 1671 363 1698 ex
411 1653 604 1716 dactylo
644 1653 743 1698 solo
791 1652 865 1708 sit,
914 1652 1083 1697 herous
1136 1660 1183 1696 et
1229 1667 1286 1696 ex
1329 1650 1554 1713 spondeo.

94 1727 467 1775 ¹Hexametrum
508 1740 665 1775 autem
693 1739 739 1774 et
766 1729 962 1774 heroum
996 1727 1162 1772 volunt
1194 1727 1251 1772 ab
1277 1744 1332 1771 eo
1357 1726 1555 1781 dictum,

97 1805 167 1850 vel
193 1805 321 1866 quod
348 1806 545 1851 heroum
571 1806 695 1851 facta
721 1805 903 1867 primus
930 1802 1174 1848 Homerus
1205 1802 1295 1847 hoc
1320 1819 1454 1847 versu
1482 1820 1556 1847 ce-

95 1880 277 1936 cinerit,
302 1881 373 1926 vel
407 1881 533 1942 quod
571 1881 918 1926 vetustissimus
951 1889 998 1925 et
1034 1889 1141 1925 ante
1173 1896 1338 1924 omnes
1373 1879 1553 1942 primus

98 1956 176 2002 hic
234 1956 373 2002 fucrit
419 1975 594 2012 versus,
646 1958 855 2015 (heroica
897 1958 1023 2002 cuim
1067 1966 1224 2002 vetera
1271 1964 1317 2001 et
1361 1956 1554 2018 antiqua

96 2033 353 2092 dixerunt)
381 2034 450 2078 vcl
480 2033 604 2095 quod
631 2034 721 2079 hoc
744 2051 916 2097 magna
939 2044 986 2079 et
1011 2033 1165 2078 sobria
1189 2040 1477 2087 mentiantur,
1503 2043 1555 2078 ut

98 2110 262 2155 heroes
300 2110 458 2172 magni
497 2120 544 2155 et
580 2110 738 2156 sobrii.
808 2110 942 2155 Idem
970 2118 1017 2155 et
1041 2108 1203 2172 epicus
1228 2107 1402 2154 dicitur
1426 2108 1550 2170 quod
1573 2148 1578 2154 .

97 2203 368 2232 sermonum
408 2204 584 2250 capax:
623 2196 669 2232 et
693 2185 819 2249 quod
857 2204 940 2249 per
974 2185 1073 2246 ejus
1111 2183 1252 2247 pedes
1290 2184 1553 2247 simplicius

97 2272 145 2308 et
168 2262 351 2308 facilius
376 2263 518 2308 verba
543 2273 652 2309 eant
684 2272 824 2326 atque
860 2262 1142 2308 ndecurrant
1169 2260 1245 2306 ἀπὸ
1276 2267 1344 2307 τοῦ
1379 2261 1553 2307 ἕπεσθαι.

100 2338 247 2385 Hunc
278 2338 465 2384 Ennius
505 2339 700 2401 longum
734 2349 885 2393 vocat,
919 2339 1073 2385 Graeci
1110 2338 1412 2394 ⁰Deliacum‚
1444 2339 1554 2399 quia

100 2414 190 2460 hoc
226 2431 395 2477 genere
433 2415 706 2462 Phemonoe
742 2415 979 2479 Apollinis
1017 2425 1145 2461 vates
1178 2415 1432 2461 vaticinata
1469 2424 1553 2469 est,

152 2582 172 2608 h
191 2596 214 2618 α
236 2583 448 2629 majore-a
471 2587 621 2632 minore]
645 2588 707 2621 ἀπὸ
726 2589 977 2633 μείζῡνος-ἀπ’
995 2589 1168 2627 ἐλάσσονος
1187 2587 1235 2621 V.
1345 2583 1355 2610 i
1377 2598 1444 2620 non
1464 2587 1555 2620 inter

95 2637 309 2684 prototypa]
336 2636 447 2672 Addit
468 2638 513 2672 V.
531 2641 710 2685 ponenda,
732 2642 793 2675 sed
822 2642 915 2676 inter
946 2641 1009 2674 illa
1029 2652 1096 2687 que
1115 2652 1156 2674 effi
1174 2641 1376 2686 prototypis
1403 2651 1554 2673 ‘nascun-

102 2697 172 2733 ίαν,
193 2691 253 2725 sed
272 2702 335 2724 nos
350 2696 432 2736 post
451 2695 528 2726 octo
543 2698 752 2739 prototypa.
873 2691 895 2718 k
915 2693 1128 2740 dactylicus]
1151 2704 1272 2728 versus
1291 2692 1488 2738 dactylicus
1506 2691 1553 2725 V.

100 2742 111 2769 l
130 2743 394 2789 hexametrum]
419 2748 454 2778 et
475 2744 719 2780 hexametrum
736 2746 781 2780 V.
803 2746 905 2781 Med.
1066 2753 1097 2771 m
1117 2746 1313 2791 canantur]
1338 2749 1492 2780 canatur
1510 2744 1554 2778 V.

102 2802 118 2818 ¹¹
136 2797 349 2843 decurrant]
367 2796 478 2831 Addit
492 2797 536 2831 V.
553 2813 784 2833 ano-rovensem
801 2798 847 2845 (f.
861 2800 924 2834 ἀπὸ
944 2804 998 2834 τοῦ
1014 2798 1150 2834 ἕπεσθαι
1168 2811 1200 2834 ν.
1217 2798 1341 2834 Schol.
1361 2797 1554 2845 Hephaest.

101 2862 133 2886 c.
158 2852 210 2896 7.)
367 2856 385 2875 ⁰
404 2849 600 2898 dehac-am]
623 2851 832 2887 (lelicz'acum
854 2852 901 2887 V.
927 2852 1143 2899 Delphicum
1163 2849 1351 2887 Fabricius
1371 2848 1468 2885 Bibl.
1490 2850 1555 2884 Gr.

106 2903 134 2939 Γ
139 2932 148 2940 .
171 2904 199 2939 1.
222 2916 256 2952 p.
280 2914 364 2951 154.

762 2977 905 3012 xx2
