1962 3355
136 234 242 266 cAP.
267 230 340 267 12.
730 219 812 264 De
836 217 1028 264 Metris,
1524 214 1588 273 69

136 358 256 395 mur,
283 341 474 404 syllabis
498 340 656 405 pedes,
689 339 890 402 pedibus
917 354 1118 390 versum,
1143 341 1436 382 tconnexum
1470 335 1590 380 inter

136 434 184 462 se
200 416 280 477 jus
301 417 517 462 omnium
541 416 814 480 reperimus.
852 412 1274 466 Quemadmodum
1295 429 1402 458 cum
1424 412 1590 475 pedale
1609 423 1647 452 28

134 493 208 538 vel
234 492 349 537 libra
375 493 568 538 metitur
592 491 784 554 aliquid,
809 499 880 536 est
904 490 948 535 in
982 490 1075 535 illis
1113 489 1266 544 uncia,
1291 498 1360 533 θεῖ
1385 487 1592 533 semiun-

136 568 222 623 cia,
259 577 330 613 est
365 567 556 630 digitus,
580 568 651 613 vel
691 568 748 613 ab
785 584 840 612 eo
877 566 1034 611 minus
1065 565 1329 628 quippiam,
1359 581 1443 627 per
1475 582 1590 626 quas

134 644 460 706 portiunculas
497 645 651 707 ipsum
691 641 859 705 pedem
887 649 1224 704 computamus
1250 649 1297 685 et
1321 639 1507 695 libram,
1533 639 1592 684 si-

136 718 235 764 mili
265 719 405 764 modo
424 727 631 765 metrum
651 718 738 764 erit
757 727 803 763 et
822 718 868 762 in
888 725 1119 780 tempore,
1136 715 1248 762 etin
1266 715 1462 778 syllaba,
1477 724 1522 761 et
1543 715 1588 761 in

134 795 270 859 pede,
296 795 375 841 sed
396 795 650 841 minimum
680 802 901 850 metrum,
920 802 1109 856 tempus
1130 792 1176 838 id
1202 801 1287 846 est,
1307 791 1458 837 brevis
1478 792 1593 855 vsyl-

136 871 242 917 laba
267 871 369 928 erit,
395 871 547 932 majus
574 870 698 933 quod
726 887 785 916 ex
821 869 1006 915 duobus
1038 869 1348 932 temporibus,
1373 886 1398 913 θ
1421 868 1591 929 uneis

136 957 183 993 et
218 966 299 1011 pes
336 948 492 994 stabit.
560 948 667 994 Nec
705 948 860 994 minus
895 964 979 1010 pro
1010 954 1162 992 metro
1185 945 1453 1007 frequenter
1478 944 1592 991 colis
1611 968 1651 1000 29

136 1025 333 1080 utimur,
358 1042 468 1070 cum
504 1024 741 1085 xaliquam
767 1024 906 1069 odem
938 1022 1249 1086 compositam
1278 1029 1359 1067 aut
1382 1037 1439 1066 ex
1477 1028 1594 1066 stro-

136 1100 232 1163 phe
280 1110 360 1146 aut
403 1100 697 1163 antistrophe
742 1108 762 1138 Υ
774 1108 854 1145 aut
894 1098 1047 1162 epodo
1090 1098 1314 1143 metimur
1350 1114 1434 1160 per
1473 1097 1590 1143 cola.

136 1178 341 1223 Carmen
367 1194 475 1221 vero
501 1176 655 1239 ipsum
684 1176 893 1221 versibus
919 1174 1229 1220 aestimamus.

204 1251 363 1298 Metra
388 1260 544 1297 autem
572 1251 734 1297 omnia
769 1259 1020 1312 unattuor
1051 1249 1204 1295 modis
1235 1249 1489 1303 variantur,
1515 1248 1595 1294 ad-
1611 1270 1653 1299 30

128 1327 353 1388 jectione,
400 1327 707 1384 detractione,
753 1326 1167 1382 transmutatione,
1215 1325 1593 1371 concinnatione.

137 1403 212 1450 Ita
237 1405 358 1450 fiunt
384 1404 751 1450 innumerabiles
789 1404 966 1466 species
991 1412 1103 1449 ortae
1128 1420 1186 1449 ex
1221 1404 1486 1467 prototypis
1513 1420 1649 1457 no-31

136 1497 261 1536 vein,
276 1480 323 1526 id
344 1490 429 1536 est,
444 1479 723 1543 adactylico,
742 1480 965 1534 iambico,
985 1480 1240 1535 trochaico,
1260 1478 1590 1542 banapaestico,

138 1557 369 1620 paeonico,
389 1557 828 1621 proceleusmatico,
852 1557 1008 1603 ionico
1032 1555 1108 1602 ἀπὸ
1131 1556 1320 1617 μείζονος,
1339 1556 1494 1602 ionico
1517 1554 1594 1602 ἀπὸ

138 1633 366 1690 ἐλάσσονος,
387 1633 735 1680 choriambico:
773 1634 845 1680 his
871 1633 1128 1695 cadjiciunt
1152 1634 1464 1697 antispastum
1490 1633 1594 1679 loco

138 1708 592 1772 dproceleusmatici,
629 1728 838 1772 namque
885 1710 922 1756 is
965 1709 1250 1773 anapaestico
1288 1709 1595 1771 eplerumque

139 1785 357 1832 subditus
381 1796 506 1832 caret
531 1788 823 1842 auctoritate,
849 1787 1066 1832 nonnulli
1099 1804 1205 1832 eum
1245 1786 1290 1831 in
1330 1785 1486 1849 specie
1517 1784 1597 1829 de·-

139 1862 265 1907 cima
312 1863 571 1926 recipiunt:
608 1880 810 1924 quorum
854 1864 1071 1908 omnium
1112 1861 1333 1924 exempla
1373 1861 1508 1924 plura
1546 1860 1594 1905 in

140 1936 296 1984 fversu
333 1938 401 1983 sui
440 1938 669 2000 cujusque
703 1939 838 1984 metri
877 1938 1079 1984 breviter
1114 1947 1166 1984 ut
1198 1937 1461 1993 ostendam,
1494 1936 1653 1984 haec32

140 2022 291 2058 erunt.
363 2013 427 2059 Et
450 2014 634 2074 gprimo
658 2013 911 2077 hdactylici
940 2013 1036 2059 sive
1061 2013 1236 2059 heroici
1262 2013 1415 2070 metri,
1442 2021 1508 2069 ut,

273 2107 444 2163 Arma,
469 2109 716 2170 virumque
741 2125 858 2154 cano
880 2106 1063 2169 iTrqjce
1088 2107 1169 2169 qui
1183 2107 1376 2168 primus
1399 2106 1458 2152 ab
1482 2106 1594 2152 oris.

139 2199 456 2263 kAnapaestici
482 2201 741 2247 tetrametri
767 2200 1044 2257 catalectici,
1068 2209 1136 2255 ut,
1612 2215 1652 2244 33

139 2293 287 2341 Alius
297 2294 743 2359 citlzarasonituquc
750 2301 921 2357 potens
935 2293 1154 2341 volucres
1165 2292 1464 2356 pecudesque
1479 2310 1678 2340 movere.

192 2485 208 2512 t
226 2487 457 2534 connexum]
483 2499 665 2523 conexum
686 2487 727 2523 P.
796 2493 815 2512 V
835 2485 903 2522 erit
922 2485 1078 2536 syllaba]
1102 2485 1242 2535 syllaba
1261 2486 1331 2521 crit
1352 2485 1396 2522 P.
1463 2492 1493 2511 W
1512 2485 1592 2534 qui-

139 2565 225 2611 bus]
248 2564 328 2613 quis
349 2566 387 2600 P.
500 2572 519 2591 Χ
539 2564 699 2614 aliquam
721 2565 848 2611 odam]
872 2549 1032 2613 aliquem
1055 2564 1164 2600 odem
1189 2565 1226 2600 P.
1332 2571 1351 2599 y
1371 2571 1435 2600 aut
1453 2564 1593 2614 epodo]

140 2618 260 2667 epodo
281 2619 320 2654 P.
338 2618 396 2654 ed.
412 2620 517 2654 Cam.
572 2626 590 2644 z
611 2619 784 2667 quatuor]
804 2625 981 2666 quattuor
1001 2619 1040 2654 P.
1099 2623 1118 2642 a
1138 2616 1338 2666 dactylico]
1363 2617 1534 2654 dactilico
1555 2619 1594 2653 P.

140 2669 161 2699 b
207 2670 431 2719 anapaestico
444 2693 497 2698 —
510 2671 857 2719 proceleusmatico]
907 2671 1123 2719 anapestico
1138 2692 1192 2697 —--
1205 2669 1515 2719 proceleumatico
1554 2671 1593 2706 P.

140 2731 157 2750 c
186 2724 383 2774 adjiciunt]
409 2724 574 2760 adiciunt
590 2726 629 2760 P.
806 2722 825 2750 d
855 2723 1193 2774 proceleusmatici]
1223 2723 1523 2773 proceleumatici
1553 2724 1593 2759 Ρ.

140 2784 157 2803 e
176 2777 681 2827 plerunque—authoritate]
713 2777 1209 2827 plerumqile—auctoritate
1228 2778 1268 2813 P.
1433 2775 1448 2802 f
1464 2777 1590 2823 versu]

140 2843 263 2866 versus
284 2831 324 2866 P.
489 2838 510 2865 g
541 2830 719 2880 primum]
752 2830 872 2880 primo
892 2831 936 2867 P.
1101 2829 1123 2856 h
1151 2831 1343 2879 dactylici]
1375 2828 1533 2865 dactilici
1553 2830 1592 2863 P.

140 2881 151 2909 i
169 2884 291 2932 Trojae
311 2884 374 2932 qui
394 2883 535 2933 primus
556 2884 602 2920 ab
622 2883 712 2932 oris]
736 2885 781 2920 T.
803 2898 838 2933 q.
859 2897 895 2933 p.
918 2897 950 2920 a.
971 2897 1004 2920 ο.
1034 2884 1076 2920 Ρ.
1186 2882 1207 2910 k
1228 2881 1469 2932 Anapaestici]
1493 2883 1592 2917 Ana-

141 2935 272 2986 pestici
291 2937 332 2973 P.
