1962 3355
137 217 248 251 CAP.
272 200 345 248 16.
386 201 468 247 De
493 200 698 263 Strophe
722 207 768 247 et
791 200 1112 262 Antistrophe
1138 208 1184 247 et
1208 201 1389 264 Epodo.
1532 210 1592 260 77

137 323 255 370 feras
279 322 481 385 zdigitis‚
507 322 574 368 sic
605 330 653 368 et
685 321 900 384 strophes
937 321 1053 375 cola,
1078 337 1187 368 cum
1226 321 1322 368 sint
1349 321 1596 370 dissimilia

138 401 184 446 in
210 399 428 463 proxima
447 397 601 462 epodo
627 397 853 459 subjectae
879 396 1068 444 triados.
1123 397 1411 444 Observabis
1436 407 1592 444 autem
1614 413 1633 443 8

137 486 191 522 ut
214 475 511 539 temporibus
537 492 629 520 non
658 473 850 537 syllabis
888 472 1030 536 pedes
1055 472 1252 530 dividas,
1276 484 1330 520 ut
1355 474 1598 520 solvantur

137 551 245 598 duae
282 551 433 614 longae
469 551 513 596 in
544 558 810 612 aquattuor,
836 558 883 595 et
907 548 1143 613 disyllabo
1179 549 1301 613 pede
1336 567 1420 613 pro
1455 560 1596 596 tetra-

138 626 323 688 syllabo
355 626 516 682 utaris,
549 624 746 688 parique
777 624 879 671 vice
914 633 1138 686 quattuor
1173 626 1460 688 syllabarum
1496 627 1599 672 bre-

138 703 267 749 vium
297 711 513 766 tempora
537 703 588 748 in
612 702 707 748 duo
732 701 1089 756 contrahantur,
1115 701 1242 763 quod
1277 719 1362 766 per
1396 703 1598 749 necessi-

137 787 284 824 tatem
323 778 421 824 fieri
461 779 585 836 licet,
620 788 674 825 ut
712 789 792 825 aut
827 779 989 825 divisae
1022 794 1223 823 numero
1264 778 1596 842 respondeant,

139 864 218 902 aut
244 855 508 917 conjunctae
533 865 805 919 temporum
831 854 1020 918 bspatiis
1045 864 1307 909 occurrant,
1333 854 1458 917 quod
1485 855 1596 901 etin

138 932 329 978 cceteris
352 932 512 978 metris
529 932 733 996 generali
752 939 989 996 praecepto
1009 930 1313 977 servabimus.
1352 928 1481 978 Inter
1498 931 1598 978 haec
1616 956 1636 988 9

140 1018 249 1054 sunt
274 1008 490 1071 quaedam
529 1009 740 1055 carmina
766 1026 870 1071 quae
908 1007 1258 1071 Monostropha
1284 1009 1598 1072 appellantur,

139 1084 294 1147 dquod
320 1084 436 1130 duas
462 1084 681 1148 periodos
707 1094 754 1131 et
778 1103 854 1131 eas
884 1102 1017 1147 pares
1052 1084 1274 1142 habeant,
1298 1102 1452 1147 neque
1488 1103 1600 1149 epo-

139 1160 216 1216 do,
242 1169 293 1206 ut
317 1161 421 1215 alia,
448 1161 808 1207 concludantur,
871 1161 1098 1206 Praeterea
1123 1160 1354 1223 reperitur
1379 1178 1600 1207 nonnun-
1623 1185 1660 1205 ιο

141 1255 285 1300 quam
326 1237 598 1298 hujusmodi
633 1237 918 1300 compositio
955 1254 1175 1282 versuum
1215 1236 1262 1282 in
1296 1237 1600 1294 carminibus,

139 1332 232 1360 non
272 1323 323 1360 ut
359 1314 512 1377 prima
536 1315 822 1378 compositio
852 1313 1070 1360 secundae
1102 1313 1451 1377 compositioni,
1479 1314 1601 1360 sicut

141 1391 188 1436 in
227 1396 385 1456 στροφῇ
423 1401 470 1437 et
512 1392 824 1455 antistropho,
862 1390 1185 1454 erespondeat,
1225 1390 1304 1436 sed
1353 1401 1405 1438 ut
1447 1391 1602 1454 prima

140 1467 304 1524 tertiae,
340 1467 547 1514 secunda
579 1478 756 1531 quartae
793 1466 961 1513 similis
999 1467 1242 1522 habeatur,
1268 1485 1373 1530 quae
1408 1484 1602 1532 compo-

141 1542 247 1589 sitio
271 1544 378 1589 κατὰ
401 1545 608 1606 περικοπὴν
634 1546 890 1607 ἀνομοιομερῆ
920 1544 1119 1591 dicitur:
1155 1554 1225 1590 est
1251 1545 1377 1590 enim
1412 1545 1602 1608 περικοπῆ

140 1636 330 1665 carmen
359 1620 619 1667 subsistens
645 1639 702 1667 ex
730 1621 921 1685 strophe
942 1630 988 1667 et
1013 1619 1337 1684 fantistropho
1361 1630 1408 1667 et
1432 1621 1601 1685 epodo,

140 1695 214 1742 vel
242 1695 329 1753 bis,
348 1697 420 1741 vel
447 1706 531 1754 ter,
549 1698 622 1744 vel
647 1697 849 1760 hsaepius
875 1715 1065 1744 carmen
1092 1697 1420 1744 iconcludatur
1442 1700 1471 1727 *
1487 1720 1601 1760 μονο-

139 1772 340 1834 περίκοπον
365 1772 652 1820 nominatur.
705 1774 752 1820 Si
778 1792 886 1820 vero
911 1773 1159 1820 dissimilia
1195 1774 1316 1820 inter
1345 1792 1393 1820 se
1417 1774 1463 1820 in
1490 1792 1601 1838 epo·
1625 1801 1658 1822 11

141 1848 212 1893 dis
248 1849 350 1894 cola
378 1848 657 1912 jungantur,
689 1848 1023 1913 1ἰπολυπερίκοπον
1054 1859 1373 1914 nuncupatur,
1409 1851 1600 1912 quando

142 1942 235 1970 non
261 1923 499 1971 lsollemni
527 1927 898 1983 continuatione,
925 1927 1004 1973 sed
1030 1945 1114 1990 per
1138 1927 1411 1973 distantiam
1445 1937 1492 1974 et
1524 1945 1601 1974 va-

143 2000 355 2046 rietatem
397 2001 444 2047 in
484 2002 647 2065 epodis
684 2003 865 2066 periodi
902 2003 1242 2063 compleantur.
1316 2003 1374 2050 Id
1400 2016 1484 2061 est,
1506 2012 1600 2051 tres

141 2085 312 2139 partes,
337 2085 455 2123 meas
480 2096 505 2124 e
524 2078 697 2140 quibus
721 2080 943 2143 pericope
969 2080 1196 2134 subsistit,
1216 2097 1321 2142 quae
1344 2080 1602 2145 ἀνομοιομερῆ

196 2227 213 2245 Ζ
234 2219 370 2268 digitis,
393 2219 413 2242 *
435 2219 505 2267 sic]
531 2219 666 2271 digitis·
689 2221 742 2258 sic
759 2232 796 2259 et
816 2224 856 2259 P.
1000 2231 1019 2250 a
1037 2223 1470 2274 quatuor—dissyllabo]
1495 2233 1601 2275 quat-

143 2273 460 2322 tuor—disyllabo
478 2274 517 2310 P.
633 2272 652 2301 b
673 2275 980 2326 spaciis—quod]
1003 2277 1271 2328 spatiis—quae
1292 2279 1330 2314 P.
1457 2284 1473 2304 ‘³
1493 2287 1602 2317 caete-

144 2326 209 2374 ris]
235 2326 365 2362 ceteris
387 2327 427 2362 P.
538 2325 557 2354 d
578 2329 694 2376 quod]
719 2342 800 2377 quae
821 2330 861 2366 P.
987 2337 1003 2356 e
1025 2332 1292 2380 respondeant]
1317 2330 1541 2381 respondeat
1562 2335 1601 2370 P.

142 2377 157 2405 f
175 2379 435 2428 Antistrophe]
462 2380 707 2430 Antistropbo
729 2383 768 2418 P.
890 2381 910 2408 h
931 2384 1083 2433 saepius]
1107 2384 1229 2434 sepius
1252 2386 1291 2420 Ρ.
1415 2382 1425 2410 i
1445 2386 1601 2424 conclu-

143 2433 218 2474 dat,
241 2432 262 2454 *
283 2434 530 2481 μονοπερίκοπον]
554 2434 808 2471 concludatur.
845 2441 1089 2485 Μονοπερικοπον
1109 2438 1148 2473 Ρ.
1172 2438 1229 2475 ed.
1247 2440 1354 2475 Cam.
1463 2439 1485 2467 k
1505 2448 1602 2476 πολυ-

142 2486 318 2535 περίκοπον]
341 2493 413 2521 πολι
431 2488 588 2535 περίκοπον
609 2488 649 2524 Ρ.
759 2487 770 2514 l
791 2489 953 2537 solenni]
977 2490 1148 2526 sollemni
1169 2492 1208 2528 P.
1319 2499 1350 2518 m
1370 2490 1447 2544 eas]
1473 2507 1515 2530 ea
1532 2495 1574 2530 P.

213 2609 247 2646 7.
279 2597 330 2635 sic
368 2600 539 2648 strophes
575 2601 673 2648 cola]
721 2602 847 2639 Locus
902 2611 940 2640 et
959 2605 1155 2653 paritatem
1177 2607 1322 2643 efficere
1341 2608 1397 2644 vel
1421 2608 1526 2644 metri
1549 2608 1603 2645 vel

147 2651 362 2696 mendosus,
394 2664 524 2689 sensus
551 2662 675 2690 autem
706 2663 773 2698 est,
802 2656 846 2692 ad
903 2665 1127 2706 temporum,
1170 2661 1266 2708 quod
1316 2660 1352 2696 in
1402 2660 1605 2697 Pindaricis

146 2705 323 2753 strophen
354 2714 391 2741 et
419 2706 675 2756 antistropben
699 2716 737 2744 et
756 2722 846 2758 epo·
903 2710 984 2746 odis
1000 2711 1236 2748 manifestum
1252 2722 1318 2750 est.
1334 2715 1603 2750 CAMERAR·

148 2757 234 2800 don,
274 2771 430 2806 quarum
469 2772 701 2809 unaquaeque
738 2761 846 2798 dissi·
963 2776 1020 2799 10.
1054 2764 1108 2800 vel
1137 2765 1209 2812 bis]
1242 2766 1358 2803 Forte
1391 2767 1604 2817 legendum,

147 2809 251 2847 milia
299 2819 418 2848 metra
463 2812 744 2862 complectatur,
788 2828 845 2852 re·
901 2818 1005 2853 sivel
1025 2819 1086 2853 bis.
1115 2818 1288 2855 COMM.

147 2863 332 2912 spondere
352 2872 478 2901 tamen
498 2865 676 2915 proxiniae
705 2868 847 2917 periodi
971 2869 1019 2906 ib.
1061 2871 1324 2920 concludatur]
1377 2872 1500 2909 Locus
1547 2880 1603 2908 est

148 2917 326 2966 strophen
347 2917 604 2969 antistropben
626 2928 664 2956 et
683 2921 845 2970 epodon,
905 2922 1069 2959 mutilus.
1100 2924 1298 2961 CAMER.
