1962 3355
134 212 241 244 CAP.
264 209 307 244 2.
591 197 677 243 De
701 196 885 243 Metris
915 197 1191 242 oratorum.
1493 204 1586 252 393

131 318 270 383 “ipsi
312 327 560 366 occurrent
597 318 812 375 orationi,
851 318 938 381 ipsi
980 318 1174 379 inquam
1215 333 1263 361 se
1299 316 1509 372 offerent,
1542 325 1590 361 et

131 402 158 422 ‘⁶
184 396 539 460 respondebunt
562 412 656 441 non
681 394 850 440 vocati.
921 391 1230 440 Consuetudo
1255 390 1399 437 modo
1424 391 1504 437 illa
1528 391 1588 437 sit

130 477 158 497 ‘⁶
184 472 417 518 scribendi
455 480 594 534 atque
629 470 816 517 dicendi
854 480 906 517 ut
943 469 1188 516 sententiae
1225 468 1378 514 verbis
1418 467 1588 513 finian-

131 553 156 574 “
182 557 272 604 tur,
298 566 557 611 eorumque
582 548 829 593 verborum
859 547 1048 608 junctio
1073 553 1293 591 nascatur
1317 562 1342 590 a
1366 543 1588 606 proceris,

130 630 160 650 “
186 641 239 670 ac
277 624 452 682 liberis,
494 624 702 671 maxime
751 624 908 678 heroo,
948 632 1028 670 aut
1071 640 1237 686 paeane
1280 620 1447 684 priore,
1488 618 1588 666 iaut

131 708 159 726 ‘⁶
183 700 371 756 cretico,
390 701 468 747 sed
490 702 614 748 varie
633 701 950 762 distincteque
972 698 1210 745 considat:
1248 705 1440 742 notatur
1457 696 1586 742 enim

131 782 160 803 ‘⁶
187 778 394 824 maxime
420 778 682 824 similitudo
707 778 752 824 in
779 776 1172 840 conquiescendo.
1214 775 1279 821 Et
1304 774 1340 820 si
1366 773 1506 838 primi
1532 791 1586 820 ac

131 859 159 879 “
185 855 410 916 postremi
447 855 590 919 pedes
629 863 738 900 sunt
766 856 853 900 hac
878 854 1057 899 ratione
1087 851 1271 908 servati,
1298 849 1439 896 medii
1477 868 1586 913 pos-

129 935 158 956 “
181 940 292 977 sunt
316 932 476 988 latere,
502 933 646 979 modo
672 950 730 978 ne
755 931 978 978 circuitus
1015 930 1114 994 ipse
1138 930 1385 975 verborum
1422 927 1481 973 sit
1506 936 1587 973 aut

130 1012 161 1032 “
188 1008 370 1054 brevior
392 1026 534 1071 quam
563 1008 725 1055 kaures
751 1015 1020 1071 expectant,
1040 1014 1120 1052 aut
1145 1004 1331 1068 longior
1348 1021 1490 1066 quam
1517 1003 1587 1050 vi-

130 1090 158 1109 “
183 1101 253 1129 res
279 1093 420 1147 atque
453 1085 609 1131 anima
634 1084 852 1147 patiatur.
923 1082 1173 1128 Clausulas
1200 1089 1358 1126 autem
1385 1080 1586 1142 diligen-

129 1165 159 1185 “
184 1160 276 1206 tius
312 1161 454 1207 etiam
498 1160 748 1207 servandas
782 1176 880 1204 esse
919 1158 1115 1204 arbitror
1150 1174 1294 1219 quam
1333 1156 1586 1219 superiora,

127 1240 157 1261 “
181 1235 307 1298 quod
344 1236 390 1282 in
418 1235 490 1282 his
516 1235 725 1282 maxime
760 1234 988 1298 perfectio
1013 1243 1154 1296 atque
1188 1232 1422 1278 absolutio
1447 1231 1588 1277 ¹indi-

130 1316 160 1337 “
185 1321 330 1358 catur.
371 1312 500 1358 Nam
526 1328 686 1357 versus
711 1328 848 1373 aeque
873 1311 1025 1373 prima
1051 1319 1097 1356 et
1122 1309 1277 1355 media
1302 1317 1348 1354 et
1373 1317 1587 1354 extrema

127 1393 153 1413 ‘⁶
179 1405 284 1450 pars
319 1387 593 1444 attenditur,
622 1387 700 1450 qui
738 1386 1011 1433 debilitatur
1046 1386 1093 1431 in
1130 1403 1416 1448 quacunque
1454 1393 1586 1448 parte

127 1469 156 1490 “
181 1462 441 1509 titubatum
468 1473 552 1510 est.
623 1464 678 1510 In
707 1464 918 1509 oratione
955 1472 1112 1510 autem
1142 1462 1277 1526 pauci
1313 1461 1465 1525 prima
1491 1479 1587 1507 cer-

127 1546 154 1566 “
180 1550 313 1595 nunt,
349 1549 586 1604 postrema
617 1541 844 1604 plerique,
869 1541 1095 1603 quoniam
1122 1548 1349 1604 apparent
1374 1547 1418 1584 ct
1450 1538 1588 1584 intel-

128 1622 156 1642 “
180 1616 403 1679 liguntur.
473 1616 708 1663 Varianda
733 1627 858 1674 sunt,
884 1634 942 1662 ne
978 1625 1060 1662 aut
1095 1616 1363 1662 animorum
1393 1613 1586 1676 judiciis

128 1699 156 1720 “
182 1693 487 1756 repudientur
511 1703 592 1739 aut
617 1694 799 1740 aurium
828 1693 1058 1739 satietate.
1093 1693 1207 1739 Duo
1233 1692 1359 1738 enim
1388 1701 1469 1737 aut
1494 1700 1586 1737 tres

129 1777 157 1796 ‘⁶
182 1769 276 1815 fere
301 1779 413 1816 sunt
435 1770 636 1816 extremi
663 1769 878 1816 servandi
905 1779 951 1814 et
977 1768 1169 1814 notandi
1197 1767 1355 1831 pedes,
1380 1767 1415 1813 si
1445 1766 1587 1812 modo

129 1851 157 1872 ‘⁴
183 1864 277 1891 non
315 1847 525 1892 breviora
561 1855 608 1892 et
644 1845 881 1909 mpraeeisa
904 1854 1041 1890 erunt
1072 1844 1326 1907 superiora,
1352 1861 1470 1906 quos
1508 1852 1589 1888 aut

130 1931 157 1949 ‘⁶
183 1922 393 1979 choreos,
419 1932 496 1968 aut
529 1923 711 1979 heroos,
737 1931 817 1968 aut
854 1921 1056 1967 alternos
1093 1938 1194 1966 esse
1229 1919 1481 1983 oportebit,
1507 1927 1589 1965 aut

129 2000 229 2045 “in
267 2017 429 2062 paeane
464 1999 546 2045 illo
582 1997 886 2062 nposteriore,
911 2014 1051 2059 quem
1090 1996 1367 2042 Aristoteles
1402 1996 1587 2059 probat,

128 2084 156 2102 ‘⁶
183 2085 263 2122 aut
297 2076 337 2121 ei
377 2076 473 2138 pari
510 2075 697 2122 cretico.
770 2075 957 2120 Horum
985 2073 1332 2120 vicissitudines
1365 2073 1585 2129 efficient,
1629 2096 1643 2105 —

128 2158 154 2178 “
179 2161 232 2198 ut
268 2169 420 2213 neque
457 2151 486 2197 ii
524 2151 767 2207 satientur,
793 2149 873 2212 qui
912 2149 1119 2207 audient,
1152 2149 1341 2196 fastidio
1368 2148 1587 2194 similitu-

128 2234 156 2254 “
179 2228 318 2283 dinis,
344 2245 430 2273 nec
468 2245 550 2273 nos
588 2225 632 2272 id
660 2225 785 2289 quod
824 2225 1050 2272 faciemus
1076 2243 1218 2289 opera
1244 2225 1403 2271 dedita
1435 2225 1587 2271 facere

128 2313 155 2332 ‘⁶
181 2304 462 2351 videamur.”
530 2304 729 2349 0Postea
753 2303 846 2348 sic:
884 2302 1108 2348 “Verum
1149 2312 1200 2348 ut
1237 2303 1283 2348 in
1318 2319 1451 2348 versu
1488 2302 1587 2347 vul-

127 2389 155 2408 “
182 2399 285 2445 guS,
311 2382 345 2426 si
373 2390 443 2427 est
473 2389 741 2444 peccatum,
766 2378 909 2436 videt,
935 2378 1001 2424 sic
1026 2379 1061 2424 si
1089 2378 1202 2440 quid
1229 2379 1275 2424 in
1303 2388 1462 2425 nostra
1486 2396 1587 2424 ora-

127 2464 153 2484 “
180 2458 307 2504 tione
331 2456 581 2512 claudicat,
607 2455 763 2512 sentit,
789 2455 868 2500 sed
906 2464 1057 2518 poetae
1087 2473 1180 2501 non
1207 2455 1424 2518 ignoscit,
1450 2455 1584 2501 nobis

128 2541 154 2560 ‘⁶
181 2532 411 2579 concedit.
480 2532 633 2579 Taciti
659 2542 820 2578 tamen
846 2549 1010 2577 omnes
1042 2526 1135 2577 non
1162 2550 1263 2578 esse
1299 2531 1432 2586 illud,
1459 2530 1585 2593 quod

129 2617 157 2637 ‘⁶
182 2610 406 2662 diximus,
433 2618 597 2671 aptum
624 2609 984 2671 perfectumque
1010 2608 1246 2653 cernunt.''

184 2816 194 2843 i
214 2824 279 2853 aut
298 2816 434 2852 cretico
455 2827 530 2850 om.
552 2815 651 2850 Ven.
676 2813 756 2849 Ald.
866 2811 887 2837 k
908 2812 1032 2858 aures]
1057 2824 1112 2847 res
1135 2812 1227 2847 Ven.
1350 2810 1359 2836 ¹
1381 2809 1580 2854 indicatur]

131 2870 296 2907 videatur
317 2869 413 2905 Ven.
524 2874 555 2892 m
576 2866 729 2915 praecisa
748 2866 876 2912 erunt]
899 2863 1107 2916 §cesserint
1127 2865 1160 2899 V
1163 2876 1223 2900 en.
1325 2871 1344 2888 1¹
1362 2861 1582 2911 posteriore]

131 2924 318 2973 superiore
339 2922 434 2958 Ven.
464 2919 550 2956 Ald.
662 2926 681 2945 o
702 2919 845 2968 postea]
868 2919 926 2956 Sc.
946 2930 978 2953 e.
1000 2929 1062 2965 51·

818 2988 902 3025 3ss

1609 1090 1647 1121 16
