1962 3355
131 203 237 235 CAP.
262 196 333 246 17.
449 188 531 234 De
555 186 952 250 Metrorumfine
974 205 1059 233 seu
1084 187 1317 234 clausula.
1521 197 1582 247 79

129 309 521 371 dextrorsumque
557 309 711 372 primo
747 308 1052 373 tripudiando
1075 309 1189 365 ibat,
1216 309 1348 371 (quia
1380 310 1579 355 ccaelum

129 385 424 431 dextrorsum
453 386 511 431 ab
536 395 640 431 ortu
666 385 722 431 ad
749 402 970 432 occasum
997 385 1236 447 volvitur,)
1266 384 1441 430 dehinc
1474 385 1584 431 sini-

130 470 359 507 strorsum
384 461 1056 524 redibant‚dquandoquidem
1079 462 1147 507 sol
1173 462 1379 523 lunaque
1404 471 1452 508 et
1475 471 1581 508 ece-

129 546 226 583 tera
261 538 456 584 erratica
493 537 657 594 sidera,
683 556 787 600 quae
830 537 983 584 Graeci
1018 539 1225 594 πλανήτας
1259 546 1445 594 vocant,
1472 538 1585 584 sini-

129 622 352 660 strorsum
394 614 453 659 ab
488 632 658 660 occasu
695 614 752 661 ad
789 623 947 660 ortum
981 614 1209 661 feruntur.
1278 614 1440 660 Tertio
1476 631 1586 660 con-

130 689 362 735 sistebant
398 688 664 746 fcanentes,
700 690 811 752 quia
849 700 970 736 terra
1011 691 1154 750 (circa
1193 708 1336 754 quam
1376 691 1581 736 gcaelum

128 770 328 827 rotatur)
371 765 632 812 immobilis
675 766 834 812 medio
872 775 964 813 stat
1007 766 1201 813 mundo.
1286 767 1363 813 De
1403 784 1496 830 qua
1537 784 1585 812 re

129 842 300 889 Varius
333 842 399 888 sic
437 840 459 870 ¹¹
475 842 683 897 tradidit,
716 843 930 905 primum
965 843 1088 900 huic,
1112 843 1270 889 nervis
1303 850 1481 905 septem
1518 850 1587 889 est

130 919 317 965 intenta
343 917 493 982 fides,
524 919 744 983 variique
790 918 968 966 iadditi
1006 937 1171 966 vocum
1209 920 1348 977 modi,
1374 920 1439 966 ad
1471 937 1586 983 quos

130 996 294 1042 mundi
333 1003 525 1043 resonat
571 995 762 1054 1(εαηον,
793 1014 882 1043 sua
925 1014 977 1043 se
1009 995 1237 1043 volventis
1276 997 1327 1042 in
1365 996 1582 1060 vestigia.

131 1073 252 1119 Item
281 1082 328 1119 et
355 1074 525 1120 Varro:

200 1149 339 1195 Vidit
364 1156 410 1195 et
432 1149 625 1195 (etherio
649 1150 877 1195 mundum
902 1150 1170 1212 torquerier
1194 1166 1300 1204 axe,

195 1225 266 1270 Et
287 1231 465 1286 septem
489 1225 678 1271 aeternis
700 1228 904 1272 sonitum
933 1226 1051 1272 dare
1073 1226 1264 1272 vocibus
1288 1226 1437 1280 orbes,

194 1301 421 1347 Nitentes
444 1300 556 1346 aliis
580 1300 713 1355 αἰὶοε,
742 1302 860 1364 (quse
884 1303 1093 1348 murima
1119 1302 1240 1349 divis

194 1376 519 1439 ¹Lcetitia'st,)
546 1384 598 1424 at
623 1384 738 1424 tunc
762 1377 900 1442 longe
921 1379 1206 1442 gratissima
1231 1377 1407 1425 Plzoebess

195 1454 417 1501 Dextera
441 1454 707 1502 consimiles
729 1456 990 1502 meditatur
1013 1454 1215 1501 reddere
1238 1471 1385 1502 voces.

125 1587 264 1636 CAP.
294 1585 488 1638 XVII.
554 1589 637 1639 De
665 1588 972 1640 Mem-orum
1006 1590 1158 1657 mfine
1183 1606 1274 1639 seu
1303 1588 1555 1639 clausula.

193 1686 340 1733 Nunc
372 1686 430 1733 de
462 1696 737 1744 metrorum,
765 1697 904 1750 prout
944 1705 1103 1734 versus
1140 1686 1432 1751 processerit,
1468 1703 1585 1749 prae-

128 1763 304 1826 scripto
336 1773 384 1810 et
422 1764 637 1827 legitimo
675 1766 769 1810 fine
811 1765 1114 1827 clausulaque
1150 1764 1379 1810 dicemus.
1453 1762 1581 1808 Nan]

129 1840 324 1885 metrica
356 1841 458 1903 lege
496 1841 544 1885 in
581 1841 675 1886 fine
712 1859 930 1887 versuum
972 1840 1312 1903 quadripartita
1344 1839 1585 1886 conclusio

128 1924 212 1971 est,
235 1933 318 1979 per
343 1933 484 1978 quam
512 1916 666 1962 exitus
693 1918 827 1963 metri
861 1927 1103 1979 statusque
1128 1916 1401 1973 dinoscitur,
1425 1925 1582 1962 utrum

128 1990 264 2053 pede,
290 2009 370 2037 seu
397 1991 651 2055 semipede,
675 1992 745 2037 vel
773 1993 965 2056 dipodia
990 1993 1050 2039 sit
1073 1993 1397 2040 terminatum.
1442 1992 1585 2039 Hanc

130 2068 282 2113 Graeci
321 2070 574 2125 Πκατάληξιν
603 2078 800 2115 vocant:
836 2070 882 2116 id
921 2079 1006 2127 est,
1031 2087 1138 2116 cum
1179 2069 1447 2132 legitimum
1487 2087 1586 2114 mc-

127 2153 251 2189 trum
296 2144 342 2189 in
383 2145 612 2208 c'syzygia
659 2145 924 2209 simplicem
973 2145 1160 2209 pedem,
1202 2146 1248 2190 in
1299 2145 1586 2208 monopodia

128 2237 253 2277 vero,
272 2219 319 2265 id
340 2232 425 2274 est,
446 2220 492 2266 in
519 2229 538 2258 P
556 2221 761 2284 simplici
788 2222 923 2285 pede,
945 2222 1174 2286 syllabam
1202 2220 1370 2285 perdit.
1427 2220 1585 2282 Hujus

180 2327 197 2346 C
216 2320 349 2356 coeluni
367 2321 616 2369 dextrorsum]
637 2321 756 2374 calum
773 2322 1006 2359 dextrorsum
1025 2337 1059 2372 q.
1074 2323 1117 2358 P.
1132 2323 1190 2358 An
1209 2324 1377 2370 quoque?
1435 2320 1454 2348 d
1468 2335 1586 2371 quan-

128 2384 348 2433 doquidem]
373 2399 482 2434 qnam
506 2387 544 2421 P.
601 2393 617 2412 e
637 2388 971 2436 caetera—sydera]
997 2387 1294 2423 cetera—sidera
1315 2388 1354 2423 P.
1414 2385 1428 2413 f
1444 2399 1583 2422 canen-

128 2438 195 2485 do]
215 2447 392 2474 canentes
408 2440 449 2476 P.
485 2446 505 2474 g
519 2439 672 2488 coelum]
698 2440 818 2494 celum
840 2441 880 2476 P.
990 2439 1010 2466 h
1030 2440 1160 2487 tradit]
1184 2440 1338 2477 tradidit
1357 2440 1397 2476 P.
1492 2438 1502 2465 i
1523 2440 1585 2475 ad-

127 2502 213 2549 diti]
240 2503 364 2539 addita
386 2504 426 2539 P.
535 2502 556 2529 k
577 2505 699 2552 tenor]
723 2518 836 2542 canor
859 2506 898 2541 P.
1022 2504 1033 2531 l
1053 2504 1186 2541 laeticia
1207 2504 1466 2554 stat—longa]
1494 2504 1586 2539 laeti-

128 2555 178 2591 tia
204 2564 277 2592 stat
297 2555 408 2605 longe
429 2557 470 2592 P.
583 2564 612 2582 m
634 2558 724 2606 fine]
750 2559 822 2594 fine
843 2571 906 2594 seu
927 2557 1094 2594 clausula
1115 2559 1155 2594 P.
1266 2565 1285 2583 n
1306 2556 1503 2604 κατάληξιν]
1526 2574 1585 2593 κα-

128 2607 262 2650 τάλεξαι
281 2610 321 2644 P.
433 2616 452 2635 o
472 2610 634 2660 syzygia]
658 2612 833 2661 synzygia
854 2612 894 2648 P.
1006 2618 1025 2645 P
1046 2610 1235 2661 symplici]
1263 2610 1420 2661 simplici
1442 2611 1483 2647 P.

188 2705 245 2742 15.
271 2695 446 2736 redibant,
470 2707 666 2731 numerum
697 2705 827 2733 mutat.
885 2698 974 2732 divis
992 2696 1204 2742 Laetitia’st)
1224 2701 1262 2731 at
1280 2701 1364 2731 tunc
1381 2697 1485 2742 longe
1498 2708 1584 2742 gra-

129 2747 304 2784 COMM.
887 2751 1020 2785 tissima
1043 2750 1167 2785 Phoebi
1192 2750 1358 2785 Dextera
1390 2750 1585 2784 consimiles

189 2800 246 2836 16.
270 2799 421 2847 Varius]
446 2800 543 2837 Vide
557 2801 763 2838 VVeichert.
784 2802 829 2838 de
887 2805 1008 2839 medii.
1046 2802 1221 2838 COMM.
1301 2802 1395 2837 Vide
1427 2800 1581 2837 Anthol.

131 2853 238 2889 Lucii
261 2852 359 2889 Varii
379 2862 448 2889 etc.
471 2854 710 2892 Carminibus
744 2855 828 2891 Gri-
886 2856 968 2892 Lat.
1004 2854 1209 2891 Burmanni
1250 2856 1295 2890 T.
1328 2855 1379 2890 ΙΙ.
1429 2867 1461 2901 p.
1493 2863 1582 2900 335.

133 2919 201 2942 mae
224 2906 336 2953 1836.
358 2919 395 2955 p.
416 2919 500 2942 100.
885 2909 991 2945 Adde
1006 2908 1187 2944 Wullner.
1211 2908 1255 2944 de
1280 2909 1320 2943 P.
1339 2907 1385 2942 T.
1410 2905 1584 2941 Varronis

190 2970 247 3006 17.
280 2960 397 3009 Lego,
425 2961 516 2996 alios
548 2962 642 3008 (quae
673 2963 831 2997 maxima
887 2961 1138 2998 AtaciniVita
1150 2962 1317 2996 Monast.
1338 2959 1450 3005 1829.
1467 2972 1502 3008 p.
1521 2969 1582 3006 25.

1608 625 1645 656 16
