1962 3355
330 223 418 261 134
833 215 987 261 Marii
1016 213 1255 260 Victorini
1596 231 1695 263 LIB.
1714 232 1769 265 11.

324 335 435 382 huic
461 345 478 365 z
487 353 632 399 prope
655 336 936 382 contrarium
964 334 1246 397 respondere
1269 352 1406 398 posse
1431 337 1771 399 conspicerent,

323 410 474 473 aquod
504 420 662 457 tamen
695 429 790 456 non
819 427 877 456 ex
909 410 1132 455 omnibus
1167 411 1428 457 molossicis
1458 413 1770 460 connectitur.

284 501 302 530 3
322 487 447 533 Nam
476 487 706 550 spondeos
730 486 931 532 invicem
961 486 1142 542 miscet,
1170 495 1220 532 ut
1245 495 1330 542 est,

361 563 464 609 bIte
487 580 512 608 o
538 562 723 623 Spartae
739 561 979 622 pre‘mores
983 559 1164 624 fauste
1188 579 1313 608 mmo
1329 579 1508 624 parcas
1533 563 1771 611 ducentes.

321 638 475 683 Satius
521 647 676 683 tamen
725 646 792 681 est
840 636 1023 682 adnecti
1070 655 1178 682 eum
1229 637 1537 700 copularique
1585 640 1770 686 comico

320 713 612 776 anapaestico,
649 712 781 773 cujus
820 712 1149 774 cognationem
1196 714 1243 759 in
1284 731 1331 759 se
1371 714 1637 774 conjunctis
1675 716 1769 761 suis

283 812 301 837 4
318 789 498 835 duabus
524 788 701 834 ultimis
728 788 944 833 brevibus
971 788 1277 835 demonstrat.
1327 789 1454 835 Nam
1483 807 1542 835 ex
1567 790 1770 836 dimetro

319 865 603 928 anapaestico
622 863 882 910 bl‘trimeter
907 865 1354 927 proceleusmaticus
1375 866 1654 929 figurabitur
1670 884 1770 912 ver-

318 959 408 994 sus,
434 941 572 1003 longa
596 940 695 1002 ejus
721 940 767 985 in
796 941 955 986 breves
982 942 1149 998 soluta,
1167 950 1213 987 et
1239 942 1432 1005 syzygia
1458 942 1503 987 in
1529 942 1769 1006 simplices

316 1016 456 1079 pedes
481 1016 642 1070 divisa,
669 1026 719 1061 ut
743 1026 826 1072 est,

456 1093 590 1139 Tuba
614 1092 876 1139 terribilem.
901 1095 1088 1140 csomcit
1113 1095 1361 1157 crepitum.

314 1169 568 1214 dPraeterea
593 1169 718 1230 quod
755 1187 1016 1231 numquam
1043 1188 1067 1215 e
1093 1170 1386 1234 pyrrhichi0‚
1411 1170 1492 1233 qui
1517 1169 1693 1234 duplex
1720 1171 1767 1217 in

315 1245 733 1308 proceleusmatico
762 1246 974 1303 liabetur,
999 1246 1200 1292 formata
1225 1246 1381 1309 aliqua
1406 1246 1454 1292 in
1476 1247 1638 1292 metris
1664 1264 1768 1311 spe-

279 1321 406 1367 scies
444 1321 718 1384 proferatur.
791 1321 949 1383 Hujus
976 1339 1135 1368 versus
1172 1322 1476 1384 longissimus
1509 1323 1596 1369 erit
1628 1332 1768 1369 tetra-

316 1406 464 1442 meter
498 1397 810 1453 catalecticus,
836 1399 907 1443 vel
946 1399 980 1443 si
1015 1398 1118 1460 quis
1156 1398 1283 1443 illam
1323 1397 1479 1444 adhuc
1514 1398 1768 1444 extendere

315 1473 511 1530 affectet,
558 1486 865 1537 pentameter.
937 1474 1127 1537 Recipit
1179 1483 1337 1519 autem
1397 1474 1563 1537 prima,
1605 1484 1652 1521 et
1698 1493 1769 1520 se-

313 1548 480 1605 cunda,
506 1558 553 1595 et
577 1551 711 1596 tertia
743 1551 849 1596 sede
885 1549 1378 1614 proceleusmaticum,
1403 1560 1569 1612 quarta
1603 1550 1768 1596 tribra-

315 1624 441 1687 chyn
479 1634 558 1671 aut
583 1637 889 1689 anapaestum,
915 1626 1086 1688 quibus
1121 1639 1166 1671 et
1200 1625 1448 1682 clauditur,
1480 1626 1659 1672 scilicet
1688 1625 1768 1672 de-

313 1708 460 1745 tracta
483 1702 900 1762 proceleusmatico
926 1702 1106 1765 syllaba
1131 1702 1313 1758 ultima,
1339 1710 1420 1747 aut
1444 1701 1627 1748 duabus
1660 1702 1770 1747 bre—

312 1775 447 1821 vibus
484 1777 662 1823 ultimis
700 1778 744 1823 in
787 1795 925 1824 unam
966 1778 1155 1840 longam
1197 1777 1396 1823 redactis
1428 1786 1623 1841 propter
1658 1794 1768 1823 ana-

276 1868 295 1898 6
312 1861 530 1915 paestum,
554 1853 621 1899 uti
647 1864 851 1900 metrum
880 1855 939 1900 sit
969 1872 1064 1900 non
1103 1871 1340 1899 numerus.
1411 1853 1664 1899 scanditur
1688 1871 1769 1899 au·-

312 1938 407 1973 tem
445 1945 527 1991 per
561 1928 816 1993 dipodiam.
886 1931 1179 1994 Exemplum
1217 1930 1305 1976 erit
1344 1929 1606 1976 tetrametri
1641 1938 1767 1975 cata-

313 2003 481 2059 lectici,
507 2003 568 2060 id,

443 2079 630 2126 Nemus
654 2099 740 2127 ave
762 2083 970 2137 reticuit,
997 2099 1118 2145 ager
1140 2082 1354 2128 ΘΙιοφηὶηθ
1377 2088 1531 2128 Sonat.

313 2153 454 2209 Item,

444 2229 587 2274 Perit
612 2230 711 2276 abit
735 2232 949 2293 avipedis
974 2232 1189 2278 animula
1215 2232 1400 2294 leporis.

314 2302 534 2349 Trimetri
562 2314 735 2362 autem,
759 2306 821 2362 id,

512 2380 661 2443 Agite
679 2381 903 2444 peragite
916 2381 1133 2445 juvenes.

368 2505 385 2523 Ζ
404 2500 532 2547 prope]
557 2509 707 2548 propter
726 2502 767 2536 P.
888 2508 906 2527 a
924 2500 1004 2549 qui]
1028 2501 1127 2549 quod
1148 2502 1188 2537 P.
1314 2500 1333 2529 b
1354 2503 1411 2538 Ite
1432 2515 1453 2538 o
1476 2504 1609 2552 parcae]
1632 2502 1682 2540 ita
1702 2518 1765 2541 eos

315 2558 418 2599 parte
438 2552 476 2586 P.
587 2551 619 2573 ¹²¹¹
641 2552 824 2600 trimeter]
848 2554 892 2588 L.
914 2562 1139 2590 tetrameter.
1237 2561 1252 2580 e
1272 2556 1397 2590 sonuit
1418 2555 1616 2605 crepitum]
1640 2558 1766 2594 sonitu

315 2604 457 2652 crepitu
478 2605 518 2641 P.
644 2603 662 2631 d
683 2608 874 2654 praeterea]
898 2616 1095 2656 propterea
1115 2608 1154 2642 P.
1283 2614 1298 2633 e
1320 2608 1487 2655 homine]
1513 2609 1699 2646 hominem
1723 2612 1762 2648 P.

315 2657 466 2693 homine
485 2656 568 2694 silet
589 2671 700 2707 supra
720 2660 749 2694 I.
777 2671 834 2694 12.
857 2673 887 2695 v.
909 2664 1061 2696 Samen.
1083 2660 1231 2696 Terent.
1252 2660 1376 2696 Blaur.
1400 2674 1434 2710 p.
1455 2674 1468 2697 1
1482 2674 1539 2697 11.

370 2760 404 2795 6.
444 2761 542 2796 Perit
591 2761 667 2797 abit
716 2762 899 2811 avipedis]
954 2764 1013 2798 Ita
1068 2762 1201 2798 MER.

316 2821 414 2848 recte
444 2813 624 2856 scribitur,
659 2815 783 2851 breves
811 2815 908 2850 enim
940 2815 1011 2864 syl-
1121 2815 1170 2851 ib.
1200 2814 1307 2865 Agite
1325 2816 1414 2862 δῖα]
1447 2817 1590 2853 Vocem
1615 2820 1765 2867 brachy-

314 2865 405 2901 labae
433 2878 512 2902 esse
539 2867 689 2907 debent,
723 2868 758 2902 in
781 2868 1009 2904 Terentiano
1066 2870 1231 2904 catalect&
1268 2868 1445 2905 excidisse
1482 2879 1589 2919 putat
1632 2874 1764 2910 Sante-

315 2920 471 2966 alipedes
499 2933 688 2969 perperam
719 2920 892 2969 positum.
923 2923 1008 2957 CA-
1067 2920 1147 2957 nius
1166 2922 1253 2958 Ter.
1275 2922 1400 2958 BIaur.
1417 2935 1454 2971 p.
1476 2935 1489 2958 1
1503 2935 1561 2970 13.
