1962 3355
269 852 306 882 19

267 1683 307 1705 20

267 2373 302 2394 ‘21

330 189 420 226 150
838 178 996 225 Marii
1024 178 1263 225 Victorini
1576 190 1674 221 Lm.
1698 190 1773 221 111.

325 300 472 346 cussis
508 300 755 363 utriusque
790 301 934 364 partis
970 300 1093 346 binis
1128 299 1343 363 pedibus,
1380 296 1658 360 semipedes,
1695 295 1777 358 qui

325 386 589 440 supersunt,
626 376 937 439 conjungunt,
969 385 1015 421 et
1050 393 1109 421 ex
1150 374 1220 420 his
1254 372 1517 437 spondeum
1554 373 1774 434 quintum

324 453 476 498 versui
503 452 777 509 adnectunt,
801 462 1062 513 tamquam,

456 540 550 587 Nil
569 540 686 586 mihi
709 539 961 596 rescribas,
985 537 1229 584 kattamen
1254 536 1354 598 ipse
1377 535 1496 581 veni.

326 606 404 651 Sic

457 669 551 716 Nil
571 669 688 716 mihi
710 669 872 725 reseri,
898 674 1109 714 attamen
1133 668 1232 730 ipse
1254 683 1310 713 ve
1334 666 1400 722 πῖ,
1427 665 1524 711 bas.

327 757 437 803 Hoc
461 774 516 802 eo
540 756 710 809 studio,
730 773 789 801 ne
814 764 1102 817 anapaestum
1124 753 1312 817 pedem,
1331 769 1472 814 quem
1500 751 1776 797 hexameter

327 833 495 878 herous
553 831 775 885 excludit,
834 840 1130 894 pentametro
1189 829 1453 875 miscerent.
1521 827 1616 873 Alii
1664 845 1774 873 vero

325 907 533 971 spondeo
558 907 747 953 tertium
775 907 931 951 locum
958 915 1013 951 ut
1035 906 1278 969 proprium
1310 903 1585 960 defendunt,
1609 904 1690 966 qui
1716 921 1776 949 ex

324 982 563 1046 semipede
600 981 850 1045 superioris
876 983 1099 1029 clausulae
1128 993 1175 1029 et
1206 983 1358 1046 prima
1383 983 1525 1045 longa
1547 982 1778 1046 incipien-

323 1059 380 1104 tis
407 1058 579 1121 dactyli
606 1057 806 1103 ladnexa
831 1057 1054 1120 gignitur,
1079 1069 1357 1123 supererunt
1381 1058 1580 1105 residuae
1614 1059 1776 1105 breves

322 1134 496 1197 dactyli
537 1133 657 1190 duae,
697 1133 769 1179 his
816 1133 1037 1195 adjuncta
1078 1135 1217 1197 longa
1262 1135 1433 1182 efficiet
1480 1144 1774 1198 anapaestum

323 1220 489 1272 quarto
514 1209 632 1266 loco,
656 1219 909 1272 supersunt
943 1220 1036 1256 tres
1073 1211 1265 1273 syllabae
1295 1228 1497 1274 quarum
1533 1211 1638 1257 duae
1675 1212 1775 1257 bre-

324 1304 416 1340 ves,
441 1295 607 1349 utpote
642 1303 871 1349 supremae
904 1286 1095 1350 dactyli,
1121 1287 1193 1333 his
1218 1287 1436 1351 copulata
1462 1287 1616 1333 finalis
1640 1288 1777 1334 tertia

322 1361 490 1425 pedem
530 1370 820 1425 anapaestum
859 1364 1134 1426 complebit,
1160 1381 1246 1410 nec
1282 1364 1490 1419 interest,
1527 1363 1679 1410 brevis
1716 1381 1772 1409 an

324 1441 463 1503 longa
500 1439 573 1493 sit,
610 1448 776 1502 utpote
819 1439 864 1484 in
908 1440 1078 1486 ultimo
1114 1441 1395 1487 constituta:
1434 1440 1574 1502 hujus
1616 1457 1777 1486 exem-

322 1516 472 1580 plum,

455 1591 643 1638 mNanc
666 1598 718 1638 tu
741 1592 996 1640 Pieridum
1022 1594 1232 1640 ”deseris
1254 1593 1479 1640 Aonia-m.

325 1668 608 1715 Observabis
645 1678 820 1723 autem,
858 1686 916 1716 ne
955 1670 1214 1717 novissima
1250 1670 1430 1735 syllaba
1464 1669 1630 1733 prioris
1669 1669 1775 1723 coli,

324 1763 429 1808 quae
453 1754 560 1809 post
583 1745 701 1791 duos
724 1744 868 1809 pedes
894 1746 1095 1810 semipes
1120 1746 1306 1802 residet,
1331 1746 1482 1792 brevis
1508 1745 1582 1802 sit,
1609 1763 1666 1791 ne
1691 1763 1775 1808 pro

324 1821 532 1885 spondeo
557 1821 721 1867 tertius
748 1821 929 1867 iambus
951 1822 1161 1885 obrepat,
1187 1823 1296 1886 ⁰qui
1321 1822 1461 1884 hujus
1486 1822 1603 1885 legis
1634 1822 1776 1868 ratio-

324 1914 432 1942 nem
453 1898 674 1950 subruat3
706 1898 950 1960 Pquamvis
967 1897 1176 1960 quidam,
1198 1899 1324 1961 quod
1347 1916 1405 1944 ex
1425 1898 1776 1961 qgeminatione

322 1972 535 2018 videatur
553 1991 711 2019 versus
737 1974 823 2020 iste
850 1974 1116 2031 subsistere,
1141 1993 1234 2021 non
1262 1983 1396 2021 ¹‘sunt
1419 1974 1642 2028 deterriti,
1661 1974 1775 2036 quin

323 2049 449 2094 brevi
488 2050 665 2113 syllaba
702 2051 834 2114 prius
873 2051 1010 2096 colon
1042 2050 1394 2105 concluderent,
1432 2050 1776 2104 Sadfirmantes,

326 2125 442 2170 nihil
478 2126 699 2172 interesse
731 2127 999 2188 cujusmodi
1033 2127 1079 2173 in
1106 2128 1200 2173 fine
1227 2127 1288 2173 sit
1319 2127 1515 2190 syllaba,
1540 2125 1681 2188 idque
1706 2125 1778 2189 ip-

325 2218 429 2246 sum
458 2202 577 2263 juris
613 2222 665 2250 ac
700 2205 814 2267 legis
849 2213 1087 2251 commata
1111 2204 1310 2249 retinere
1333 2203 1598 2259 voluerunt,
1623 2201 1774 2265 tquod

325 2276 372 2321 in
402 2278 530 2323 omni
565 2289 712 2325 metro
748 2290 794 2326 et
823 2280 870 2326 in
907 2297 1192 2343 quocunque
1224 2296 1357 2325 versu
1390 2279 1623 2326 catholice
1658 2296 1777 2342 prae-

325 2360 514 2414 ceptum
554 2364 635 2400 est.
706 2356 798 2402 His
834 2356 1052 2412 subditis,
1077 2366 1130 2403 ut
1160 2356 1340 2402 dictum
1368 2364 1454 2411 est,
1488 2355 1774 2401 hexametris

325 2427 586 2490 elegiacum
614 2442 813 2477 metrum
843 2431 1060 2488 reddunt,
1086 2433 1267 2479 dictum
1293 2449 1352 2478 ex
1382 2450 1453 2489 eo,
1478 2433 1604 2494 quod
1629 2440 1777 2478 vmoe-

326 2503 415 2548 rori
442 2505 675 2566 rebusque
705 2507 916 2554 tristibus
943 2509 1111 2555 modus
1136 2526 1297 2555 eorum
1326 2508 1477 2571 aptior
1502 2525 1601 2554 esse
1620 2507 1777 2555 videa-

380 2680 401 2708 k
430 2684 611 2730 attamen]
646 2684 778 2721 attinet
808 2687 846 2722 P.
877 2700 930 2735 pr.
953 2696 989 2724 et
1010 2701 1106 2725 mox.
1268 2687 1279 2715 l
1308 2690 1469 2736 annexa]
1504 2697 1541 2724 et
1569 2688 1714 2724 adnexa
1734 2688 1775 2723 P.

327 2741 358 2761 m
379 2749 479 2772 nunc
499 2737 556 2783 tu]
582 2749 627 2772 ne
647 2745 688 2773 tu
707 2738 747 2774 P.
902 2748 922 2766 n
941 2741 1094 2788 deseris]
1119 2741 1265 2778 desinas
1285 2742 1327 2778 P.
1488 2748 1507 2768 ⁰
1526 2740 1606 2790 qui]
1631 2754 1712 2790 quae
1731 2741 1774 2777 P.

326 2794 346 2822 P
366 2788 550 2837 quamvis]
574 2801 658 2825 curn
680 2790 718 2825 P.
852 2799 871 2826 q
890 2793 1162 2842 geminatione]
1185 2794 1375 2845 geminato
1396 2807 1444 2830 ne
1464 2795 1504 2830 P.
1632 2801 1647 2819 r
1666 2795 1771 2841 sunt]

327 2840 460 2941 sint]P.
545 2843 823 2930 Jagirmantes]
848 2845 1122 2883 advifirmantes
1142 2848 1182 2883 P.
1257 2849 1272 2874 ’ί
1290 2848 1408 2897 quod]
1432 2860 1512 2897 quae
1532 2847 1572 2884 P.
1646 2851 1663 2868 v
1682 2860 1776 2883 111oe-

328 2907 400 2929 rori
439 2906 573 2931 merom
626 2923 633 2930 .
