1962 3355
275 1043 310 1073 16

282 2344 318 2372 18

334 235 422 272 124
840 225 997 271 Marii
1025 223 1268 270 Victorini
1604 237 1701 268 Lm.
1727 237 1780 267 11.

462 347 562 392 Die
586 364 726 404 nunc,
750 362 844 410 age
873 345 995 400 Clio,
1019 346 1136 392 mihi
1160 345 1235 392 dic
1258 344 1412 392 nobile
1436 361 1642 390 carmen.

330 421 385 467 ld
423 431 579 468 autem
608 422 733 486 quod
771 422 1030 468 trochaeum
1058 422 1225 484 recipit
1262 420 1535 466 Praxillium
1563 419 1783 465 dixerunt

331 507 534 544 metrum
577 507 632 544 a=a
674 498 879 544 Praxilla
918 498 1097 561 poetria
1141 497 1380 560 Sicyonia,
1426 494 1553 557 quod
1589 504 1660 540 est
1704 495 1784 539 tri-

329 584 531 621 metrum
573 575 1033 638 brachycataleetum
1064 574 1242 618 habens
1279 588 1466 634 semper
1494 570 1541 616 in
1579 569 1784 616 secunda

329 651 519 712 regione
557 649 841 696 tiochaicam
872 649 1003 693 basin
1039 657 1144 710 post
1180 647 1383 692 ionicam
1421 647 1640 710 primam,
1664 655 1786 692 tam-

329 745 488 789 quan„

469 804 535 848 Te
558 819 683 847 necne
707 818 822 863 rogo
848 800 1028 847 Phoebe
1052 800 1190 847 dulce
1214 800 1372 846 melos.

332 882 471 935 Item,

468 954 566 1003 Qui
588 970 713 1000 mmo
738 953 918 999 hilares
942 953 1084 999 litare
1110 953 1260 998 deam..

333 1031 556 1077 Incidunt
583 1040 757 1084 autem,
784 1039 835 1075 ut
860 1047 998 1092 supra
1018 1029 1244 1085 diximus,
1269 1029 1317 1074 in
1341 1029 1429 1074 hoc
1455 1037 1605 1074 metro
1630 1028 1787 1092 plures

330 1107 488 1172 pedes,
530 1106 700 1169 quibus
744 1105 932 1151 mollius
975 1105 1184 1151 redditur
1220 1104 1453 1166 frequenti
1497 1105 1784 1168 syllabarum

331 1184 608 1246 adjectione,
633 1192 896 1245 tamquam,

405 1261 570 1307 Genus
596 1261 718 1306 zma'e
743 1259 989 1306 Latinum.
1027 1259 1167 1323 Rogo
1184 1277 1339 1323 genus
1363 1260 1486 1306 unde
1510 1259 1758 1306 Latinum.

330 1337 458 1384 Nam
500 1355 583 1399 pro
609 1336 819 1400 spondeo
844 1336 1025 1399 positus
1050 1347 1121 1382 est
1146 1345 1408 1400 anapaestus
1445 1336 1492 1382 in
1530 1335 1789 1400 primordio

331 1414 473 1460 trium
513 1413 732 1475 bquidem
761 1413 1065 1475 syllabarum,
1092 1411 1170 1458 sed
1197 1422 1355 1459 tamen
1382 1422 1654 1476 temporum
1679 1412 1790 1457 toti-

332 1490 457 1546 dem,
482 1507 574 1552 qua
599 1489 870 1535 conditione
894 1498 940 1534 et
965 1488 1230 1552 tribrachys
1254 1507 1339 1552 pro
1357 1489 1563 1535 trochaeo
1581 1489 1791 1551 plerum-

332 1585 423 1630 que
461 1567 740 1622 admittitur,
777 1583 862 1611 nec
894 1565 1023 1610 enim
1063 1583 1262 1611 numero
1299 1566 1588 1628 syllabarum
1627 1574 1791 1621 metra,

298 1665 310 1671 -
332 1643 411 1689 sed
439 1652 706 1705 temporum
748 1641 915 1705 spatio,
941 1641 1256 1687 examinanda
1289 1651 1412 1688 sunt.
1484 1641 1577 1687 Sed
1609 1650 1655 1688 et
1680 1641 1791 1688 dac-

332 1720 459 1782 tylus
497 1735 838 1780 nonnunquam
878 1735 931 1762 ea
969 1717 1072 1779 lege
1110 1718 1156 1762 in
1184 1717 1443 1763 Sotadeum
1471 1726 1677 1764 metrum
1716 1735 1792 1764 ea-

333 1795 441 1841 det:
479 1805 530 1840 ut
556 1803 642 1849 est,

467 1871 652 1926 Dicite,
676 1888 795 1934 rogo
822 1887 913 1926 vos,
939 1870 1094 1924 dicite,
1121 1870 1240 1933 qnid
1262 1871 1329 1916 ita
1356 1871 1549 1933 rapitur
1573 1871 1723 1916 Attis.

333 1948 411 2002 Et,
438 1947 564 2010 quod
603 1947 754 2010 magis
787 1946 961 1992 mirum
999 1946 1143 1992 videri
1181 1956 1351 2010 posset,
1378 1956 1504 1993 totus
1536 1947 1793 1994 cSotadeus

335 2042 492 2070 versus
526 2042 583 2069 ex
621 2022 866 2069 dtroehaeis
902 2022 1104 2086 pedibus
1140 2023 1314 2087 poterit
1354 2023 1573 2079 ordinari,
1610 2033 1663 2071 ut
1698 2024 1794 2070 duo

338 2101 507 2146 habeat
535 2099 850 2162 ithyphallica
889 2109 1052 2157 metra,
1077 2100 1252 2146 inserto
1279 2099 1435 2146 medio
1459 2100 1684 2155 trochaeo,
1710 2100 1792 2163 qui

337 2185 434 2222 eest
459 2176 703 2239 septimus,
729 2175 890 2231 veluti,

452 2251 625 2291 fBacclze
646 2251 806 2290 Bacche
828 2251 988 2290 Bacche
1010 2251 1171 2291 Bacche
1192 2252 1353 2291 Bacche
1374 2252 1535 2292 Bacche
1554 2253 1725 2293 Bacche.

339 2323 526 2377 Quibus
553 2323 588 2368 si
620 2323 955 2385 interposueris
993 2324 1173 2386 aliquos
1209 2326 1611 2389 brachysylhbos,
1641 2326 1688 2373 id
1725 2336 1795 2373 est

339 2417 365 2445 e
389 2399 538 2445 tribus
564 2398 800 2455 brevibus,
826 2398 1035 2460 ejusdem
1064 2401 1256 2446 rationis
1283 2411 1330 2447 et
1354 2402 1537 2448 numeri
1571 2402 1682 2449 licet
1716 2403 1796 2449 ad-

340 2474 657 2522 crescentibus
701 2474 909 2537 syllabiS‚
945 2486 1214 2539 temporum
1259 2487 1416 2524 tamen
1453 2478 1556 2541 lege
1597 2489 1794 2535 servata,

342 2569 500 2598 versus
537 2550 765 2597 efficietur
795 2552 973 2608 melior,
998 2551 1111 2598 dum
1140 2553 1372 2600 celerioris
1408 2556 1508 2601 soni
1533 2555 1796 2602 vibratione

341 2628 613 2674 decoratur:
650 2635 702 2672 ut
727 2637 812 2683 est,

397 2775 415 2794 ῑῑ
442 2776 481 2803 ut
508 2776 667 2803 metrum
700 2767 868 2803 Praxillae
896 2769 1045 2817 poetriae
1076 2770 1275 2819 Sycioniae]
1306 2780 1346 2808 ut
1374 2780 1532 2808 metrum
1558 2785 1576 2808 a
1607 2772 1798 2822 praxillide

354 2821 484 2857 ›oetria
514 2820 687 2869 Sycionia
717 2821 756 2856 P.
805 2821 974 2857 Correxit
1007 2823 1258 2860 Camerarius:
1292 2827 1355 2861 sed
1386 2838 1453 2861 nos
1477 2825 1632 2862 fortasse
1662 2825 1795 2863 lenius.

352 2881 362 2900 ³
383 2873 528 2923 quidem
553 2872 681 2920 trium]
706 2873 815 2909 trium
838 2873 987 2922 quidem
1010 2876 1048 2910 P.
1124 2883 1140 2902 C
1161 2878 1337 2926 Sotades]
1361 2878 1532 2915 sot-adens
1553 2879 1592 2914 P.
1681 2877 1701 2905 d
1722 2887 1797 2916 tro-

344 2927 497 2975 chaicis]
523 2926 682 2983 trocheis
703 2927 744 2963 P.
850 2935 867 2955 e
887 2928 960 2975 est]
985 2927 1053 2964 erit
1074 2929 1112 2964 P.
1221 2929 1236 2956 f
1254 2932 1400 2968 Bacche
1420 2931 1540 2969 sexies
1561 2940 1705 2969 tantum
1726 2933 1769 2970 P.
