1962 3355
149 191 248 217 CAP.
270 191 330 217 v1.
646 178 715 218 De
737 184 868 218 metro
889 180 1113 219 trochaico.
1519 179 1603 219 547

144 298 271 344 atque
307 288 543 344 Euripides,
567 287 650 327 min
689 297 892 343 quantum
926 288 991 328 hic
1024 297 1084 328 est
1120 287 1600 337 libitum‚1¹c0thurnum

143 356 395 403 extulerunt,
418 363 458 395 et
479 355 545 394 0in
565 363 583 392 'r’
606 355 840 410 Lycamben
864 355 1141 395 Archilochus
1172 354 1339 404 exarsit,
1359 364 1398 394 et
1421 355 1599 394 Menan-

143 422 217 462 der
256 432 382 476 atque
422 420 724 476 Aristophanes
761 435 922 461 omnem
965 421 1158 462 humanae
1195 421 1291 462 vitae
1331 421 1599 462 imitationem

142 489 345 544 persecuti
379 498 488 537 sunt,
525 497 565 528 et
601 487 862 543 <icomplures
897 487 1011 544 lyrici
1049 504 1142 530 suas
1181 488 1403 530 cantilenas
1442 504 1600 543 suaque

142 555 300 597 ludicra
319 564 634 596 contexuerunt.

514 673 626 712 CAP.
648 673 726 712 VI.
758 673 825 712 De
846 679 974 713 metro
996 673 1214 713 trochaico.

213 755 398 795 Iambico
437 765 574 795 autem
626 764 756 796 metro
796 757 1047 797 trochaicum
1096 767 1288 806 metrum,
1330 758 1519 812 quamvis
1558 768 1631 798 et1

141 822 376 878 spondium,
411 830 452 862 et
490 833 764 877 anapaestum,
800 833 840 864 et
871 824 1083 880 dactylum
1121 824 1305 880 recipiat,
1343 834 1412 865 rut
1456 824 1598 865 iambi-

139 905 249 940 cum,
282 906 330 930 eo
362 899 498 931 tamen
529 901 591 930 est
622 891 887 941 contrarium,
920 892 1031 947 quod
1066 893 1106 932 in
1138 892 1313 933 iambico
1343 907 1469 948 supra
1498 892 1597 933 dicti

138 956 264 1012 pedes
303 957 400 997 locis
442 966 601 997 tantum
643 956 869 1013 inparibus,
903 958 943 998 in
986 958 1191 999 trochaico
1223 968 1360 999 autem
1400 974 1481 999 non
1520 959 1598 1000 nisi

137 1024 306 1080 paribus
335 1024 537 1065 conlocari
568 1024 674 1065 licet.
736 1025 985 1065 §Trochaeus
1015 1041 1112 1065 vero
1133 1026 1173 1065 in
1207 1026 1282 1066 hoc
1314 1036 1457 1076 metro,
1481 1027 1593 1082 quod
1616 1039 1631 1059 ²

137 1107 186 1132 ex
209 1107 258 1132 eo
279 1107 426 1132 nomen
447 1092 618 1147 accepit,
641 1091 738 1132 locis
768 1093 973 1142 omnibus,
1001 1093 1230 1149 tribrachys
1261 1093 1358 1134 locis
1389 1094 1594 1145 omnibus,

136 1168 289 1214 praeter
328 1159 517 1215 septimo,
559 1159 739 1214 ponitur.
823 1160 1125 1201 tTrochaicum
1174 1173 1350 1202 metrum
1393 1177 1417 1201 a
1461 1162 1629 1217 poetiss

138 1226 296 1267 Graecis
321 1237 361 1267 et
384 1226 540 1266 Latinis
572 1227 889 1282 Vfrequentatur
921 1228 1145 1283 [ponitur,]
1178 1229 1291 1284 quod
1327 1228 1449 1269 etiam
1485 1230 1594 1270 solus

137 1294 340 1334 trochaeus
361 1295 419 1334 ita
447 1295 606 1335 efficere
627 1302 776 1349 potest,
798 1294 1005 1335 Wincitato
1025 1304 1065 1335 et
1087 1295 1247 1336 minuto
1268 1296 1448 1350 quodam
1470 1312 1591 1337 cursu

136 1361 305 1402 feratur.
369 1362 513 1417 Hujus
535 1361 768 1417 exemplum
783 1378 792 1401 :

352 1443 485 1477 Pastor
504 1443 566 1477 ille
584 1454 675 1489 saepe
693 1453 800 1477 ¹mane
819 1443 922 1477 dulce
942 1454 1086 1477 carmen
1109 1445 1261 1478 insonat.

189 1599 220 1618 m
247 1595 282 1629 z'n
310 1597 484 1640 quantum
514 1594 569 1629 hic
595 1598 645 1629 est
675 1594 831 1641 libitum]

134 1646 258 1682 Antea
283 1645 513 1688 dubitabam,
536 1659 580 1682 an
604 1647 659 1682 hic
681 1655 832 1683 mutan-

136 1698 224 1734 dum
254 1698 301 1734 sit
333 1698 370 1734 in
392 1700 456 1742 his,
478 1699 575 1748 quod
609 1708 734 1736 tamen
764 1701 833 1749 ipsi

135 1750 225 1787 mihi
274 1764 373 1787 nunc
410 1751 594 1800 displicet.
655 1752 831 1789 Suavitati

134 1806 317 1841 sermoni-s
354 1805 499 1854 egregie
537 1805 701 1842 consulit
739 1819 831 1842 con-

128 1861 274 1907 jectura
289 1857 551 1908 elegantissimi
570 1858 727 1895 Gruneri
744 1859 829 1901 mei,

132 1913 170 1946 in
190 1916 364 1958 quantum
394 1913 430 1947 id
458 1917 510 1947 est
539 1913 677 1948 libitum
706 1925 831 1949 emen-

132 1965 268 2001 dantis.
325 1965 484 2007 Tamen,
507 1973 547 2001 ut
574 1965 744 2002 codicum
768 1978 829 2002 ve·

132 2017 241 2066 stigia
275 2030 473 2067 sequamur
503 2018 627 2067 paullo
657 2018 831 2068 pressiuS,

132 2071 258 2106 malim
274 2073 309 2106 in
326 2077 501 2118 quantum
522 2073 586 2107 hoc
605 2077 656 2107 est
677 2073 829 2109 libitum.

187 2185 206 2204 ¹1
229 2178 441 2213 cothurnum
463 2179 683 2225 extulerant]
714 2178 830 2215 Forte

131 2229 167 2266 in
190 2229 316 2266 animo
347 2230 474 2267 habuit
502 2231 591 2267 illud
612 2232 830 2268 Terentiani

129 2283 255 2319 Mauri
286 2297 321 2332 p.
347 2295 461 2331 2432.
484 2286 615 2332 Atqui
645 2286 829 2321 cothurnis

130 2338 245 2383 regios
261 2342 362 2373 actas
383 2339 515 2374 levant.
538 2338 825 2375 RUHNKEN.

184 2398 203 2416 0
230 2392 265 2425 z'n
295 2391 514 2438 Lycamben]
546 2392 630 2427 MS.
664 2391 826 2441 Guelph.

131 2444 167 2477 in
195 2444 538 2480 licabanarcilocus:
572 2443 687 2481 Paris.
709 2458 764 2494 pr.
785 2447 827 2481 lt-

131 2496 281 2537 canban‚
304 2496 395 2532 alter
417 2498 604 2544 lycanban.
638 2498 795 2535 HEUS.

203 2556 222 2583 P
263 2551 299 2584 in
344 2550 547 2596 Lycamben
591 2552 829 2587 Archilochus

131 2601 282 2647 exarsit]
343 2603 514 2638 Imitatur
560 2604 825 2640 Terentianum

129 2655 252 2690 Maur.
284 2667 318 2703 p.
345 2656 460 2702 2438.
492 2657 729 2692 Archilochus
761 2659 828 2693 isto

130 2710 228 2744 soevz't
248 2710 363 2743 iratas
384 2713 494 2743 metro
517 2709 653 2744 Contra
674 2710 828 2756 Lycam-

132 2762 212 2797 bam
234 2762 392 2810 etfllias,
426 2761 693 2797 Terentianum
715 2762 827 2799 etiarn

132 2826 235 2850 more
270 2827 336 2849 suo
369 2815 536 2863 sequitur
566 2814 710 2851 Marius
739 2816 828 2852 Vic-

131 2866 239 2903 torin.
271 2869 350 2903 Art.
382 2868 550 2904 Gramm.
574 2867 624 2904 II.
647 2881 684 2916 p.
710 2879 824 2916 2525.

132 2921 182 2956 Et
202 2921 441 2957 Archilochus
468 2923 504 2956 in
533 2921 733 2968 Lycamben
763 2922 828 2957 hoc

891 1598 1003 1629 metro
1022 1596 1132 1630 soevit.
1163 1595 1453 1632 RUHNKEN.

954 1654 974 1681 q
1013 1649 1212 1695 complures
1259 1649 1379 1696 lyrici]
1426 1649 1586 1700 Guelph.

889 1712 968 1735 cam
996 1701 1120 1747 plures
1149 1702 1252 1744 lirici,
1282 1714 1404 1738 errore
1433 1701 1587 1739 librariis

889 1753 1090 1789 admodum
1110 1753 1291 1791 familiari.
1324 1755 1476 1791 HEUS.

941 1813 957 1831 r
976 1811 1017 1841 ut
1037 1807 1242 1854 iambicum]
1266 1808 1399 1857 Inepte
1420 1808 1583 1858 Guelph.

887 1864 953 1895 aut
974 1860 1175 1904 iambicam,
1193 1861 1290 1909 quod
1308 1869 1416 1897 antea
1431 1874 1477 1898 ex
1494 1875 1584 1898 con-

881 1915 1037 1962 jectura,
1070 1926 1168 1948 nunc
1199 1925 1243 1949 ex
1278 1922 1433 1963 utroque
1465 1915 1582 1951 Paris.

887 1965 1090 2002 emendavi.
1122 1966 1279 2002 HEUS.

942 2025 957 2044 s
982 2019 1172 2055 Trochaeus
1199 2020 1299 2067 vero]
1323 2019 1485 2069 Guelph.
1509 2026 1583 2056 tro-

887 2072 1164 2108 oeoe.HEUs

938 2125 953 2151 t
979 2126 1212 2162 Trochaicum
1246 2127 1414 2174 metram]
1448 2126 1584 2164 Parisi-

885 2191 992 2215 enses
1039 2177 1122 2214 libri
1168 2180 1413 2229 interponunt
1451 2186 1582 2216 autem.

887 2232 1044 2268 HEUS.

939 2292 957 2310 v
974 2285 1241 2333 frequentatur
1255 2285 1425 2333 ponitur]
1448 2285 1582 2322 Poste·

885 2338 957 2374 rius
994 2339 1148 2374 verbum
1188 2351 1231 2374 ex
1274 2339 1397 2388 glossa
1443 2348 1580 2383 ortum,

884 2391 1040 2440 ideoque
1081 2391 1279 2428 delendum
1321 2391 1474 2428 videtur.
1537 2393 1580 2428 Id

885 2458 960 2481 non
975 2444 1310 2481 animadvertentes
1324 2453 1509 2481 corrector
1521 2458 1583 2482 co-

883 2497 974 2534 dicis
1022 2498 1185 2547 Guelph.
1234 2511 1278 2534 ex
1315 2498 1582 2546 frequentatur

883 2551 972 2587 fecit
990 2551 1219 2600 frequenter,
1241 2559 1280 2587 et
1303 2551 1441 2587 librarii
1464 2552 1579 2587 Paris.

883 2605 1156 2641 substituerunt
1174 2604 1453 2653 frequentatum
1475 2607 1580 2652 poni-

885 2663 955 2694 tur.
987 2658 1142 2694 HEUS.

937 2718 965 2736 w
997 2713 1145 2747 incitato
1182 2716 1217 2746 et
1254 2712 1390 2746 minuto
1429 2711 1579 2757 quodam

882 2776 987 2799 cursu
1015 2763 1184 2812 feratur]
1230 2763 1425 2800 Sententia
1459 2763 1582 2811 poscit

885 2821 925 2852 ut
960 2818 1108 2852 incitato
1137 2824 1210 2853 cet.
1269 2815 1426 2851 Videtur
1455 2822 1580 2850 autem

883 2881 1005 2905 cursus
1034 2871 1192 2906 minutus
1218 2881 1239 2904 a
1258 2867 1391 2904 Mallio
1411 2866 1497 2910 dici,
1518 2867 1580 2915 qui

884 2921 1090 2959 minoribus
1109 2922 1280 2972 pedibuS,
1297 2928 1335 2957 et
1353 2919 1582 2957 brevioribus

797 2989 919 3024 4A2
