1962 3355
152 186 260 217 CAP.
280 180 358 218 34.
573 171 654 217 De
677 187 900 217 versuum
920 172 1191 234 generibus.
1510 181 1606 230 499

152 311 285 339 mum
312 301 449 348 esset,
474 291 594 339 hnisi
619 292 746 355 quod
783 302 834 338 ut
868 292 1130 338 enervatius
1162 293 1294 337 fieret
1320 300 1366 337 et
1399 291 1605 347 mollius,

149 369 412 417 hhsecunda
447 378 528 417 aut
562 370 699 416 tertia
724 370 783 415 ab
810 368 977 415 ultima
1008 368 1188 431 syllaba
1213 368 1261 413 in
1296 367 1412 413 duas
1442 368 1604 413 breves

150 447 391 509 geminata
415 456 498 502 est,
522 455 570 492 et
593 446 772 492 factum
799 445 907 502 tale,

322 523 467 564 iLatus
485 523 651 564 horreat
654 522 848 579 flagello,
870 521 1058 562 comitum
1081 519 1229 560 chorus
1250 520 1393 561 ululet.

152 597 202 642 Si
228 607 351 643 esset
368 598 458 654 (sic,

325 673 533 713 Comitum
553 672 701 712 chorus
720 670 740 699 k
752 672 868 720 volet,

151 757 272 791 esset
298 745 364 790 illi
392 745 560 800 simile,

323 821 437 861 Fera
458 821 658 861 montium
679 821 768 861 dea.

151 893 395 941 ‘Ceterum
431 894 544 941 huic
570 903 722 940 metro
747 893 872 956 quod
899 901 1172 939 enervatum
1201 892 1425 947 diximus,
1452 891 1605 938 simile

151 981 224 1017 est
248 971 365 1017 illud
392 971 701 1028 neoterieum‚
727 970 854 1033 quod
880 979 951 1015 est
974 969 1084 1025 tale,

322 1049 491 1089 Rutilos
512 1048 644 1088 recide
664 1049 815 1096 crines,
838 1047 1145 1100 mlzabitumque
1165 1059 1264 1100 cape
1286 1045 1385 1084 viri.

153 1121 263 1168 Hoc
283 1121 436 1168 simile
455 1131 526 1168 est
544 1121 628 1175 illi,
644 1120 701 1166 de
721 1138 815 1182 quo
834 1119 995 1184 paullo
1014 1127 1195 1164 mmante
1214 1116 1605 1185 disputavi‚quod

150 1198 240 1244 fuit
265 1199 372 1253 tale,

322 1275 480 1314 nLatus
500 1274 668 1313 horreat
673 1271 867 1328 flagello,
887 1272 1081 1311 comitum
1101 1271 1250 1310 chorus
1270 1270 1412 1310 ululet.

217 1347 547 1410 Septen-arium
567 1362 754 1391 versum
776 1344 926 1389 Varro
944 1343 1042 1389 fieri
1064 1342 1179 1389 dicit
1205 1342 1296 1388 hoc
1321 1341 1479 1398 modo,
1497 1359 1604 1388 cum
1627 1369 1663 1398 51

151 1423 207 1469 ad
235 1422 520 1469 Oiambicum
550 1422 821 1485 trisyllabus
846 1438 928 1484 pes
955 1419 1158 1473 additur,
1181 1427 1228 1463 et
1253 1419 1307 1463 fit
1331 1418 1440 1473 tale,

325 1498 438 1545 Quid
455 1498 766 1538 immerentibus
787 1503 960 1546 ⁰⁰⁷10068,
980 1495 1081 1551 quid
1101 1494 1264 1534 invides
1283 1494 1445 1534 amicis.

150 1572 330 1619 Similis
356 1572 402 1618 in
426 1572 651 1618 Terentio
676 1589 834 1618 versus
854 1580 938 1627 est,

322 1649 439 1688 Nam
458 1649 496 1689 si
517 1649 725 1688 remittent
745 1648 960 1704 quippiam
982 1646 1242 1687 Philumenae
1263 1644 1434 1684 dolores.

151 1720 217 1767 Et
243 1720 288 1766 in
316 1721 484 1767 Plauto
509 1721 679 1784 saepius
705 1720 820 1766 tales
845 1719 1158 1783 reperiuntur.

219 1796 503 1843 Octonarius
529 1806 614 1852 θεῖ,
640 1806 693 1842 ut
709 1797 857 1842 Varro
882 1795 1011 1850 dicit,
1033 1812 1141 1840 cum
1175 1793 1269 1839 duo
1297 1793 1440 1839 iambi
1466 1791 1608 1856 pedes
1629 1819 1668 1849 52

153 1873 359 1920 iambico
384 1884 537 1919 metro
561 1882 944 1937 Ppraeponuntur,
969 1882 1016 1917 et
1043 1873 1097 1916 fit
1123 1888 1281 1916 versus
1307 1870 1427 1923 talis,

297 1951 451 1990 anter
470 1964 584 1990 meus
604 1950 743 1990 dicens
764 1948 939 1987 docendo
959 1948 1031 2002 qui
1053 1947 1163 1986 docet
1183 1946 1283 1986 dicit
1303 1946 1462 1985 (locens.

154 2023 313 2069 ¹”Tolle
351 2022 462 2069 hinc
502 2023 682 2086 primos
723 2020 841 2067 duos
882 2020 1081 2073 iambos,
1118 2027 1164 2065 et
1201 2019 1288 2065 erit
1324 2018 1434 2074 tale,
1470 2018 1608 2081 quale

155 2099 270 2146 illud
297 2109 383 2154 est,

206 2212 228 2240 h
249 2212 317 2249 nisi
345 2213 444 2261 quod
472 2211 697 2260 enervatius]
732 2213 799 2247 nisi
834 2213 927 2258 quod
957 2217 1019 2247 ute
1048 2211 1246 2247 servatibus
1270 2210 1315 2245 A.
1349 2211 1609 2245 uterervatibus

141 2269 252 2316 fieret
272 2271 306 2302 et
325 2267 487 2302 mollium
509 2267 552 2301 Β.
581 2266 649 2300 nisi
676 2267 770 2312 quod
791 2270 830 2301 ut
851 2278 904 2300 en.
928 2265 1022 2300 Ven.
1161 2262 1204 2289 hh
1225 2263 1386 2299 secunda
1407 2263 1485 2309 aut]
1510 2262 1534 2298 f.
1556 2275 1608 2298 se-

154 2322 269 2357 cundo
289 2324 462 2356 commate
488 2320 639 2355 Santeu.
661 2319 813 2354 Terent.
833 2319 957 2354 Maur.
980 2331 1016 2366 p.
1033 2328 1123 2365 375.
1334 2313 1344 2341 i
1364 2316 1477 2362 latus]
1510 2317 1609 2352 lacus

154 2374 249 2409 A.B.
359 2371 381 2397 k
400 2372 496 2419 ulet]
521 2373 616 2408 volet
636 2372 729 2408 AB.
752 2373 866 2407 ululet
889 2371 982 2407 Ven.
1140 2368 1151 2395 l
1173 2371 1358 2406 Caeterum
1381 2368 1480 2418 quod
1502 2381 1608 2404 ener-

156 2425 289 2471 vatius]
312 2430 467 2460 ceterum
487 2426 570 2461 huic
588 2431 702 2461 metro
722 2427 816 2472 quod
836 2430 1043 2460 enervatum
1063 2424 1156 2460 AB.
1281 2430 1311 2448 m
1333 2421 1518 2469 habitum]
1544 2423 1607 2458 ha-

157 2480 337 2525 bitumque
357 2479 400 2513 A.
423 2479 487 2526 qui
509 2491 593 2514 mox
613 2492 687 2514 om.
709 2492 789 2526 quo.
822 2479 1050 2525 habitumque
1070 2489 1178 2524 caper
1199 2477 1243 2511 B.
1419 2482 1438 2500 n
1459 2474 1610 2511 latus—

157 2531 318 2581 flagello]
344 2532 694 2580 lacus—etflogello
709 2533 754 2568 A.
839 2538 903 2557 mm
919 2531 1022 2577 ante]
1046 2535 1153 2565 antea
1174 2530 1219 2566 B.
1240 2538 1277 2565 et
1298 2530 1407 2564 lacus.
1479 2534 1497 2554 o
1517 2527 1609 2565 iarn-

157 2585 280 2622 bicum
304 2584 530 2631 trimetrum]
558 2587 758 2620 trimetrum
778 2597 854 2620 om.
874 2585 970 2621 A.B.
1002 2585 1157 2619 iambum
1180 2583 1405 2630 trisyllabum
1424 2593 1485 2628 pes
1505 2583 1609 2617 addi-

158 2644 220 2674 tur
238 2638 334 2673 Ven.
463 2643 502 2663 oo
521 2649 621 2672 voces
638 2637 732 2673 Ven.
753 2645 790 2673 et
812 2650 897 2673 mox
917 2640 1151 2672 remitterent.
1279 2642 1298 2670 Ρ
1320 2634 1605 2684 praeponuntur]

158 2695 387 2740 opponuntur
406 2689 450 2724 A.
468 2695 722 2737 proponuntur
742 2690 785 2725 B.
804 2692 887 2736 pedi
906 2690 1001 2726 Ven.
1023 2702 1089 2739 pro
1110 2695 1236 2724 metro.
1399 2694 1419 2720 q
1440 2687 1608 2723 Psalmos

730 2748 739 2764 l

160 2790 263 2814 meus
280 2777 436 2823 docens]
458 2780 565 2823 pater
583 2787 680 2811 meus
699 2776 825 2810 docens
844 2775 935 2810 AB.
959 2776 1126 2810 Psalmus
1145 2775 1240 2810 Ven.
1362 2779 1376 2798 Γ
1392 2772 1499 2808 Tolle
1520 2771 1608 2808 huic

159 2830 298 2880 primos
319 2830 410 2866 duos
432 2828 544 2877 pedes
561 2835 599 2863 et
617 2827 686 2863 erit
707 2827 788 2863 talis
803 2827 911 2876 quale
930 2827 1037 2874 illud]
1062 2829 1146 2864 tolle
1162 2829 1243 2865 hinc
1260 2827 1396 2873 primus
1412 2826 1500 2860 duos
1519 2826 1608 2860 iam-

161 2885 220 2919 bos
239 2888 273 2919 et
293 2885 360 2919 erit
379 2883 452 2918 tale
471 2883 577 2929 quale
598 2882 688 2916 illud
708 2885 759 2916 est
779 2881 824 2916 A-.
846 2887 883 2916 et
903 2879 978 2916 fere
998 2880 1043 2917 Β,
1065 2893 1184 2916 versus
1205 2880 1299 2915 Ven.
1322 2891 1386 2927 pro
1404 2879 1520 2925 pedes.

818 2949 948 2987 3s2
