1962 3355
122 251 227 281 CAP.
246 243 291 281 3.
546 233 627 279 De
650 231 818 278 metris
841 231 1144 277 Horatianis.
1480 235 1573 285 227

392 353 536 400 Veris
560 359 606 399 et
629 352 825 399 Favoni.

123 430 222 476 Hic
255 431 396 475 etiam
436 429 651 475 subditus
687 428 790 473 loco
826 426 965 489 epodi
1003 442 1179 480 versus,
1206 425 1250 469 in
1291 441 1386 486 quo
1422 423 1576 486 prima

122 522 228 568 pars
259 505 463 550 iambica
498 513 582 558 est,
603 504 796 565 adaeque
831 512 924 548 tres
960 501 1190 547 trochaeos
1229 501 1276 545 in
1313 500 1485 546 ultimo
1524 507 1576 544 ut

123 581 360 643 rsuperior
393 581 574 644 recipit.
643 579 772 625 Nam
803 578 1098 640 trahuntque
1125 576 1278 622 siccas
1315 575 1470 638 portio
1506 583 1576 619 est

123 656 268 703 iambi
307 658 622 720 superfluente
658 654 897 719 semipede
939 670 1032 707 σας,
1057 670 1163 714 quae
1199 650 1343 696 efficit
1377 649 1578 713 penthe-

123 733 355 778 mimeren
396 741 573 778 tomen.
658 731 830 793 Neque
877 730 1005 775 enim
1056 729 1134 773 hic
1175 726 1450 773 catalectica
1492 732 1577 780 est,
1598 741 1636 773 25

123 825 232 853 nam
261 807 469 854 diximus
506 807 740 854 catalexin
777 823 875 852 esse
913 822 1020 851 cum
1060 803 1331 866 legitimum
1371 808 1576 847 metrum

125 894 205 931 aut
242 884 411 948 pedem
450 902 475 930 e
511 883 722 947 syzygia,
759 891 840 929 aut
875 882 1107 946 syllabam
1149 897 1174 925 e
1213 878 1421 942 simplici
1459 876 1579 941 pede

125 960 341 1015 Samittit,
369 960 447 1006 hic
471 960 596 1005 enim
626 959 937 1023 superfluunt.
1006 957 1135 1020 Ergo
1161 965 1208 1002 et
1235 955 1311 1001 hic
1347 954 1436 1000 sibi
1469 970 1580 999 con-

115 1036 280 1100 jungit
303 1045 396 1082 tres
421 1036 668 1092 trochaeos,
693 1035 775 1090 sic,

390 1111 630 1158 Machina&
656 1111 858 1157 carinas.

125 1188 220 1240 Qui
254 1197 414 1233 tamen
449 1187 599 1249 possit
623 1196 671 1232 et
696 1202 866 1231 scazon
893 1183 1129 1229 trimetros
1162 1180 1324 1227 videri.
1393 1179 1523 1226 Nam
1546 1179 1581 1225 si
1605 1192 1644 1224 26

124 1263 339 1328 perduas
366 1262 587 1325 syzygias
613 1280 638 1308 a
662 1262 816 1324 prima
841 1269 973 1324 parte
999 1274 1185 1303 versum
1213 1255 1410 1309 dividas,
1431 1255 1476 1300 id
1500 1265 1586 1311 est,

399 1337 716 1400 Trahuntque
738 1336 891 1382 siccas
915 1334 1143 1380 machinae
1159 1352 1173 1378 .·

126 1414 387 1460 tclauditur
445 1412 728 1459 antibaccho
775 1411 911 1475 pede,
949 1410 1029 1472 qui
1084 1418 1154 1455 est
1200 1408 1410 1454 carinas.
1492 1406 1584 1452 Sed
1608 1423 1645 1455 27

127 1490 317 1552 quaudo
349 1507 509 1554 parem
544 1489 749 1535 formam
789 1487 917 1534 idem
942 1485 1263 1533 Archilochus
1304 1483 1491 1529 videtur
1516 1483 1588 1528 in-

128 1566 320 1612 duxisse
346 1565 610 1627 adjiciendo
637 1564 802 1626 majori
837 1564 1086 1627 syllabam,
1111 1570 1158 1607 et
1183 1559 1475 1607 detrahendo
1502 1558 1588 1604 mi-

128 1642 247 1699 nori,
283 1660 378 1704 quo
410 1651 608 1704 uterque
646 1641 796 1688 tribus
834 1639 1054 1686 trochaeis
1094 1637 1406 1691 clauderetur,
1444 1634 1589 1681 satius

129 1728 200 1764 est
225 1717 431 1764 iambico
456 1717 701 1773 commati,

403 1794 721 1857 Trahzmtque
743 1793 893 1839 siccas
916 1791 1160 1846 ηιαεΙιὶηίε,

132 1871 321 1916 eosdem
363 1869 593 1915 trochaeos
632 1868 842 1930 adjungi,
881 1884 1022 1928 quam
1063 1876 1170 1928 post
1209 1864 1452 1928 geminam
1490 1862 1591 1923 ejus

132 1945 357 2010 dipodian
398 1945 779 1991 uantibacchum
820 1942 1043 1989 ultimum
1087 1941 1216 2004 poni,
1258 1950 1310 1986 ut
1345 1939 1592 2000 utriusque

132 2040 293 2069 versus
311 2023 520 2069 clausula
546 2039 639 2067 una
664 2022 766 2084 lege
790 2028 1019 2066 teneatur.
1079 2017 1278 2064 Etenim
1299 2016 1335 2062 si
1363 2014 1590 2078 superiori
1613 2030 1652 2058 28

135 2116 276 2146 unam
303 2098 564 2161 dempseris
583 2106 630 2143 et
655 2095 864 2143 inferiori
885 2094 1118 2141 addideris
1138 2093 1387 2156 syllabam,
1409 2090 1487 2136 hic
1512 2089 1593 2136 tri-

137 2185 285 2223 meter
317 2175 565 2230 iambicus,
591 2173 666 2218 ille
698 2173 866 2218 herous
893 2171 1171 2216 hexameter
1195 2170 1292 2224 fiet,
1319 2168 1410 2213 hoc
1435 2165 1592 2223 modo,

267 2250 487 2297 Solvitur
510 2249 639 2295 acris
663 2249 826 2311 hyems
846 2252 998 2310 grata
1020 2246 1120 2293 vice
1143 2245 1270 2291 veris
1295 2250 1341 2290 et
1366 2243 1461 2297 oni,

274 2326 584 2389 Trahuntque
606 2325 756 2372 siccas
779 2323 1007 2370 machinoe
1032 2320 1291 2369 carinula&

138 2402 331 2449 Adnota
366 2419 477 2447 sane
515 2402 606 2447 hoc
644 2411 846 2446 metrum
886 2399 1030 2445 seme]
1058 2397 1183 2462 apud
1209 2396 1467 2443 Horatium
1495 2412 1595 2440 esse

139 2487 368 2540 pos1tum.

206 2552 387 2605 Quinta
411 2552 500 2599 ode
524 2552 610 2598 tria
640 2569 812 2616 genera
848 2551 1009 2607 habet,
1034 2568 1144 2597 nam
1175 2549 1352 2610 priores
1378 2546 1473 2593 duo
1499 2562 1597 2591 ver-
1618 2563 1657 2596 ²9

141 2647 218 2675 sus
243 2628 543 2692 Asclepiadei
569 2637 693 2682 sunt,
713 2628 878 2674 tertius
898 2626 1240 2680 Pherecratius,
1260 2633 1456 2688 quartus
1480 2622 1599 2685 Gly-

141 2721 322 2760 conius,
348 2721 430 2761 sm,

196 2836 211 2854 r
230 2825 415 2877 superior]
439 2827 608 2875 superius
630 2827 671 2862 P.
810 2831 825 2850 s
846 2820 1292 2872 amittit—superfluunt]
1314 2817 1599 2855 admittit—su-

143 2879 292 2931 perfluit
312 2880 352 2915 P.
475 2881 486 2900 ῑ
504 2878 706 2927 clauditur]
731 2876 961 2914 claudicatur
981 2877 1021 2912 P.
1145 2882 1166 2900 u
1186 2871 1481 2917 antibacchium]
1504 2868 1600 2905 anti-

145 2934 325 2971 bacchum
347 2933 388 2969 P.
410 2939 447 2968 et
467 2944 578 2981 supra
602 2932 662 2967 26.

840 3001 976 3053 Gg2
