1962 3355
99 221 204 253 CAP.
231 217 274 253 4.
584 204 661 249 De
689 201 1067 265 Ortlzograplzia.
1522 206 1546 255 7

234 328 281 377 Q
306 343 570 373 consonans
598 334 729 371 muta
755 323 918 387 rigida.

228 404 276 451 R
300 420 562 450 consonans
588 400 882 448 semivocalis
907 398 1236 445 immutabilis,

231 480 275 526 S
292 497 555 526 consonans
582 476 876 524 semivocalis
902 476 1067 522 facilis.

240 557 567 603 Tconsonans
594 563 726 600 muta
752 552 986 616 spiritalis.

235 631 291 678 V
305 631 477 677 vocalis
500 630 739 676 interdum
765 646 1044 675 consonans.

231 706 291 752 (Υ
307 725 573 753 consonans
600 705 894 752 semivocalis
920 705 1112 768 duplex.

233 782 289 828 Y
304 782 476 829 vocalis
503 783 685 829 Graeca.

231 860 278 905 Z
299 878 562 907 consonans
588 859 881 906 semivocalis
907 859 1074 906 Graeca
1098 858 1290 922 duplex.

101 937 149 983 R
174 945 220 982 et
247 937 473 983 Slitterae
509 936 633 1000 apud
672 936 891 998 antiquos
927 953 1233 982 communem
1273 943 1552 999 potestatem

102 1013 356 1071 habebant,
401 1013 574 1070 Arbos,
610 1013 757 1069 labos,
795 1013 969 1066 homan
1022 1030 1164 1068 nunc,
1210 1013 1366 1068 arbor,
1408 1011 1557 1067 labor,

102 1090 262 1136 honor.

386 1222 521 1272 CAP.
553 1221 651 1272 IV.
714 1221 833 1272 aDe
865 1220 1279 1289 Ortlzograplzia.

169 1320 315 1366 Nunc
339 1320 561 1383 quoniam
589 1337 661 1366 res
688 1320 949 1376 admonuit,
974 1338 1067 1367 non
1095 1321 1349 1367 absurdum
1376 1321 1562 1367 videtur

103 1397 162 1442 de
187 1397 572 1461 borthographia
604 1397 766 1461 paucis
793 1397 1010 1452 scribere,
1035 1397 1107 1443 vel
1131 1397 1379 1460 Analogia.
1432 1397 1562 1443 CErit

103 1473 266 1536 itaque
302 1474 348 1519 in
385 1474 618 1538 principio
642 1474 914 1528 dicendum,
940 1474 1344 1536 quemadmodum
1380 1474 1560 1536 antiqui

105 1550 390 1614 scripserint,
437 1550 611 1596 dehinc
657 1550 772 1613 quid
822 1569 949 1597 nunc
997 1551 1254 1597 debeamus
1301 1552 1560 1597 observare.

106 1628 433 1674 Consonantes
468 1627 646 1674 litteras
681 1645 776 1673 non
814 1628 1137 1690 geminabant,
1168 1636 1220 1673 ut
1255 1627 1301 1673 in
1342 1627 1430 1684 his,
1460 1627 1594 1674 Avi-2

107 1705 228 1761 nim,
263 1703 551 1759 dLucullus‚
589 1703 873 1758 stlat-cellas,
909 1703 1186 1761 Memmius,
1215 1713 1262 1750 et
1297 1713 1450 1750 cetera
1490 1703 1562 1749 his

107 1780 294 1837 similia,
331 1781 409 1827 sed
441 1800 580 1845 supra
616 1782 837 1837 litteram,
873 1798 1014 1843 quam
1055 1781 1284 1844 geminari
1315 1781 1564 1843 oportebat

107 1857 300 1914 scilicet,
323 1858 567 1904 Sicilicum
607 1858 934 1921 imponebant,
961 1857 1094 1918 cujus
1131 1858 1280 1919 figura
1315 1856 1416 1902 haec
1450 1865 1564 1913 eest,

120 1939 174 1988 Λ
195 1971 207 1990 ,
234 1934 375 1996 idque
393 1943 491 1980 erat
509 1934 695 1997 signum
716 1932 1005 1996 geminandi,
1024 1933 1146 1979 sicut
1165 1942 1358 1996 apparet
1377 1933 1421 1978 in
1445 1934 1566 1979 mul-

109 2011 167 2056 tis
209 2010 364 2056 adhuc
403 2011 638 2056 veteribus
679 2011 743 2056 ita
782 2010 965 2073 scriptis
1008 2010 1163 2056 libris:
1208 2009 1366 2056 fiidem
1412 2028 1564 2066 voces,

109 2105 216 2150 quae
255 2087 482 2151 pressiore
515 2105 630 2132 sono
669 2087 983 2142 seducuntur,
1016 2103 1176 2140 ausus,
1210 2103 1370 2143 causa,
1391 2086 1564 2150 fissus,

163 2213 182 2232 a
204 2206 260 2242 De
281 2205 574 2256 Ortliographia]
600 2206 658 2241 De
678 2204 914 2255 ortographia
936 2206 973 2240 P.
1095 2202 1115 2230 b
1135 2204 1416 2254 orthographia]
1439 2205 1564 2241 ortho-

109 2258 271 2308 graphya
291 2259 331 2294 P.
456 2265 471 2284 e
491 2259 577 2305 Est]
604 2258 684 2294 Erit
704 2260 744 2294 P.
868 2256 886 2284 (Ῑ
910 2257 1101 2300 Lucullus,
1122 2258 1346 2304 Memmius]
1371 2258 1563 2300 Lucullus,

108 2311 323 2351 Marcellus,
345 2311 550 2347 Memmius
571 2312 613 2348 P.
690 2319 705 2337 Ε
727 2319 795 2353 est,
843 2312 962 2360 quod]
986 2319 1042 2347 est
1065 2315 1112 2354 Α
1146 2310 1255 2360 idque
1277 2312 1316 2348 P.
1396 2310 1412 2337 f
1427 2312 1560 2359 iidem]

109 2366 206 2402 idem
230 2366 269 2401 Ρ.
369 2372 389 2399 g
409 2365 596 2411 aesluntur]
620 2365 830 2401 educuntur
851 2366 891 2400 P.

167 2477 186 2500 2
220 2463 429 2512 Sicilicuni]
461 2464 601 2500 Deerat
631 2473 720 2500 nota
754 2462 809 2499 Si·
866 2471 942 2499 tate
961 2463 1199 2499 solummodo
1215 2462 1507 2513 distinguuntur,
1526 2470 1565 2498 ut

111 2517 220 2559 cilici,
244 2517 356 2566 paulo
380 2525 465 2565 post
489 2520 579 2560 ἁπλῆ
598 2530 640 2553 ea
661 2516 807 2553 dicitur.
865 2525 952 2552 sunt:
1008 2529 1060 2552 eae
1119 2529 1210 2565 quas
1265 2517 1563 2552 memoravimus,

110 2570 336 2620 Accipienda
355 2578 478 2606 autem
504 2579 593 2606 nota
612 2570 808 2619 longarum
865 2570 1064 2605 CAMER.

110 2623 290 2660 vocalium
323 2636 389 2672 pro
423 2636 494 2671 qua
523 2631 664 2660 veteres
699 2624 809 2660 docet
917 2622 964 2659 ib.
1007 2622 1080 2659 Hic.
1120 2621 1255 2658 Sicilici
1295 2623 1410 2672 figura
1448 2623 1565 2664 abest,

111 2675 364 2716 Quintilianus
378 2677 588 2726 geminasse
601 2677 757 2719 vocales,
770 2684 812 2713 ut
867 2689 949 2724 quae
969 2676 1064 2724 apud
1090 2677 1231 2711 Bedam
1263 2675 1314 2712 sic
1341 2675 1534 2725 pingitur]
1556 2690 1562 2709 :

98 2730 217 2778 feelix
237 2743 302 2778 pro
314 2729 414 2777 selim
433 2730 647 2769 scriberent,
670 2732 812 2766 maedus
867 2730 964 2778 apud
985 2729 1218 2765 Demetrium
1239 2729 1476 2764 Alabandum
1499 2731 1565 2770 sic,

112 2797 178 2832 pro
200 2785 324 2824 malus,
343 2784 476 2830 paulus
491 2796 557 2831 pro
575 2785 694 2830 palus.
725 2783 810 2819 Hoc
867 2795 920 2829 ᾖε
954 2781 1043 2818 alias
1077 2791 1112 2821 Ἰ.
1163 2783 1295 2830 Syrum
1329 2794 1465 2817 nomen
1496 2789 1564 2817 est.

111 2836 214 2886 apice
262 2835 357 2871 idem
398 2844 504 2872 autor
541 2845 618 2872 tum
659 2837 810 2872 demum
868 2836 979 2872 Hauc
1009 2838 1117 2878 ἁπλῆν
1148 2848 1309 2871 aversam
1342 2842 1470 2883 postea
1500 2846 1564 2882 ap-

112 2897 238 2925 censet
269 2889 461 2931 utendum,
493 2902 577 2925 cum
607 2889 811 2926 similitudo
866 2889 979 2938 pellat
1003 2887 1228 2925 Victorinus.
1259 2887 1430 2923 COMM.

113 2941 235 2990 aliqua
254 2950 310 2978 est
330 2941 533 2978 dictionum
557 2956 637 2991 quae
661 2944 810 2992 quanti-
