1962 3355
388 186 442 224 18
893 178 1054 225 Marii
1081 178 1323 226 Victorini
1675 193 1770 223 ΜΒ.
1798 192 1830 222 1.

383 300 504 346 inter
530 317 562 346 n
597 298 664 345 iet
694 316 732 362 g
767 299 977 346 medium
1017 309 1150 346 sonet
1181 300 1308 347 vocis
1344 299 1610 364 productae:
1647 315 1758 354 non,
1784 304 1835 342 ut

384 375 485 422 aliis
521 375 722 431 videtur,
758 375 882 421 inter
921 392 967 422 m
1001 385 1048 422 et
1079 394 1138 423 n.-
1181 377 1407 439 quoniam
1446 376 1492 422 in
1535 373 1836 438 copulatione

384 451 668 515 syllabarum
706 449 1011 497 familiarium
1047 461 1093 498 et
1121 453 1256 498 nobis
1289 451 1507 497 habenda
1538 451 1654 497 ratio
1686 458 1771 505 est,
1807 465 1838 493 n

383 545 527 590 quam
559 544 597 591 g
631 527 788 590 potius
825 527 1051 585 scribetis,
1086 545 1438 591 nonnunquam,
1469 543 1756 591 quanquam,
1792 533 1839 570 et

327 615 367 656 56
386 603 571 650 similia.
621 603 750 649 Nam
788 603 824 649 si
862 603 983 649 inter
1017 621 1062 650 m
1103 614 1149 650 et
1183 623 1215 651 n
1249 614 1370 651 esset
1401 604 1658 667 disputatio
1686 601 1839 654 nobis,

385 698 490 744 quae
516 680 560 726 in
589 680 689 726 aliis
715 679 906 742 quidem
933 681 1101 737 verbis,
1125 680 1202 726 kin
1241 680 1522 744 supradictis
1559 688 1718 725 autem
1744 693 1839 722 non

386 766 471 812 est,
497 755 795 802 commodius
820 755 960 802 credo
985 765 1169 802 acturos
1205 757 1350 803 fuisse
1386 765 1586 819 receptae
1622 752 1843 800 ¹auct0ri-

386 833 494 879 tatis
521 834 657 888 viros,
683 832 720 877 si
754 832 877 878 hanc
908 833 1064 895 potius
1101 832 1347 878 redderent
1382 831 1629 888 rationem,
1655 848 1712 875 ne
1737 828 1843 874 duae

385 918 540 972 partes
565 907 803 962 orationis,
829 924 933 968 quae
961 907 1141 967 junetae
1165 925 1302 953 voces
1328 906 1639 962 confundunt,
1665 905 1846 966 integre

387 984 651 1030 scribantur
665 992 760 1028 tam
780 991 809 1010 ¹¹¹
822 982 1002 1036 deinde,
1020 1000 1161 1045 quam
1183 1001 1279 1028 non
1297 983 1435 1036 vnde,
1454 982 1578 1038 inde,
1594 991 1641 1027 et
1660 981 1846 1038 similia,

388 1061 530 1107 etiam
556 1058 714 1122 uquod
745 1059 791 1104 in
822 1058 876 1104 iis
902 1059 1114 1114 vocibus,
1134 1076 1241 1121 quae
1270 1058 1486 1104 ultimam
1514 1058 1692 1104 habent
1717 1074 1776 1113 m,
1808 1055 1844 1102 si

389 1146 612 1199 sequatur
634 1154 665 1182 η
691 1144 902 1181 mutatur
925 1153 971 1181 m
996 1136 1043 1181 in
1069 1153 1114 1192 η,
1139 1145 1191 1181 ut
1217 1153 1326 1182 cum
1354 1135 1623 1192 Hannibal,
1643 1134 1847 1195 Hiemp-

332 1229 370 1260 57
389 1213 477 1259 sal.
516 1211 655 1257 0Jam
686 1210 813 1257 aliud
840 1219 910 1256 est
933 1211 1056 1268 sciit,
1081 1211 1208 1257 aliud
1232 1212 1370 1259 scivit
1387 1232 1401 1258 :
1434 1213 1560 1258 scire
1582 1210 1708 1256 enim
1735 1209 1847 1254 facit

390 1291 607 1343 sciscere,
633 1287 678 1333 id
705 1297 788 1341 est,
817 1287 1000 1348 jubere,
1031 1288 1252 1351 praebere.
1321 1288 1435 1333 Non
1461 1287 1621 1333 omnia
1646 1283 1847 1332 rotunda

391 1376 490 1412 rata
527 1373 636 1410 sunt
668 1381 776 1410 cum
816 1362 835 1408 l
867 1372 913 1409 et
947 1380 975 1409 r
1010 1363 1236 1426 geminari
1275 1363 1441 1420 solent,
1479 1362 1698 1425 quotiens
1731 1361 1849 1406 ratio

393 1460 487 1488 non
525 1449 755 1504 repugnat
791 1439 975 1485 aurium
1014 1457 1142 1494 sono,
1168 1449 1221 1486 ut
1255 1439 1299 1486 in
1330 1439 1475 1494 nullo,
1502 1440 1548 1484 in
1573 1455 1742 1485 verre:
1774 1453 1851 1483 ca-

394 1517 545 1564 melus
568 1534 692 1571 vero,
708 1525 754 1561 et
774 1515 973 1578 loquela,
991 1527 1037 1561 et
1062 1516 1303 1578 queerela,
1322 1526 1368 1562 et
1391 1515 1606 1570 suadela,
1625 1523 1672 1561 et
1697 1512 1851 1560 tutela

335 1616 375 1656 58
397 1612 490 1640 uno
517 1593 536 1639 l
557 1592 802 1639 scribenda
828 1601 952 1647 sunt,
978 1600 1061 1638 qut
1084 1610 1181 1638 uno
1205 1610 1246 1648 r,
1272 1599 1426 1647 norat,
1450 1609 1615 1638 varus.
1676 1590 1853 1636 Ortho-

395 1669 594 1734 graphia
614 1669 889 1715 Graecorum
912 1685 969 1714 ex
991 1678 1122 1732 parte
1142 1670 1352 1716 maxima
1371 1669 1421 1714 in
1447 1668 1540 1714 iota
1559 1668 1716 1714 littera
1739 1684 1854 1713 con-

397 1747 544 1792 sistit:
581 1763 692 1791 nam
728 1753 775 1790 et
811 1762 895 1808 pro
926 1744 1070 1802 brevi,
1094 1754 1140 1791 et
1173 1763 1256 1809 pro
1291 1746 1450 1809 longa,
1473 1746 1601 1791 velut
1632 1745 1777 1790 Υἰάσων
1807 1752 1855 1788 et

396 1822 530 1868 ἀονίαε
569 1831 615 1867 et
640 1821 686 1867 in
714 1820 1001 1883 quibusdam
1037 1821 1205 1868 mediis
1242 1821 1560 1885 interponitur
1583 1820 1752 1875 verbis,
1777 1827 1855 1865 S’ut

397 1896 515 1945 αἵδεε
540 1907 586 1944 et
611 1898 657 1943 in
683 1898 924 1952 extremis,
949 1907 1000 1944 ut
1026 1900 1095 1944 tet
1119 1899 1248 1960 εὖχῆι,
1272 1898 1426 1961 πορεύηι
1448 1917 1458 1944 :
1485 1906 1532 1943 et
1557 1897 1754 1943 vdativis
1779 1914 1857 1942 ca-

399 1976 527 2021 sibus
565 1973 864 2036 adjungitur:
901 1982 1051 2020 wcum
1082 1997 1105 2032 η
1140 1975 1434 2032 enuncietur,
1460 1984 1506 2020 et
1541 1973 1706 2020 eadem
1744 1973 1857 2018 sub-

392 2051 521 2113 jecta
553 2071 569 2095 ε
603 2050 769 2095 litterae
804 2049 917 2095 facit
953 2050 1144 2112 longam
1184 2052 1413 2115 syllabam
1453 2073 1501 2106 ει,
1524 2049 1685 2112 Xquod
1720 2058 1857 2094 antea

401 2127 672 2172 servabatur
708 2124 833 2189 apud
868 2142 954 2171 nos
979 2143 1194 2188 quoque:
1233 2144 1342 2172 nam
1369 2135 1415 2172 et
1439 2144 1524 2189 pro
1551 2126 1677 2172 brevi
1704 2134 1750 2171 et
1773 2141 1859 2189 pro

457 2286 467 2314 i
488 2300 511 2323 n
529 2288 570 2335 g]
595 2299 616 2322 η
638 2294 675 2322 et
692 2300 717 2334 g
736 2286 776 2322 P.
954 2284 975 2311 k
997 2285 1032 2321 in
1054 2285 1273 2336 supradictis
1296 2288 1438 2335 autem]
1461 2294 1498 2322 et
1518 2285 1555 2322 in
1577 2284 1797 2336 supradictis
1817 2286 1859 2322 P.

403 2339 415 2369 l
435 2339 687 2387 authoritatis]
711 2338 943 2375 auctoritatis
964 2339 1002 2375 P.
1155 2347 1186 2365 m
1206 2340 1240 2375 d.
1262 2339 1347 2375 inde
1368 2353 1491 2388 quam.
1513 2341 1570 2387 n.]
1595 2339 1729 2376 deinde
1747 2351 1860 2388 quam

406 2408 481 2431 nou
503 2394 544 2430 P.
688 2400 708 2418 ¹³
729 2391 845 2442 quod]
867 2405 948 2440 quae
968 2392 1007 2427 P.
1135 2400 1152 2418 0
1168 2393 1251 2429 Jam
1274 2393 1389 2440 aliud]
1416 2393 1469 2428 Ad
1492 2394 1526 2428 h.
1546 2407 1579 2429 v.
1601 2393 1730 2429 obelus
1751 2413 1804 2418 ——
1823 2391 1860 2427 in

406 2461 522 2497 marg.
542 2447 584 2482 P.
748 2452 767 2480 P
788 2445 954 2493 querela]
981 2453 1018 2481 et
1038 2446 1186 2494 querela
1207 2447 1247 2482 P.
1409 2454 1428 2480 q
1450 2459 1523 2482 uno
1544 2460 1562 2481 r
1579 2447 1703 2494 norat]
1727 2453 1766 2481 ut
1785 2457 1863 2481 uno

406 2515 425 2537 r
445 2508 549 2536 uarat
569 2500 609 2535 P.
774 2505 790 2523 ¹·
809 2500 926 2545 ι’άσων]
952 2499 1059 2534 rasos
1082 2499 1120 2534 P.
1249 2506 1263 2524 s
1285 2508 1325 2535 ut
1344 2498 1430 2546 αἵδε]
1454 2505 1550 2535 alAH
1574 2500 1612 2535 P.
1740 2498 1755 2524 t
1774 2500 1864 2543 εὒχῆι

406 2554 542 2602 πορεύηι]
568 2561 604 2588 et
624 2568 712 2598 ευχηι
740 2564 861 2600 mpyni
890 2553 930 2588 P.
1093 2559 1112 2577 v
1132 2552 1276 2588 casibus
1307 2552 1453 2599 dativis]
1485 2552 1618 2589 dativis
1646 2551 1790 2588 casibus
1820 2551 1862 2587 P.

407 2624 436 2643 W
465 2630 579 2667 quum
602 2616 638 2663 η]
670 2629 753 2652 cum
774 2618 814 2654 N
843 2618 883 2653 P.
1049 2624 1068 2642 x
1089 2617 1206 2666 quod]
1230 2618 1362 2666 que‚P.

466 2747 516 2795 56
545 2754 620 2782 tam
650 2747 672 2781 d
691 2745 777 2782 inde
797 2758 905 2795 quam
936 2758 959 2781 n
989 2746 1106 2792 unde]
1166 2745 1187 2782 d
1209 2747 1289 2783 inde
1310 2759 1415 2792 quam
1437 2759 1505 2782 non
1526 2747 1652 2782 deinde
1672 2749 1706 2780 et
1721 2745 1864 2780 similia.

411 2800 577 2837 Notetur
597 2799 786 2835 mendum.
844 2798 924 2835 Nisi
945 2799 996 2835 ita
1014 2798 1111 2835 forte
1167 2799 1365 2835 CAMER.
1425 2800 1520 2835 Haec
1541 2797 1685 2836 mendis
1705 2810 1780 2833 non
1802 2809 1864 2833 ca-

412 2852 625 2903 legendum,
656 2852 754 2901 quod
789 2860 914 2888 tamen
945 2865 991 2888 ne
1021 2851 1110 2887 mihi
1168 2860 1262 2889 rent.
1284 2852 1457 2889 COMM.

413 2906 564 2956 quidem
581 2904 647 2956 ipsi
669 2905 790 2942 adhuc
810 2906 999 2955 probatur,
1022 2906 1112 2941 Tam
