1962 3355
380 173 465 215 566
894 178 1158 233 Scriptorum
1179 180 1335 235 aliquot

377 284 477 323 dicit
509 283 763 334 mediocrior,
796 286 1146 327 mediocrissimus.
1212 287 1327 337 Pius,
1351 288 1554 343 piissimus
1584 291 1685 332 duos
1712 292 1830 333 habet

372 351 557 406 gradus,
573 353 804 406 positivum
825 360 863 394 et
882 355 1199 409 superlativum.
1262 356 1521 411 Quamquam
1541 363 1580 397 et
1597 358 1669 398 hoc
1699 359 1828 414 piissi-

378 432 469 457 mus
510 419 721 473 vituperat
759 421 901 461 Cicero
940 422 986 460 in
1020 422 1273 477 Philippicis
1318 424 1452 476 [Orat.
1488 423 1632 465 XIII.
1663 441 1697 466 c.
1726 427 1826 480 19.].

376 486 507 535 Dicit,
529 501 611 526 ozon
626 494 761 542 potest
782 487 986 542 piissimus
1007 489 1088 527 dica·
1103 503 1185 543 per
1207 503 1347 528 rerum
1376 496 1586 531 naturam.
1646 493 1831 533 Insulta-

376 553 444 592 bat
460 554 655 603 Antonio,
678 555 758 602 Tu,
781 556 857 604 ait,
885 565 996 595 utere
1023 570 1182 610 semper
1210 556 1286 595 hoc
1308 556 1433 596 verbo
1454 559 1689 612 piissimus.
1746 561 1831 600 Ta-

376 634 467 659 men
503 621 653 675 Caper,
686 621 755 660 ille
784 622 987 676 magister
1008 621 1193 675 Augusti
1229 624 1426 673 Ccesaris,
1456 625 1683 667 elaboravit
1713 628 1826 668 vehe-

376 688 640 736 mentissime,
673 693 711 727 et
741 688 790 727 de
823 689 1005 743 epistolis
1040 689 1252 730 Ciceroni-5
1283 692 1447 747 collegit
1478 693 1563 733 laceo
1596 695 1735 744 verba,
1759 697 1829 736 ubi

375 754 542 794 differat
574 756 663 809 'ipse
699 756 842 796 Cicero
869 754 1084 810 piissimus.
1159 758 1296 807 Scias,
1325 760 1517 813 quoniam
1547 762 1829 803 amaritudine

376 821 580 861 rhetorica
612 822 682 861 hoc
718 823 753 861 eri
784 822 997 875 objecerat,
1030 828 1076 862 ut
1110 822 1276 871 diceret,
1308 838 1391 863 non
1420 831 1551 879 potest
1576 841 1655 881 per
1687 842 1829 868 rerum

375 895 572 928 naturam
603 889 684 929 dici
715 889 935 944 piissimus.
996 890 1121 945 Ergo
1141 896 1200 930 est
1219 891 1444 946 aliquando
1468 894 1675 947 positivus
1695 901 1733 935 et
1757 911 1827 936 su-

366 957 619 1011 perlativus,
656 963 700 997 at
732 956 839 1011 pius,
871 956 1097 1012 piissimus:
1131 958 1354 1013 aliquando
1377 961 1585 1015 positivus
1615 969 1653 1002 et
1683 978 1830 1018 conpa-

375 1023 553 1072 rativus,
574 1029 619 1063 ut
651 1039 787 1072 senex,
811 1023 965 1064 senior:
998 1024 1223 1079 aliquando
1252 1030 1550 1082 comparativus
1580 1035 1618 1069 et
1644 1032 1831 1085 superla-

375 1091 503 1138 tivas,
526 1096 572 1130 ut
594 1090 776 1140 ulterior,
801 1090 992 1132 ultimus:
1026 1092 1251 1147 aliquando
1277 1096 1564 1149 superlativus
1585 1103 1762 1149 temtum,
1784 1105 1831 1139 ut

376 1158 632 1199 novissimus.

433 1227 539 1266 Haec
576 1226 806 1282 speciminis
844 1228 929 1268 loco
960 1243 982 1267 e
1016 1226 1201 1283 Pompeii
1237 1228 1528 1269 commentario
1562 1230 1830 1284 grammatico

375 1293 559 1334 attulisse
591 1294 806 1335 suffecerit.
869 1296 992 1335 Nunc
1022 1294 1266 1335 veniendum
1301 1306 1361 1336 est
1392 1295 1444 1336 ad
1477 1311 1537 1345 ea,
1569 1297 1721 1352 quibus
1751 1297 1827 1337 ad-

376 1361 583 1401 nectendis
616 1361 856 1416 Pompeiani
887 1362 1020 1417 operis
1055 1362 1245 1402 librarius
1277 1363 1456 1403 codicem
1490 1379 1610 1404 suum
1648 1364 1828 1420 locuple-

377 1427 546 1468 tandum
590 1428 664 1468 sibi
706 1429 881 1484 putavit.
960 1430 1067 1469 Sunt
1102 1429 1179 1469 ista
1221 1445 1269 1469 ex
1312 1430 1424 1470 libris
1467 1431 1586 1471 variis
1621 1442 1827 1488 excerpta,

375 1495 593 1536 maximam
636 1506 793 1552 partem
830 1497 1109 1552 grammatica,
1146 1512 1322 1552 quorum
1365 1497 1443 1537 alia
1477 1499 1716 1553 suppressis,
1752 1499 1830 1540 alia

376 1562 622 1618 praescriptis
655 1564 888 1604 nominibus
918 1575 1148 1614 auctorum,
1171 1565 1281 1605 unde
1302 1581 1348 1605 ea
1369 1565 1584 1621 depromta
1612 1566 1706 1617 sint,
1730 1582 1826 1623 pro-

374 1630 579 1670 feruntur.

433 1697 620 1737 Primum
654 1697 786 1738 locum
819 1698 925 1738 inter
956 1697 1043 1739 haec
1075 1699 1305 1753 occupavit,
1340 1700 1453 1741 nullo
1485 1711 1620 1741 tamen
1652 1702 1829 1742 auctoris

374 1765 523 1806 indicio
553 1766 677 1816 facto,
708 1767 1107 1808 CASSIODORII
1141 1767 1344 1822 praefatio,
1367 1783 1491 1823 quam
1525 1768 1591 1808 ille
1624 1768 1727 1810 libro
1754 1785 1829 1810 suo

375 1835 424 1874 de
464 1834 621 1874 artibus
661 1850 707 1874 ac
748 1835 974 1891 disciplinis
1023 1834 1250 1875 liberalium
1292 1834 1519 1876 litterarum
1561 1836 1825 1891 praemiserat.

374 1900 536 1941 Omissa
557 1911 691 1942 tamen
723 1902 843 1942 etiam
876 1902 941 1942 hic
971 1910 1029 1942 est
1061 1902 1311 1957 praefationis
1342 1902 1449 1942 illius
1480 1919 1527 1943 ea
1558 1919 1667 1958 pars,
1688 1919 1828 1959 quam,

372 1967 564 2008 omnibus
601 1969 849 2009 Cassiodorii
885 1969 1094 2009 codicibus
1130 1969 1396 2018 subtractam,
1430 1985 1480 2010 ex
1518 1970 1686 2010 Alcuini
1717 1970 1829 2012 libris

372 2035 527 2075 auctori
564 2051 639 2076 suo
675 2036 851 2077 restituit
892 2037 1097 2077 Garetius.
1175 2037 1344 2092 Excipit
1379 2037 1418 2078 in
1457 2038 1829 2095 Guelpberbytano

371 2101 510 2142 codice
539 2102 820 2157 praefationem
853 2103 1098 2144 Cassiodorii
1130 2104 1389 2159 panniculus,
1422 2106 1487 2146 cui
1518 2106 1630 2146 nulla
1661 2106 1739 2147 alia
1769 2117 1826 2147 est

372 2169 595 2224 inscriptio,
632 2181 783 2225 praeter
813 2171 940 2212 hanc:
988 2172 1250 2212 GENERA
1284 2174 1631 2214 CAUSARUM
1666 2175 1825 2214 SUNT

373 2237 668 2287 QUINQUE.
730 2240 859 2279 Hunc
894 2239 1014 2279 etiam
1051 2255 1074 2279 a
1111 2239 1370 2280 Cassiodorio
1403 2252 1583 2280 sumtum
1621 2251 1745 2295 atque
1776 2256 1824 2281 ex

374 2304 498 2359 hujus
520 2305 722 2346 rhetorica
743 2306 982 2362 decerptum
1006 2322 1105 2354 esse,
1127 2307 1299 2362 reperio.

431 2372 628 2426 Sequitur
658 2373 697 2412 in
728 2373 867 2413 codice
893 2383 1033 2414 nostro
1062 2374 1145 2413 DE
1180 2373 1445 2413 PEDIBUS
1479 2374 1824 2416 EXPOSITIO

372 2438 538 2478 JULII
575 2440 813 2479 SEVERI.
878 2441 974 2480 Hoc
1000 2450 1238 2495 excerptum
1260 2455 1281 2479 e
1303 2439 1406 2479 libro
1434 2439 1485 2479 de
1514 2440 1690 2495 pedibus
1721 2441 1826 2481 Julii

375 2504 528 2554 Severi,
562 2505 817 2558 grammatici
858 2507 1024 2547 Donato
1064 2506 1310 2556 recentioris,
1344 2506 1442 2546 nibil
1484 2507 1679 2556 continet,
1712 2508 1825 2562 quod

372 2570 515 2626 legisse
547 2586 794 2627 magnopere
820 2572 952 2626 juvet.
1025 2573 1131 2622 Quia
1165 2583 1298 2614 tamen
1333 2584 1372 2614 et
1406 2575 1529 2615 breve
1561 2585 1634 2624 est,
1667 2586 1705 2615 et
1738 2576 1825 2615 fieri

372 2645 520 2692 potest,
545 2648 591 2678 ut
622 2638 715 2678 hinc
742 2637 809 2678 alii
840 2638 997 2679 codices
1026 2639 1182 2694 aliquid
1214 2640 1316 2681 lucis
1346 2652 1604 2691 mutuentur,
1626 2643 1823 2697 exiguum

371 2704 626 2746 describendi
667 2706 846 2746 laborem
887 2716 928 2746 et
967 2706 1270 2761 aliquantulum
1310 2708 1476 2758 chartae,
1517 2724 1612 2764 quae
1655 2709 1825 2750 fortasse

372 2772 556 2813 miserius
587 2772 712 2813 aliubi
746 2774 927 2828 peritura
960 2774 1118 2824 fuisset,
1150 2775 1309 2830 antiqui
1341 2776 1548 2832 scriptoris
1578 2776 1721 2816 honori
1752 2777 1825 2816 im-

371 2840 548 2894 pendere
579 2855 658 2880 non
682 2840 876 2881 dubitavi.
939 2841 1065 2891 Quid,
1086 2842 1198 2897 quod
1230 2842 1340 2883 hunc
1373 2843 1506 2898 ipsum
1539 2844 1675 2884 Severi
1707 2843 1821 2884 libel-

372 2906 457 2947 lum
489 2907 527 2948 in
560 2908 696 2949 animo
727 2908 916 2949 habuisse
937 2908 1100 2950 videtur
1129 2910 1360 2966 Pompeius,
1383 2926 1513 2966 quum
1541 2911 1580 2951 in
1609 2912 1742 2967 capite
1770 2911 1822 2952 de
