1962 3355
93 180 200 213 CAP.
226 175 299 212 ll.
630 166 713 213 De
736 167 988 215 trochaico.
1449 179 1541 218 343

92 288 139 332 in
182 287 507 334 desinentibus
548 305 672 342 vero,
710 287 756 333 id
805 298 876 335 est
922 289 969 334 in
1011 289 1404 352 depositionibUS,
1440 308 1545 353 quae

91 363 195 409 loca
230 364 361 427 paria
385 364 638 427 appellant,
663 381 757 410 non
783 364 870 410 nisi
896 365 977 428 qui
1003 383 1029 412 a
1054 366 1274 413 brevibus
1295 367 1544 431 incipiunt.

92 439 346 487 Dimetron
373 441 802 505 hypercatalecton,

441 518 569 558 Valles
586 532 663 573 per
683 519 801 558 imas.

91 588 346 635 Dimotron
375 590 834 653 brachycatalecton,
858 599 926 647 ut,

319 666 506 707 ”Plenus
526 667 653 706 cadus
675 668 811 707 musti.

92 735 347 783 Dimetron
375 739 722 796 catalecticum,

320 815 451 870 Aquoe
470 816 886 871 sowmztfivquentes.

91 878 364 927 Dimctrum
394 884 722 940 acatalectum,

320 959 357 998 A
363 965 448 999 vete
449 961 601 1013 ιῙροηίιπς
621 961 780 1000 eser-uli.

91 1028 361 1076 Trimetron
388 1033 715 1088 acatalectum,

321 1107 474 1147 Amare
493 1109 585 1148 nolo
603 1122 677 1148 nec
696 1108 830 1148 dolere
853 1108 1011 1148 Clinia.

92 1178 362 1224 Iambicum
402 1180 491 1225 boc
527 1188 732 1225 metrum
759 1179 900 1224 ctiam
941 1180 976 1225 si
1014 1180 1215 1227 defuerit
1241 1184 1390 1229 versui
1429 1184 1581 1231 iam-2

91 1255 195 1311 bus,
210 1255 280 1300 vel
308 1272 436 1300 rarus
457 1255 503 1300 in
525 1272 581 1301 co
596 1255 752 1311 fuerit,
772 1255 1116 1318 appellabimus
1135 1275 1143 1302 ε
1182 1258 1260 1302 illc
1281 1259 1407 1304 cnim
1430 1261 1546 1323 legi-

89 1331 235 1376 timus
261 1331 401 1388 solus,
426 1348 569 1393 quem
596 1331 710 1394 ἔρθιον
732 1332 846 1388 dixi,
872 1332 1031 1377 iambo
1057 1332 1156 1378 solo
1182 1343 1379 1382 constat.
1438 1337 1547 1393 Sed,

91 1417 143 1454 ut
177 1408 385 1454 diximus
415 1409 516 1469 jam
555 1408 844 1472 dactylicum
885 1409 1217 1456 hexametrum
1256 1411 1397 1458 ctiam
1436 1431 1544 1459 eum

89 1484 201 1540 dici,
227 1484 307 1546 qui
333 1502 498 1530 omncs
525 1485 757 1548 spondeos
786 1485 984 1540 babeat3
1022 1487 1113 1533 Oita
1138 1497 1185 1533 ct
1212 1488 1288 1533 hic
1314 1488 1545 1536 iambicus

89 1561 274 1619 dicitur,
298 1562 513 1623 quamvis
540 1580 687 1608 unum
715 1561 928 1608 iambum
953 1563 1138 1621 habeat,

260 1639 550 1694 Pavidumque
569 1639 745 1694 leporem
765 1645 803 1679 et
823 1639 1027 1679 advenam
1047 1640 1190 1695 laqueo
1205 1655 1376 1695 gruem.

474 1771 606 1823 CAP.
636 1772 734 1822 XI.
775 1774 860 1824 De
888 1774 1160 1825 trochaico.

156 1864 459 1910 Contrarium
496 1864 640 1911 Phuic
672 1865 964 1911 trochaicum
1003 1876 1226 1924 metrum,
1250 1870 1376 1930 quod
1413 1885 1546 1930 aequc

90 1941 300 2003 quinque
345 1940 546 2004 pedibus
589 1950 788 1997 constat,
830 1941 1036 1987 trocliaeo
1077 1951 1124 1988 et
1166 1943 1330 1988 ceteris
1373 1943 1545 2005 quibus

90 2035 244 2081 supra.
314 2017 441 2063 Nam
477 2017 669 2064 trochaei
705 2018 842 2081 longa
880 2018 1031 2063 soluta
1063 2018 1352 2081 tribrachyn,
1377 2022 1547 2066 alteru-

89 2103 158 2139 tra
184 2093 381 2156 spondci
409 2103 491 2140 aut
516 2104 809 2157 anapaestum
837 2103 917 2140 aut
942 2094 1184 2157 dactylum
1212 2095 1408 2141 faciunt.
1477 2097 1545 2142 Hi

87 2169 230 2233 pedes
256 2178 450 2215 qomnes
475 2179 719 2232 ponuntur
745 2170 935 2233 paribus
956 2170 1001 2215 in
1023 2170 1152 2226 locis,
1171 2171 1430 2235 imparibus
1450 2190 1543 2218 non

88 2245 176 2291 nisi
205 2245 253 2291 hi
279 2246 358 2308 qui
389 2246 608 2293 brevibus
638 2247 882 2293 finiuntur.
954 2247 1227 2293 Dimetrum
1267 2247 1545 2312 hypercata-

88 2322 280 2378 lectum,

314 2399 516 2455 IVympha
536 2401 697 2441 rorida.

88 2470 561 2533 Brachycatalecton,

315 2548 515 2588 Fontium
536 2564 709 2591 sorore-5.

89 2624 199 2670 Hoc
223 2634 270 2670 et
293 2624 688 2688 l'itliypballicum
716 2628 900 2675 dicitur.
950 2629 1223 2677 Dimctrum
1246 2632 1544 2688 catalectum,
1564 2651 1579 2671 2

139 2759 159 2777 n
177 2753 305 2799 plenus
326 2753 435 2787 cadus
454 2755 573 2789 musti.
620 2755 827 2792 Dimetrum
851 2760 1089 2794 ccctalecticnn
1111 2772 1204 2806 (tque
1224 2765 1326 2795 (lisele
1341 2760 1469 2807 fontes
1489 2773 1543 2795 ce-

87 2806 181 2840 rulei
199 2811 328 2842 sonant
336 2807 564 2854 frequente&
608 2807 813 2844 Dimetrzcm
835 2813 1074 2847 acatalectum
1096 2825 1220 2847 amare
1240 2814 1321 2848 nolo
1341 2826 1404 2847 nec
1423 2814 1543 2848 dolere

91 2858 220 2894 Clinia.
266 2859 461 2894 Iamhicum
485 2860 549 2894 hoc
570 2872 614 2896 m.
636 2861 684 2896 V.
813 2871 832 2889 0
852 2865 904 2898 ita
925 2866 977 2911 et]
1003 2870 1043 2900 ut
1063 2870 1113 2899 est
1135 2866 1181 2900 V.
1310 2872 1329 2899 P
1352 2865 1450 2911 huie]
1476 2866 1542 2900 hu-

79 2910 144 2956 jus
164 2911 209 2945 V.
339 2919 358 2945 q
379 2914 514 2960 omnes]
541 2914 586 2947 V.
611 2913 713 2949 addit
729 2921 927 2961 ponuntur.
1060 2924 1074 2942 r
1095 2918 1367 2964 itligsplmllicrmz
1388 2919 1538 2966 elicitur]

87 2964 347 3010 ytlziphaliczcm
368 2966 410 3001 (le
432 2967 475 3000 V.
