1962 3355
317 208 381 256 36
828 207 983 254 .Mar2'i
1012 207 1249 254 Victorini.
1611 221 1709 252 Lm.
1731 221 1763 251 1.

457 328 573 375 Ulla
596 337 619 358 ¹¹
634 345 815 374 moram
823 327 998 392 fecere
1020 345 1171 392 neque
1193 327 1363 374 Aoniae
1386 326 1676 390 Aganippae.

318 403 398 449 Fit
421 415 579 450 autem
605 404 651 449 in
680 405 770 450 hoc
793 404 961 461 brevis,

454 479 626 525 Insulce
652 480 784 525 Ionio
810 481 859 525 in
881 496 1055 542 magno
1080 495 1199 542 quas
1223 479 1332 525 dira
1361 477 1548 526 Celeno.

261 587 302 614 44
388 564 480 610 His
504 582 614 611 vero
638 583 742 628 quae
776 566 1009 628 positione
1044 565 1197 628 longae
1232 566 1355 611 fiunt
1380 563 1647 611 communis
1683 572 1768 617 est,

321 657 426 701 quae
466 641 701 704 excipitur
741 659 766 686 a
807 640 988 686 duabus
1027 641 1409 697 consonantibus,
1448 649 1502 686 ut
1547 640 1672 703 prior
1709 640 1770 684 sit

322 725 455 762 muta
479 734 622 778 quam
649 717 841 778 liquida.
910 717 1000 762 Est
1024 717 1149 763 enim
1176 719 1318 780 longa
1342 717 1389 762 in
1417 717 1523 772 hoc,

457 792 758 839 Immemores
780 795 895 840 socii
916 800 1051 840 vasto
1081 793 1300 856 Cyclopis
1322 794 1372 839 in
1398 799 1550 839 antro.

322 879 388 924 At
414 879 459 923 in
488 879 577 924 hoc
603 881 754 926 brevis
780 890 864 936 est,

388 953 571 1000 Lustra
597 955 845 1018 domosque
870 955 1009 1000 traho
1033 962 1282 1018 vastosque
1306 956 1364 1001 ab
1383 971 1503 1015 rupe
1526 952 1771 1016 Cyclopas.

265 1045 303 1076 45
325 1040 484 1086 Potest
509 1051 730 1104 praeterea
754 1043 1021 1088 communis
1047 1042 1191 1088 videri
1218 1060 1271 1087 ea
1296 1042 1493 1105 syllaba,
1518 1059 1621 1103 quae
1648 1040 1770 1105 apud

322 1117 575 1179 Virgilium
602 1129 648 1163 et
671 1135 755 1181 pro
780 1119 920 1181 longa
945 1127 992 1163 et
1024 1135 1109 1181 pro
1146 1117 1272 1164 brevi
1308 1117 1462 1181 posita
1493 1126 1577 1172 est,
1603 1116 1678 1162 hic
1701 1117 1774 1161 vel

327 1193 424 1250 hoc,
449 1193 484 1238 si
512 1211 536 1239 a
560 1194 710 1240 vocali
734 1194 1024 1256 excipiatur:
1062 1203 1132 1240 est
1157 1193 1284 1239 enim
1310 1211 1394 1257 pro
1418 1193 1578 1255 longa,

398 1278 629 1326 Omnibus
653 1280 728 1326 liic
753 1281 843 1326 erit
869 1298 990 1327 umes
1015 1280 1171 1337 honos,
1198 1287 1296 1327 tres
1313 1280 1511 1342 proemia
1536 1287 1566 1307 w
1576 1279 1739 1341 primi.

328 1366 418 1412 Pro
444 1366 568 1412 brevi
597 1376 772 1421 autern,

793 1444 893 1489 Hic
914 1445 990 1490 vir
1013 1444 1088 1490 liic
1114 1450 1195 1490 est.

233 1572 240 1579 ἢ
272 1522 313 1561 46
333 1518 424 1564 Sed
460 1536 546 1581 pro
582 1518 708 1563 brevi
736 1519 805 1564 bis
831 1519 925 1564 fere
957 1529 1160 1565 tanturn.
1229 1518 1356 1564 Nam
1385 1526 1436 1563 ut
1467 1517 1608 1580 longa
1633 1516 1706 1573 sit,
1731 1525 1778 1562 et

331 1595 419 1658 ipsi
447 1603 492 1639 et
517 1593 738 1639 omnibus
759 1594 984 1641 usitatum
1007 1604 1091 1640 est.
1158 1592 1551 1639 xConsideranda
1575 1610 1686 1656 ergo
1709 1601 1780 1638 est

329 1671 378 1716 in
416 1670 488 1715 his
513 1669 764 1715 dumtaxat
799 1671 1160 1733 pronominibus
1193 1679 1358 1716 natura
1384 1686 1407 1715 c
1432 1669 1611 1725 litterae,
1635 1678 1778 1731 Yquae

330 1762 536 1791 crassum
558 1744 910 1806 quodammodo
930 1755 977 1791 et
992 1746 1123 1807 quasi
1145 1746 1391 1809 geminum
1413 1763 1580 1792 sonum
1603 1745 1780 1802 reddat,

272 1834 313 1866 47
333 1820 434 1866 Hic
457 1830 504 1866 et
527 1820 625 1866 lzoc.
696 1822 744 1866 Si
772 1830 928 1867 autem
963 1839 1048 1867 nec
1083 1823 1466 1884 conjunctionem
1494 1823 1780 1886 aspiciamus

330 1897 441 1942 licet
477 1895 639 1941 eadem
667 1897 821 1942 littera
850 1897 1081 1954 zfinitam,
1105 1897 1344 1944 diversum
1382 1907 1542 1944 tamen
1581 1897 1784 1954 sonabit,

329 1981 348 2001 a
364 1990 470 2034 quae
497 1972 677 2019 facilius
709 1973 1061 2034 dijudicabitur,
1090 1974 1169 2020 sed
1194 1974 1214 2003 b
1230 1975 1453 2037 quoniam
1474 1975 1673 2020 alterum
1702 1973 1782 2019 ha-

273 2063 314 2101 48
332 2051 512 2104 bemus,
539 2050 682 2095 etiam
710 2051 907 2096 alterurn
934 2059 1221 2098 ctentemus.
1293 2052 1350 2098 In
1370 2069 1504 2098 versu
1529 2061 1600 2097 est
1624 2069 1750 2114 ergo,

496 2137 608 2184 Hoc
632 2146 739 2184 erat
762 2139 889 2185 alma
907 2157 1102 2201 parens.

331 2213 410 2271 Et,

981 2279 1086 2325 Pro
1110 2278 1344 2341 Juppz'ter
1367 2279 1455 2325 ibit

504 2354 621 2411 Hic,
646 2355 728 2408 ait,
754 2361 799 2401 et
820 2356 997 2401 nostris
1020 2354 1040 2383 ‘¹
1057 2354 1266 2401 illuserit
1292 2354 1503 2417 [advena
1527 2354 1732 2418 regnis]

334 2441 415 2487 Sin
445 2450 601 2487 autem
626 2440 815 2487 feceris:

389 2585 411 2604 u
431 2591 572 2615 moram
593 2577 730 2625 fecere]
757 2590 860 2614 mora
879 2577 999 2613 facere
1019 2578 1059 2614 P.
1170 2585 1199 2602 W
1218 2575 1344 2625 primi]
1368 2576 1509 2627 primus
1528 2578 1569 2614 P.
1638 2584 1658 2603 X
1680 2578 1783 2613 Con-

336 2630 845 2681 syderanda]Consideranda
864 2631 904 2666 P.
1028 2637 1047 2665 Y
1067 2630 1185 2680 quod]
1208 2642 1289 2676 quae
1311 2629 1353 2665 P.
1477 2637 1495 2656 z
1516 2629 1677 2676 finitam]
1701 2631 1784 2666 fini-

337 2693 415 2720 tum
437 2685 478 2720 P.
589 2690 608 2709 ⁸
627 2683 828 2732 quod]quae
850 2684 888 2719 P.
1025 2680 1045 2708 b
1066 2681 1232 2734 quando]
1257 2682 1346 2730 qffi
1367 2684 1409 2721 P.
1542 2690 1558 2710 ⁰
1577 2684 1786 2730 tentemus]

338 2745 565 2786 temptemus
585 2736 624 2772 P.
693 2734 713 2762 d
734 2735 889 2772 illuserit
908 2736 1049 2774 advena
1068 2735 1209 2785 regnis]
1235 2734 1389 2775 illuserit
1409 2737 1448 2772 P.

390 2855 454 2902 46.
486 2868 553 2904 pro
584 2854 770 2901 brevibus]
799 2867 869 2902 pro
904 2856 998 2891 brevi
1028 2856 1076 2890 bis
1103 2832 1307 2891 'Santenius
1341 2855 1388 2892 ad
1421 2855 1573 2892 Terent.
1606 2855 1785 2891 Maurum

336 2922 374 2959 p.
393 2919 481 2957 252.
