1962 3355
128 211 235 243 CAP.
263 205 307 243 8.
554 197 637 243 De
668 197 969 243 Tetrametro
993 213 1148 243 versu.
1497 196 1579 242 161

389 317 528 365 AEre
550 318 636 364 sed
658 334 843 364 canoro.

126 393 268 446 Quod
327 403 397 440 est
453 402 655 440 metrum
715 393 994 457 phallicum.
1063 393 1246 439 Juncto
1301 392 1448 448 omni,
1507 394 1586 437 fiet
1608 412 1643 440 1⁴

124 487 284 515 versus
311 469 600 530 hujusmodi,

193 546 265 591 At
290 547 404 592 tuba
431 546 692 592 terribilem
715 545 922 591 sonitum
948 545 1077 591 dedit
1099 561 1196 591 oere
1214 544 1299 591 sed
1320 561 1495 590 canoro
1512 564 1527 590 .·

123 622 249 683 quod
263 622 457 684 quidam
478 624 808 669 hexametrum
827 621 1024 667 heroum
1037 620 1435 681 ἀπεριττοσυλλαβὲς
1452 619 1584 665 dixe-

123 705 246 742 runt.
307 697 439 744 Huic
459 716 648 761 quoque
675 697 798 744 idem
826 697 1032 760 epodum
1069 696 1280 743 subdidit
1315 697 1581 742 trimetrum

123 789 310 819 versum
356 774 614 820 iambicum
658 774 1003 830 catalecticum,
1042 772 1087 818 id
1135 782 1206 819 est
1247 772 1414 818 ultima
1453 782 1583 835 parte

123 848 433 895 inminutum.
504 850 654 911 Cujus
702 850 976 914 exemplum
1027 860 1185 896 noster
1233 849 1463 896 Horatius
1510 867 1578 895 se·
1605 868 1639 897 15

121 933 259 970 cutus
285 933 370 980 est,
396 925 473 970 illa
498 926 602 983 ode,

190 1000 409 1047 Solvitur
432 1002 560 1047 acris
584 1002 746 1065 hyems
765 1008 919 1067 grata
943 1002 1044 1049 vice
1066 1002 1192 1048 veris
1217 1008 1262 1047 et
1286 1001 1481 1049 Favoni.

120 1075 316 1122 Dehinc
341 1077 554 1124 trimeter
577 1078 881 1124 catalecticus
906 1078 1007 1123 vice
1032 1077 1187 1140 epodi,

327 1153 645 1217 Trahuntque
667 1156 820 1201 siccas
843 1155 1074 1200 machinae
1099 1156 1303 1201 carinas.

119 1229 290 1290 Itaque
317 1229 352 1273 si
380 1229 606 1292 superiori
634 1248 777 1276 unam
805 1230 1106 1293 edempseriS,
1132 1241 1179 1276 et
1207 1230 1410 1276 inferiori
1437 1230 1581 1276 tradi-

117 1304 241 1350 deris
277 1305 524 1368 syllabam,
550 1307 632 1352 fiet
663 1306 740 1353 hic
776 1307 989 1353 trimeter
1013 1307 1245 1354 iambicus
1282 1307 1581 1363 acatalectus,

119 1380 198 1426 ille
225 1381 394 1427 herous
423 1382 727 1437 hexameter3
762 1384 852 1430 hoc
878 1383 1035 1438 modo,

253 1456 472 1504 Solvitur
497 1459 624 1504 acris
648 1459 812 1522 hyems
828 1466 982 1523 grata
1005 1461 1108 1506 vice
1129 1461 1256 1506 veris
1281 1467 1326 1506 et
1349 1459 1462 1516 soni,

256 1534 572 1598 Trahuwtque
594 1537 747 1582 siccas
771 1536 997 1583 machime
1024 1536 1285 1583 carimdes.

118 1611 310 1663 Quanta
336 1620 493 1657 autem
524 1621 571 1658 et
595 1630 737 1674 quam
766 1612 1011 1675 profundae
1048 1613 1157 1658 artis
1195 1612 1389 1658 scientia
1417 1613 1464 1659 in
1490 1613 1577 1659 hac
1600 1624 1637 1655 16

116 1686 255 1749 epodi
294 1688 596 1734 conclusione
637 1689 955 1736 Archilochus
995 1707 1104 1736 usus
1153 1690 1228 1746 sit,
1276 1690 1469 1735 interest
1509 1689 1579 1735 di-

116 1781 236 1809 cere.
305 1763 432 1809 Nam
472 1782 580 1811 cum
621 1767 780 1828 magni
811 1766 1098 1812 gaestimaret
1132 1767 1333 1830 priorem
1372 1783 1576 1820 versum,

116 1839 250 1901 cujus
277 1840 429 1902 prima
454 1841 609 1903 portio
634 1851 818 1888 constat
844 1860 901 1888 ex
932 1842 1076 1887 heroo
1102 1850 1391 1897 tetrametro,
1419 1841 1463 1887 id
1491 1854 1575 1897 est,

252 1914 468 1962 Solvitur
491 1917 618 1963 acris
644 1917 807 1980 hyems
827 1925 978 1981 grata
1003 1919 1105 1963 viee
1122 1938 1137 1963 .-

117 2000 164 2037 et
196 2001 473 2054 sequentem
510 1996 734 2056 epodum,
769 1993 880 2056 hqui
913 2012 939 2040 e
970 1993 1184 2040 trimetro
1219 1994 1424 2039 iambico
1449 2002 1574 2039 eata-

119 2069 286 2114 lectico
311 2068 538 2125 substitit,
561 2069 606 2115 id
633 2079 718 2126 est,

254 2144 571 2208 Trahuntque
590 2146 742 2192 siccas
766 2145 993 2192 machinae
1019 2146 1226 2192 carinas.

116 2220 261 2266 simili
297 2221 508 2267 clausula
548 2222 827 2268 terminatos
869 2222 914 2267 in
959 2222 1163 2268 eundem
1200 2221 1363 2267 cadere
1405 2238 1574 2267 nume-

115 2314 237 2354 rum,
278 2296 407 2344 icum
445 2297 640 2344 diversae
676 2298 869 2344 rationis
907 2298 1027 2344 inter
1059 2316 1107 2344 se
1143 2297 1421 2361 generisque
1447 2297 1573 2343 vide-

115 2382 290 2428 rentur,
315 2374 492 2438 quippe
515 2392 623 2421 cum
651 2374 768 2420 alter
786 2374 1022 2438 dactylico
1048 2383 1213 2431 metro,
1234 2375 1350 2420 alter
1368 2374 1572 2419 iambico

115 2458 375 2506 censeatur,
400 2458 559 2497 tamen
597 2450 861 2512 adjiciendo
893 2451 1056 2513 majori
1095 2451 1323 2514 syllabam
1351 2459 1397 2496 et
1421 2449 1573 2496 detra-

168 2587 188 2614 d
207 2590 518 2637 περιττοσυλὶαβὲς]
542 2590 564 2626 l.
583 2593 879 2639 περιττοσῦλλαβον
895 2593 948 2629 vel
968 2594 1284 2641 περιττοσυλλάβως.
1387 2598 1402 2617 e
1424 2591 1568 2627 demse-

115 2641 181 2688 ris]
203 2641 406 2691 dempseris
424 2651 461 2679 et
484 2642 645 2680 inferiori
667 2645 860 2681 tradideris
881 2646 1058 2695 syllabam
1077 2646 1116 2681 P.
1240 2644 1256 2671 f
1272 2643 1355 2692 oni]
1382 2645 1505 2680 faboni
1529 2645 1567 2679 P.

114 2701 135 2729 g
155 2694 373 2744 aestimaret]
400 2696 523 2746 magni
543 2696 745 2734 aestimaret
764 2699 803 2734 P.
870 2697 891 2724 h
911 2698 992 2748 qui]
1014 2699 1112 2748 quod
1133 2699 1172 2735 P.
1239 2696 1249 2724 i
1270 2699 1403 2747 quum]
1426 2710 1509 2734 cum
1528 2697 1566 2732 P.

174 2822 233 2860 15.
264 2825 345 2849 vere
359 2814 508 2862 favoni]
544 2815 654 2851 Forte
684 2827 812 2851 verum
870 2815 1004 2865 legitur
1023 2817 1115 2851 veris
1134 2821 1168 2850 et
1188 2816 1259 2855 oni,
1279 2822 1318 2850 ut
1338 2821 1484 2849 tantum
1507 2813 1568 2847 liat

115 2865 162 2901 sit
189 2874 226 2901 et
252 2866 322 2902 hoc
342 2866 438 2908 loco,
458 2874 535 2903 erat
565 2867 665 2904 enim
697 2867 812 2917 scrip·
869 2868 1063 2911 detractio,
1082 2881 1154 2904 non
1169 2867 1281 2904 etiam
1299 2867 1468 2902 mutatio.
1483 2866 1571 2900 CA:

115 2927 197 2954 tura
217 2920 475 2967 perturbatior,
502 2921 536 2957 id
562 2921 660 2969 quod
685 2929 814 2970 postea
869 2922 999 2957 MER.

966 2999 996 3028 Y
