1962 3355
333 203 371 243 vi
879 203 1234 243 PRAEFATIO.

399 319 442 355 4.
469 309 634 354 AT1L11
662 308 1045 354 FORTUNATIANI
1071 308 1326 353 editionem
1355 305 1781 359 Mediolanensem,

335 402 518 430 necnon
560 383 660 429 cod.
702 400 786 428 ms.
823 383 1038 428 Vaticani
1080 385 1243 444 (quem
1285 381 1342 426 V.
1376 382 1512 439 voco)
1553 398 1597 425 n.
1639 378 1781 426 5216.

333 460 581 514 chartacei,
615 458 898 514 recentioris,
932 459 1010 504 sed
1047 476 1104 504 ex
1139 466 1323 503 vetusto
1353 456 1590 518 descripti,
1620 455 1783 500 lectio-

335 553 431 589 nes,
458 552 572 596 quas
600 551 753 579 meam
785 534 832 579 in
863 534 1061 597 gratiam
1088 551 1148 579 ex
1183 551 1238 579 eo
1263 531 1578 594 excerpendas
1604 528 1784 576 curavit

1234 608 1309 654 De
1350 608 1439 652 hoc
1471 605 1783 668 grammatico

335 686 401 732 sic
436 685 574 730 refert
599 685 937 730 Lachmannus
974 684 1020 729 in
1059 683 1331 746 praefatione
1361 681 1418 727 ad
1442 680 1779 726 Terentianum

337 760 560 806 Maurum
599 777 645 821 p.
671 777 745 804 xv.
771 766 799 785 “
816 758 955 811 Quod
989 759 1024 803 si
1052 760 1155 819 quis
1181 758 1300 802 forte
1324 763 1502 818 quaerat
1527 773 1551 800 a
1576 771 1780 816 quonam

336 842 363 862 ‘⁶
390 835 652 896 antiquiore
689 833 1024 896 grammaticus
1061 833 1138 877 hic
1168 831 1482 877 Terentianus
1520 847 1653 874 suam
1688 846 1786 874 me-

336 917 363 937 “
388 919 565 955 trorum
614 908 873 954 doctrinam
923 905 1407 960 derivaverit—Atilii
1460 903 1786 949 Fortunatiani

336 992 363 1011 ‘⁶
390 1000 550 1045 paucae
588 983 785 1044 pagellae
827 990 1026 1034 exstant,
1066 980 1188 1042 apud
1231 980 1510 1025 Putschium
1554 997 1598 1040 p.
1626 978 1788 1035 2671-

336 1066 363 1085 “
392 1058 534 1111 2685,
560 1074 756 1118 quarum
789 1056 1045 1101 maximam
1076 1065 1254 1118 partem
1282 1055 1594 1100 Terentianus
1619 1055 1684 1099 ita
1707 1070 1788 1099 ex-

335 613 529 666 amicus,
554 627 644 654 non
682 610 780 655 sine
816 610 970 655 fructu
998 609 1165 654 evolvi.

336 1140 363 1160 “
388 1135 556 1196 pressit
588 1141 639 1178 ut
672 1132 708 1177 si
734 1132 867 1177 Atilii
905 1132 1022 1176 liber
1054 1140 1183 1176 totus
1219 1138 1497 1193 superesset,
1524 1129 1614 1175 hoc
1648 1137 1788 1191 poeta

1605 1204 1696 1250 Sed
1733 1222 1788 1250 ea

338 1289 366 1309 ‘⁶
392 1283 489 1328 sola
514 1300 618 1343 quae
655 1282 796 1327 modo
821 1281 919 1326 dixi
954 1281 1009 1325 ad
1047 1298 1130 1325 nos
1166 1288 1505 1342 pervenerunt:
1543 1297 1650 1325 nam
1679 1296 1786 1340 quae

340 1366 368 1385 “
395 1358 518 1421 apud
552 1357 830 1403 Putschium
867 1364 1127 1417 sequuntur
1159 1373 1204 1417 p.
1232 1354 1374 1401 2635.
1413 1355 1471 1400 ab
1505 1355 1596 1400 hoc
1633 1373 1789 1417 gram-

338 1439 368 1460 “
394 1433 568 1478 matico
594 1433 744 1478 aliena
769 1431 917 1477 sunt.’'
984 1430 1219 1492 Equidem
1248 1430 1295 1475 in
1321 1430 1518 1476 eandem
1552 1430 1647 1475 fere
1683 1449 1789 1476 sen-

339 1508 534 1554 tentiam
569 1507 766 1562 delatus,
799 1506 1008 1552 nondum
1044 1506 1142 1551 visa
1166 1505 1466 1552 Lachmanni
1498 1505 1787 1568 praefatione,

339 1583 538 1629 Atilium
560 1583 607 1627 in
633 1582 747 1627 duas
772 1590 925 1644 partes
949 1580 1274 1635 distinxeram,
1297 1589 1423 1626 ratus
1460 1580 1650 1643 insuper
1677 1598 1788 1626 con-

340 1658 536 1703 fusionis
584 1657 757 1720 aliquid
802 1658 848 1702 in
896 1657 1140 1718 exemplar
1177 1656 1490 1719 archetypum
1536 1655 1788 1718 irrepsisse,

340 1742 586 1797 propterea
610 1732 734 1794 quod
762 1733 810 1778 in
835 1731 1039 1777 editione
1069 1731 1281 1793 principe
1313 1740 1358 1776 et
1389 1731 1434 1776 in
1468 1730 1629 1776 codice
1663 1739 1788 1775 msto

340 1817 446 1871 post
469 1809 674 1871 primam
699 1817 879 1870 partem
905 1808 985 1866 (sc.
1007 1806 1126 1852 infra
1151 1825 1196 1869 p.
1214 1815 1326 1863 332,
1347 1813 1410 1869 9.)
1435 1807 1613 1853 multad
1638 1807 1788 1853 aliena

338 1216 365 1236 “
392 1208 448 1254 ad
486 1217 633 1253 artem
670 1206 1045 1268 cognoscendam
1086 1223 1240 1251 carere
1278 1222 1537 1267 possemus.

394 1992 414 2019 d
434 1994 490 2028 Ea
518 2005 599 2041 quae
618 1992 760 2028 addunt
779 1993 862 2027 MS.
885 1991 1034 2027 Vatica-

1091 1997 1114 2011 “
1134 1991 1456 2028 animadvertisset
1483 2005 1616 2041 pueros
1645 1992 1789 2028 nobiles

341 2058 409 2081 nus
431 2054 469 2082 et
488 2045 544 2081 ed.
566 2044 669 2080 Med.
692 2045 768 2080 haec
789 2052 898 2080 sunt:

1094 2045 1340 2081 “inhumane
1398 2045 1520 2081 cibum
1569 2053 1789 2093 appetentes

528 2101 551 2117 ⁴‘
577 2098 634 2131 De
654 2098 838 2133 Positum.

397 2155 422 2169 “
450 2150 655 2184 Distinctio
688 2156 745 2184 est
782 2148 959 2197 temporis
1000 2157 1038 2184 et

346 2207 369 2222 “
390 2214 519 2237 sensus
541 2200 669 2236 finitio.
700 2201 960 2236 subdistinctio
982 2210 1037 2237 est

346 2259 369 2273 ‘⁶
392 2266 458 2289 nec
478 2253 653 2301 temporis
675 2266 742 2289 nec
763 2266 889 2289 sensus
907 2253 1036 2289 finitio.

346 2310 371 2326 “
391 2318 494 2341 mora
522 2314 577 2341 est
606 2306 747 2353 requies
777 2305 900 2341 animi.
943 2306 1040 2341 inter

346 2571 370 2585 “
392 2566 475 2601 ferri
513 2566 650 2613 aliquid
688 2565 878 2615 significat.
937 2580 1041 2603 mora

566 2726 591 2741 “
612 2724 672 2757 De
695 2723 815 2758 Οἰνία.

402 2779 427 2794 “
448 2773 561 2809 Chria
580 2782 635 2809 est
654 2774 742 2810 dicti
763 2775 817 2810 vel
840 2774 928 2810 facti
948 2788 1038 2824 prae-

349 2831 373 2846 “
393 2827 502 2875 cipua
521 2826 763 2869 memorati03
795 2827 894 2870 facti,
911 2835 952 2862 ut
972 2827 1040 2862 Di-

347 2883 372 2900 “
391 2891 527 2929 ogenes
540 2878 688 2928 cynicus
701 2878 942 2929 philosophus
954 2892 1037 2916 cum

1094 2102 1116 2116 ‘⁴
1139 2097 1382 2146 paedagogum
1437 2110 1564 2133 eorum
1623 2096 1789 2145 scipione

1095 2154 1118 2168 “
1139 2151 1343 2198 percussit:
1387 2149 1476 2185 dicti
1505 2157 1643 2192 autem,
1676 2149 1790 2185 Chria

1093 2207 1116 2221 “
1138 2202 1174 2237 in
1210 2211 1283 2238 tres
1318 2203 1458 2251 species
1491 2201 1687 2237 dividitur:
1733 2209 1790 2238 est

1093 2258 1117 2274 “
1138 2255 1237 2290 enim
1259 2254 1505 2303 praepositiva,
1520 2263 1573 2295 ut,
1587 2253 1696 2289 Titus
1712 2255 1789 2289 Ge-

1094 2306 1260 2343 “netius
1298 2320 1402 2355 cyrus
1447 2306 1537 2342 dixit
1582 2306 1679 2342 viros
1722 2307 1787 2342 bo-

346 2363 370 2378 “
391 2357 664 2394 distinctionem
699 2366 736 2393 et
764 2358 1040 2394 subdistinctio·
1095 2364 1118 2378 “

347 2415 475 2446 “nem
512 2418 550 2445 et
588 2422 728 2446 moram
769 2411 837 2445 hoc
873 2410 1038 2454 interest,
1096 2416 1119 2431 ‘⁵

347 2467 370 2482 ‘⁶
391 2462 489 2510 quod
510 2461 698 2497 distinctio
722 2463 924 2510 perfectum
955 2475 1039 2498 sen·
1095 2468 1119 2483 ‘⁶

347 2519 370 2534 ‘⁶
391 2528 471 2549 sum
502 2513 674 2555 declarat,
695 2514 954 2550 subdistinctio
983 2515 1040 2550 in·
1096 2521 1120 2535 ‘⁶

1140 2372 1208 2395 nos
1238 2359 1329 2395 scire
1355 2367 1527 2408 oportere
1550 2359 1648 2394 male
1667 2370 1787 2407 agere,

1141 2412 1204 2448 sed
1235 2426 1309 2448 non
1341 2424 1468 2461 agere:
1499 2410 1787 2460 percunctativa,

1140 2472 1181 2499 ut
1205 2465 1301 2500 RIar.
1324 2465 1408 2500 Por.
1426 2465 1521 2499 Cato
1540 2464 1789 2511 interrogatus

1140 2517 1226 2564 quid
1260 2516 1312 2552 ita
1348 2524 1433 2565 post
1468 2522 1619 2551 xxxxm
1649 2527 1789 2550 annum

1097 2573 1120 2588 “
1143 2569 1283 2604 litteras
1313 2570 1461 2604 Graecas
1489 2568 1659 2608 disceret,
1682 2567 1786 2608 dixit,

345 2623 370 2638 ‘⁴
391 2617 508 2654 reficit
539 2618 714 2653 lectorem
747 2618 928 2666 simulque
957 2632 1040 2655 sen-
1096 2625 1119 2639 “

347 2675 370 2690 ‘⁶
391 2670 491 2706 sibus
511 2670 636 2706 lumen
658 2671 924 2706 accommodat.

1140 2634 1214 2656 non
1237 2629 1277 2657 ut
1297 2621 1441 2662 docum,
1457 2621 1519 2657 sed
1544 2628 1585 2655 ut
1610 2632 1656 2655 ne
1683 2619 1788 2655 indo-

1097 2677 1121 2692 “
1141 2681 1222 2708 ctus
1240 2673 1385 2709 moriar.
1416 2671 1639 2714 Refutativa,
1656 2679 1700 2707 ut
1710 2673 1790 2707 An-

1097 2730 1120 2744 “
1142 2725 1323 2761 tisthenes
1353 2725 1514 2774 Cynicus
1546 2723 1790 2773 philosophus

1096 2783 1121 2797 “
1142 2790 1226 2813 curn
1260 2778 1425 2814 oluscula
1461 2777 1599 2813 lavaret
1631 2783 1669 2812 et
1712 2775 1789 2811 ani-

1096 2834 1118 2848 “
1140 2829 1399 2867 madvertisset
1425 2829 1653 2878 Aristippum
1676 2828 1789 2877 Cyre-

1096 2885 1122 2900 “
1143 2895 1263 2918 naeum
1293 2882 1555 2932 philosophum
1584 2893 1668 2918 cum
1695 2880 1788 2917 Dio-
