1962 3355
92 222 198 252 LAP.
227 217 269 261 2,
295 215 340 252 3.
491 205 574 250 De
604 204 659 250 V
651 203 898 250 oce.--De
922 204 1143 250 Litteris.
1516 213 1543 250 3

91 344 253 374 varum
292 342 463 372 vocum
502 325 688 371 initium
718 333 765 371 et
799 324 1040 370 individua
1065 342 1157 370 vox
1191 334 1262 371 est
1296 325 1465 382 littera,
1491 342 1547 370 ex

92 421 184 465 qua
221 402 465 448 articulata
500 418 590 448 vox
625 401 802 458 existit,
835 401 978 463 inque
1013 401 1231 447 ultimam
1272 401 1546 447 resolvitur:

90 478 215 525 unde
240 495 532 539 consequens
558 486 643 531 est,
668 486 721 523 ut
744 477 802 522 de
828 477 983 522 littera
1007 476 1236 522 dicamus.
1298 476 1391 522 Sed
1418 477 1548 540 prius
1570 495 1585 527 7

90 563 175 611 est,
202 562 252 600 ut
277 555 565 599 elementum
606 562 678 599 ret
702 553 958 599 dictionem
987 562 1034 598 et
1065 552 1326 598 orationem
1354 552 1550 598 definia-

90 647 212 676 mus,
246 629 556 676 Elementum
572 638 643 675 est
663 628 1057 691 Suniuscujusque
1074 628 1138 673 rei
1166 627 1379 675 initium:
1409 629 1549 674 dictio
1569 645 1587 673 8

90 708 241 769 figura
267 706 637 769 significantium
666 723 855 762 vocum,
881 714 962 751 aut
993 723 1017 750 a
1043 722 1137 767 quo
1163 705 1377 750 tinitium
1404 705 1549 751 sumit

91 783 455 839 incrementum,
481 790 527 828 et
553 782 599 827 in
625 781 783 844 uquod
805 781 1079 827 resolvitur:
1105 782 1260 827 oratio
1286 790 1357 827 est
1376 781 1550 828 “dictio
1570 801 1589 830 9

92 859 362 921 significans
411 859 483 905 vel
540 858 807 921 conpositio
854 857 1115 903 dictionum
1174 857 1546 921 significantium

91 944 459 982 Xconsummans
484 953 630 981 unam
657 934 959 981 sententiam.

467 1067 601 1119 CAP.
634 1067 742 1118 ΙΙΙ.
814 1067 900 1118 De
928 1065 1177 1117 Litteris.

157 1166 338 1212 Littera
363 1174 433 1211 est
458 1183 548 1211 vox
574 1165 794 1228 simplex,
820 1182 911 1210 una
937 1166 1088 1227 figura
1115 1163 1347 1210 notabilis.
1395 1163 1552 1210 Litte-

92 1260 199 1289 ram
222 1241 414 1304 quidam
443 1250 614 1304 putant
631 1240 824 1297 dictam,
845 1240 977 1302 quasi
1005 1240 1284 1302 legitteram.
1331 1241 1551 1293 YQuare?

92 1318 217 1381 quod
243 1318 417 1383 legenti
444 1319 530 1364 iter
555 1319 775 1381 praebeat.
843 1317 1078 1370 zQuidam
1105 1317 1296 1379 quidem
1332 1317 1552 1364 dixerunt
1575 1340 1590 1360 2

92 1396 349 1442 leviteram.
388 1395 576 1447 Quare?
601 1395 710 1458 quia
731 1395 855 1441 levat
874 1404 926 1440 ut
951 1394 1156 1451 iteretur,
1175 1394 1220 1440 id
1245 1403 1330 1451 est,
1350 1395 1554 1441 delectat

92 1473 263 1518 iterum
286 1481 338 1518 ut
357 1471 599 1518 scribatur.
637 1472 742 1519 Voa:
758 1471 960 1534 simplex
977 1471 1150 1534 quare?
1179 1471 1309 1529 Ideo,
1326 1471 1436 1534 quia
1453 1471 1552 1533 ejus
1572 1494 1589 1522 3

92 1549 236 1605 vocis,
262 1566 367 1610 quae
404 1548 574 1612 ’ἔναρθρος
611 1567 636 1595 a
667 1548 844 1595 Graecis
870 1547 996 1594 dicta
1022 1556 1108 1605 est,
1133 1549 1219 1594 sub
1246 1548 1554 1611 significatio-

93 1643 205 1671 nem
245 1625 450 1687 aliquam
492 1625 635 1681 venit‚
670 1625 743 1671 vel
791 1633 841 1671 ut
882 1624 1081 1670 minima
1122 1642 1243 1688 pars,
1285 1625 1486 1687 ideoque
1529 1642 1554 1670 a

94 1703 333 1749 nonnullis
357 1709 470 1749 nota
505 1703 629 1749 vocis
653 1702 922 1749 articulatce
946 1701 1072 1747 dicta
1098 1710 1182 1747 est.
1245 1701 1354 1747 Una
1380 1698 1554 1764 figura
1573 1725 1592 1751 4

96 1779 332 1825 notabilis.
381 1778 524 1825 aIdeo
549 1779 659 1842 quia
685 1795 984 1841 unaquaeque
1010 1778 1165 1823 littera
1190 1795 1322 1823 suam
1350 1778 1551 1839 figuram

96 1855 253 1902 habet.
322 1855 452 1901 Nam
493 1856 686 1919 syllabae
722 1855 936 1918 pluribus
971 1854 1149 1916 figuris,
1184 1854 1230 1899 id
1271 1863 1341 1899 θεῖ
1372 1852 1554 1909 litteris,

96 1940 336 1987 notantur,
361 1931 449 1976 nisi
477 1949 583 1977 cum
612 1932 795 1977 vocales
826 1931 927 1976 vice
959 1931 1248 1994 syllabarum
1274 1930 1554 1993 funguntur.

95 2008 226 2054 Nam
263 2007 483 2054 accidunt
514 2008 771 2070 unicuique
807 2008 992 2065 litterae,
1019 2025 1210 2063 nomen,
1236 2009 1400 2070 figura,
1425 2016 1556 2071 pote·
1577 2025 1593 2056 5

97 2093 205 2130 stas.
263 2085 453 2130 lVomen
489 2093 574 2140 θεῖ,
617 2102 711 2146 quo
754 2084 1044 2147 appellatur:
1115 2100 1260 2147 gnra,
1296 2101 1389 2146 qua
1425 2093 1558 2129 uota-

98 2170 199 2208 tur:
229 2167 458 2223 potestas,
484 2178 578 2223 qua
603 2161 738 2207 valet.

162 2237 449 2284 Litterarum
478 2237 579 2284 aliae
605 2246 716 2284 sunt
740 2237 941 2291 vocales,
967 2237 1069 2283 aliae
1094 2246 1424 2284 consonantes.
1463 2237 1558 2284 Vo-
1575 2254 1594 2286 6

98 2314 226 2361 cales
250 2323 361 2361 sunt
385 2331 489 2377 quae
515 2332 599 2378 per
623 2332 674 2359 se
697 2314 1014 2377 proferuntur,
1038 2322 1083 2359 et
1121 2331 1203 2377 per
1239 2332 1286 2359 se
1323 2313 1556 2376 syllabam

150 2438 166 2457 ¹·
185 2438 297 2479 atque
316 2429 542 2478 orationem]
566 2438 605 2466 et
625 2429 824 2466 dictionem
846 2437 884 2466 et
904 2429 1109 2466 orationem
1134 2430 1173 2465 P.
1285 2435 1299 2454 s
1320 2431 1423 2478 cujus
1439 2436 1476 2465 et
1496 2428 1557 2464 lit-

97 2492 175 2520 tera
194 2484 368 2531 minima]
401 2483 689 2533 uniuscujusque
713 2484 764 2519 rei
783 2482 945 2520 initium.
975 2482 1090 2519 dictio
1120 2483 1161 2518 Ρ.
1272 2482 1286 2508 t
1315 2481 1554 2530 unumquod-

97 2537 185 2586 que]
206 2536 351 2573 initium
374 2538 414 2573 P.
543 2544 564 2562 u
584 2537 699 2585 quod]
724 2548 796 2585 que
817 2537 858 2572 P.
993 2544 1012 2562 V
1032 2534 1217 2572 ordinatio
1236 2535 1291 2571 vel
1313 2535 1554 2584 compositio]

98 2589 212 2626 dictio
242 2589 455 2640 significans
486 2589 540 2625 vel
571 2589 782 2639 conpositio
803 2590 844 2625 P.
1020 2596 1040 2615 X
1060 2588 1295 2635 continuam]
1328 2591 1557 2624 consumans

97 2656 209 2679 unam
232 2644 275 2680 P.
386 2650 405 2678 y
423 2642 525 2691 quia]
549 2643 700 2682 Quare?
732 2642 831 2692 quod
853 2643 892 2678 P.
1011 2649 1028 2668 Ζ
1045 2641 1195 2691 quidam
1219 2641 1394 2677 dixerunt
1413 2641 1557 2677 levitte-

98 2697 193 2744 ram]
216 2696 369 2746 quidam
390 2696 478 2745 quid
499 2696 535 2732 d.
556 2697 762 2739 leviteram,
783 2695 936 2734 Quare?
958 2696 1001 2732 P.
1124 2702 1143 2721 a
1162 2695 1270 2742 Ideo]
1295 2694 1385 2731 Ideo
1406 2695 1493 2743 quia
1515 2694 1541 2729 P

154 2799 175 2834 8
213 2798 360 2845 Dictio]
400 2798 604 2834 Diomedes
640 2812 674 2847 p.
707 2810 798 2845 431.
857 2804 915 2833 tur
946 2801 1074 2841 oratio,
1097 2804 1132 2834 et
1161 2800 1197 2834 in
1220 2811 1327 2846 quam
1357 2798 1556 2833 resolvitur.

102 2852 226 2887 Dictio
242 2857 293 2887 est
312 2865 380 2888 vor
399 2853 611 2894 articulata,
633 2864 711 2887 cnm
730 2853 798 2887 ccli·
857 2851 1067 2888 Priscianus
1088 2865 1122 2900 p.
1141 2863 1231 2899 573.
1260 2853 1386 2886 Dictio
1405 2856 1456 2885 est
1472 2862 1558 2897 pars

100 2916 169 2952 qim
198 2906 468 2953 signficatione,
490 2917 532 2940 ex
553 2918 624 2953 qua
651 2907 798 2941 instrui·
858 2906 1005 2941 minima
1028 2906 1200 2940 orationis
1219 2908 1438 2939 constructae.

929 2977 1009 3012 132
