1962 3355
574 168 630 214 de
653 168 718 213 M
722 169 838 213 etris
866 165 1177 213 Comicorum.
1509 176 1606 226 419

154 290 201 337 in
238 290 405 353 quinto
442 289 609 336 habuit
648 288 875 352 dactylos,
900 305 1008 335 cum
1042 288 1091 334 in
1117 297 1318 350 utroque
1342 288 1557 335 debuerit
1581 307 1607 336 a

154 367 281 413 brevi
308 367 536 430 incipiens
561 384 643 430 pes
668 366 798 430 poni.
868 365 926 412 In
951 364 1145 411 eodem:

348 443 452 494 Τοὺς
474 443 612 505 ἄνδρας
635 442 793 495 τούτους
816 441 966 499 ωὸὃῦνη
991 444 1118 488 πάλαι
1144 448 1276 488 Peme.

153 519 251 566 Iste
288 519 474 565 iambus
514 519 658 565 habet
694 519 741 564 in
779 517 987 565 secundo
1019 519 1124 564 loco
1166 517 1449 582 spondeum,
1481 527 1529 564 et
1560 518 1606 563 in

152 606 320 657 quarto
345 596 604 660 dactylum.
676 595 920 651 Pindarus,
944 603 1063 642 teste
1098 594 1375 651 Heliodoro,
1400 595 1610 658 ἇντέστρε-
1625 614 1666 644 32

151 679 237 730 ψεν,
259 673 347 720 hoc
371 682 441 719 est
461 673 705 730 convertit,
726 673 1007 737 rhythmum
1037 671 1313 726 iambicum,
1333 671 1425 718 hoc
1446 671 1609 718 modo:

351 750 616 813 Πεπρωμέναν
641 749 770 806 ἔθηκεν
792 756 929 812 μοῖραν
951 755 1219 812 μετατραπεῒν

350 825 634 889 Ἀνδροφθᾶρον,
661 826 745 873 οὐδὲ
770 832 869 888 σιγᾷ
893 826 1099 889 κατερρύη.

154 901 211 948 In
233 902 443 949 secundo
468 903 596 949 enim
620 902 782 949 iambo
806 902 1137 967 pyrrhichium
1162 901 1423 949 secundum
1448 909 1495 947 et
1520 909 1613 947 ter-

154 978 273 1025 tium
302 979 581 1034 trochaeum,
601 988 648 1026 et
671 988 892 1042 quartum
919 979 1181 1043 spondeum
1208 979 1382 1043 posuit.
1447 977 1612 1024 Idem:

351 1054 504 1118 Τροχόν
527 1057 651 1117 μέλος
676 1056 720 1101 αἶ
743 1056 782 1102 δὲ
808 1055 997 1118 Χείρωνος
1021 1055 1190 1102 ε’ντολαί.

155 1131 253 1179 Hic
290 1133 474 1178 iambus
512 1132 558 1177 in
597 1132 736 1178 tertio
778 1131 1036 1178 trochaeum
1079 1131 1238 1188 habet,
1274 1139 1321 1177 et
1363 1130 1408 1176 in
1444 1139 1613 1193 quarto

155 1208 436 1273 spondeum.
508 1207 672 1254 Idem:

350 1284 532 1346 Αἴνιγμα
556 1284 739 1346 παρθένου
764 1285 804 1339 ἐξ
826 1286 966 1347 ἀγριᾶν
995 1286 1151 1345 γνάθων.

155 1360 254 1408 Hic
278 1369 446 1424 quarto
471 1360 576 1406 loco
602 1360 867 1424 spondeum
893 1361 1066 1424 posuit.
1137 1359 1300 1406 Idem:
1630 1380 1669 1410 33

351 1441 420 1483 Ἐν
444 1437 665 1484 δασκίοισιν
688 1439 833 1501 πατήρ·
871 1444 1005 1495 νηλεεῒ
1024 1437 1090 1501 νόῳ
1114 1437 1160 1484 δ’.

155 1514 210 1560 In
239 1514 329 1560 hoc
353 1531 542 1576 quoque
569 1514 729 1560 iambo
754 1515 1014 1561 trochaeum
1050 1514 1096 1560 in
1131 1513 1270 1560 tertio
1302 1513 1407 1559 loco
1439 1511 1615 1578 posuit,

154 1599 200 1637 et
225 1590 272 1636 in
297 1599 465 1653 quarto
492 1590 775 1654 spondeum.
847 1591 1011 1638 Idem:

352 1666 382 1712 δ’
409 1666 511 1713 οὐδὲν
533 1668 772 1730 προσαιτέων
797 1668 1053 1729 ἐφθεγξάμαν
1077 1667 1148 1715 ἔτι.

158 1742 257 1789 Hic
281 1743 496 1790 similiter
521 1743 567 1790 in
594 1753 762 1806 quarto
787 1744 890 1790 loco
923 1744 1188 1808 spondeum
1217 1744 1374 1790 habet.
1444 1743 1615 1805 Itaque

156 1827 273 1883 puto
310 1818 568 1865 Horatium
605 1830 797 1884 propter
835 1820 1106 1883 hujusmodi
1144 1837 1303 1867 versus
1343 1819 1614 1866 Pindaricos

156 1895 329 1942 dixisse
354 1896 402 1941 in
429 1895 499 1941 IV
519 1895 816 1952 Carminum‚

330 1983 437 2023 Cum
449 1996 532 2039 per
551 1983 728 2024 audaces
750 1999 856 2024 nova
878 1984 1161 2040 dithyrambos

335 2051 463 2091 Verba
483 2051 678 2102 devolvit,
698 2054 962 2108 numerisque
965 2053 1122 2107 firtur

386 2119 498 2175 Lege
518 2120 678 2160 solutis.

157 2205 409 2251 Anacreon
433 2213 552 2251 teste
580 2205 870 2252 Heliodoro:
1639 2228 1682 2258 34

319 2282 456 2344 εΟρόἶν,
480 2279 542 2328 ἀεὶ
566 2280 654 2339 λίην
678 2288 864 2329 πολλοῖσι
889 2282 967 2345 ’γὰρ
992 2282 1148 2342 μέλεις.

158 2357 258 2404 Hic
289 2358 476 2405 iambus
507 2367 728 2422 quartum
770 2358 1035 2423 spondeum
1073 2358 1233 2404 habet.
1303 2356 1503 2422 Eupolis
1536 2358 1622 2402 Βά-

157 2456 294 2492 πταις,
329 2452 439 2481 cum
476 2435 524 2481 in
561 2435 662 2482 aliis
702 2435 872 2482 iambis
914 2434 1126 2498 ejusdem
1167 2435 1340 2481 fabulae
1382 2442 1510 2481 recta
1550 2441 1622 2479 est

158 2511 486 2557 observatione
510 2521 772 2559 metrorum
800 2530 928 2571 usus,
954 2513 1041 2559 hos
1074 2521 1235 2559 tamen
1269 2511 1430 2576 posuit
1453 2511 1500 2557 in
1526 2511 1622 2556 fine

160 2587 389 2634 habentes
416 2587 666 2652 spondeos,

323 2663 487 2710 ’Avo‘ma
510 2667 659 2728 πάσχω
681 2672 828 2723 ταῦτα,
852 2665 913 2712 ναὶ
936 2668 998 2728 μοι
1019 2668 1093 2719 τὰς
1117 2666 1315 2727 Νύμφας.

325 2739 484 2788 Πολλοὶ
506 2742 579 2802 μὲν
603 2739 663 2788 οἶν
687 2741 836 2799 δίκαια,
859 2741 919 2788 ναὶ
942 2744 1003 2804 μὲι
1026 2744 1100 2795 τᾶς
1125 2745 1332 2805 κράμβας.

579 2914 608 2932 111
629 2912 1127 2946 on‘rHHrnAAAmeiriAe
1147 2909 1198 2944 D.

824 2978 851 3016 3
881 2985 913 3014 H
943 2979 968 3015 2
