1962 3355
391 163 476 205 574
903 163 1167 217 Scriptorum
1187 163 1343 218 aliquot

391 285 694 314 v11cmmxxx.
712 271 898 313 biblioth.
917 287 1003 328 reg.
1021 273 1151 314 Paris.
1173 273 1230 313 ita
1249 272 1509 314 inscribitur:
1548 272 1840 314 Grammaticae

388 341 510 381 artis
531 341 702 381 ‘nomina
735 340 876 379 Graece
910 346 949 380 et
984 341 1133 380 Latine
1163 346 1318 381 notata.
1380 341 1519 380 Erunt
1552 339 1735 390 fortasse,
1768 339 1841 394 qui

388 406 482 457 hoc,
504 405 710 462 quidquid
740 415 800 446 est
830 405 1057 461 glossarum
1082 406 1245 456 Isidori,
1267 421 1361 447 cum
1390 406 1477 446 aliis
1501 405 1709 446 codicibus
1727 420 1836 445 com-

387 488 532 528 parare
553 473 732 528 cupiant.
785 472 838 512 In
865 486 1006 511 eorum
1027 472 1202 528 gratiam
1223 473 1334 514 hunc
1354 474 1475 514 etiam
1497 472 1839 528 qualemcumque

386 540 679 581 centunculum
699 538 766 579 hic
785 552 1028 594 proponam.

385 674 514 714 Poeta
844 680 971 711 vates.

384 738 602 779 kpoeticus
843 737 957 778 liber.

383 806 536 846 Poe'ma
842 804 964 844 unius
984 803 1078 845 libri
1097 820 1216 860 opus.

382 872 527 913 Possis
841 885 947 926 opus
967 870 1190 911 multorum
1211 871 1424 921 librorum,

382 940 567 994 Idyllion
842 952 1067 992 paucorum
1087 953 1297 989 versuum,

382 1005 603 1046 Distichon
839 1003 1034 1054 duorum,

382 1071 672 1113 Monostichon
839 1068 962 1110 unius
982 1085 1137 1111 versus.

385 1139 650 1180 Onomascike
841 1136 1130 1178 nominativus.

385 1206 541 1246 Genilce
840 1204 1069 1260 genetivus.

381 1273 536 1313 Dotilce
842 1270 1021 1311 dativus.

382 1341 591 1380 AEtiatilce
842 1337 1111 1379 accusativus.

384 1405 539 1446 Cletike
738 1418 742 1420 ·
838 1404 1064 1445 vocativus.

382 1472 645 1526 Aphoeretike
839 1470 1058 1511 ablativus.

381 1539 627 1594 Illonoptota
838 1538 1022 1592 ejusdem
1044 1553 1171 1578 casus.

380 1606 535 1660 Aptota
837 1604 879 1643 in
901 1604 1053 1659 quibus
1074 1605 1185 1645 nulla
1205 1605 1371 1645 inflexio
1390 1620 1572 1646 casuum.

380 1672 557 1727 Diptota
838 1670 879 1711 in
916 1671 1068 1725 quibus
1100 1671 1324 1712 similitudo
1358 1672 1537 1712 duorum
1571 1681 1728 1712 tantum
1765 1687 1829 1712 ca-

892 1752 1015 1777 suum
1036 1748 1107 1778 est.

386 1806 583 1860 Triptota
839 1804 963 1844 trium
984 1820 1152 1845 casuum
1176 1805 1359 1846 varietas.

386 1874 631 1928 Tetraptota
839 1880 1036 1927 quattuor
1055 1887 1223 1912 casuum
1245 1872 1429 1913 varietas.

379 1940 629 1994 Pentaptota
837 1938 1021 1994 quinque
1041 1954 1208 1980 casuum
1231 1939 1410 1979 inflexio.

379 2007 625 2061 Hexaptota
838 2006 1020 2046 omnium
1043 2021 1211 2047 casuum
1236 2006 1345 2046 varia
1364 2005 1607 2061 declinatiOL

379 2073 584 2114 Anomala
837 2072 1016 2122 nomina,
1049 2089 1143 2128 quae
1185 2073 1226 2113 in
1269 2072 1569 2128 comparatione
1604 2080 1828 2112 mutantur.

892 2139 950 2179 Ut
965 2140 1108 2189 bonus,
1127 2141 1285 2191 melior,
1303 2141 1482 2196 optimus
1495 2156 1508 2180 .·
1530 2140 1678 2189 malas,
1691 2140 1828 2194 pejor,

883 2220 1106 2261 pesszmus.

382 2274 540 2314 Ctetica
838 2273 1075 2328 possessiva.

378 2340 579 2394 Epitheta
836 2340 877 2380 id
899 2350 960 2380 est
978 2339 1192 2396 adjectiva.

378 2407 553 2461 Syllaba
834 2406 1061 2447 litterarum
1084 2406 1358 2461 congregatio.

378 2473 534 2512 Macra
834 2472 969 2527 longa.

379 2539 566 2578 Brachia
835 2538 984 2578 brevis.

378 2606 699 2647 lMonochronos
837 2605 960 2645 unius
981 2603 1186 2660 temporis.

431 2769 452 2796 k
474 2772 642 2806 Poeticus
660 2768 766 2815 liber]
790 2769 897 2811 Haec,
915 2767 985 2804 nisi
1005 2768 1074 2804 fal·
1129 2768 1233 2806 liber.
1268 2770 1424 2806 HEUS.

378 2823 445 2866 lor,
479 2836 564 2859 cum
603 2821 784 2872 prioribus
814 2820 1074 2872 conjungenda
1181 2820 1494 2871 lMonochronos]
1527 2822 1611 2860 MS.
1641 2823 1823 2859 mochron.

378 2883 467 2912 sunt
497 2875 573 2913 sic:
616 2877 731 2912 Poeta
762 2883 875 2918 vates,
906 2874 1073 2924 poeticus
1129 2874 1287 2912 HEUS.
