1962 3355
146 206 252 239 CAP.
272 202 350 240 34.
576 191 659 237 De
682 206 903 237 versuum
924 189 1197 253 generibus.
1500 197 1595 245 489

655 310 739 355 De
764 309 1090 356 choriambico.
1618 326 1657 355 14

211 398 574 444 Choriambicus
601 406 685 453 est,
710 397 790 458 qui
817 405 1003 442 constat
1026 395 1336 442 hchoriambo
1360 395 1495 459 pede,
1515 396 1595 458 qui

144 483 215 521 est
239 493 297 521 ex
326 475 466 537 longa
492 483 538 520 et
561 474 743 520 duabus
776 473 994 519 brevibus
1027 481 1074 518 et
1105 475 1260 536 longa.
1332 471 1493 533 Hujus
1518 489 1598 518 ex-

143 551 356 614 emplum
385 560 469 605 est,

315 627 439 682 Ergo
459 627 556 667 ades
577 627 655 667 huc
675 627 883 667 ambrosia
904 626 952 666 de
980 627 1146 666 Veneris
1158 625 1331 681 palude.

143 698 233 744 Est
258 698 303 744 in
334 699 536 745 Horatio
561 700 667 754 tale,

316 775 429 816 iHoc
451 777 543 817 deos
565 791 659 817 vere
680 776 869 831 Sybarin
891 775 992 830 quid
1002 789 1212 831 properas
1234 775 1424 814 cmzamlo.

146 849 339 913 Recipit
364 850 442 897 hic
466 851 511 896 in
539 850 635 896 imo
661 849 762 896 kvel
790 849 1192 913 palimbacchium
1219 848 1406 912 pedem,
1424 847 1504 911 qui
1530 856 1603 894 est

143 943 201 971 ex
225 926 352 973 brevi
376 935 422 972 et
447 927 632 973 duabus
651 926 820 989 longis,
840 925 910 971 vel
934 926 1331 990 amphibrachyn,
1351 925 1430 988 qui
1451 934 1522 971 est
1543 941 1600 971 ex

144 1002 272 1048 brevi
299 1011 345 1048 et
369 1002 513 1066 longa
536 1013 583 1048 et
608 1002 751 1048 brevi.

656 1133 742 1179 De
766 1132 1084 1179 Archilochio.
1622 1152 1658 1184 15

211 1232 571 1279 Archilochium
607 1231 665 1278 de
699 1232 919 1295 proximo
952 1231 1189 1295 superiore
1225 1231 1474 1294 praecisum
1510 1230 1603 1277 lest

146 1309 436 1372 hujusmodi,

373 1385 513 1440 Lydia
534 1385 600 1424 (ἷξε
614 1399 695 1440 per
715 1399 864 1425 omnes.

146 1458 257 1505 Hoc
282 1458 416 1504 mtale
442 1466 527 1514 θεῖ,
552 1457 689 1519 quale
715 1457 750 1503 si
778 1457 934 1512 facias,

374 1535 465 1575 Gur
482 1547 679 1589 PTOPCYCS
701 1534 893 1575 afflando.

145 1606 286 1660 Quod
314 1607 464 1670 magis
491 1606 738 1670 apparebit
763 1606 889 1653 unde
914 1606 1006 1653 nsit
1032 1615 1214 1652 sectum
1243 1606 1279 1652 si
1307 1606 1373 1653 sic
1390 1606 1581 1671 jungas,

372 1689 468 1729 Hoc
488 1689 581 1729 deos
602 1703 696 1728 vere
717 1689 905 1744 Sybarin
929 1688 1069 1743 Lydia
1089 1688 1155 1728 dic
1168 1701 1250 1743 per
1269 1702 1418 1728 omnes.

147 1767 224 1813 Sic
249 1768 375 1814 enim
403 1768 586 1830 integer
611 1776 680 1812 est
705 1767 1071 1813 choriambicus.

486 1909 566 1954 De
590 1908 985 1972 hendecasyllabo
1010 1907 1272 1954 lelcece’o.
1626 1927 1664 1959 16

214 2007 717 2070 ⁰Hendecasyllabum
745 2006 1033 2053 Phalaecium
1064 2024 1089 2051 a
1115 2006 1332 2052 Phalaeco
1357 2006 1602 2052 inventum

149 2085 242 2131 tale
268 2093 353 2141 est,

382 2161 472 2200 Vidi
493 2161 644 2201 credite
657 2174 737 2215 per
759 2160 873 2200 lacus
897 2160 1117 2199 Lucrinos.

201 2332 223 2360 h
242 2333 460 2370 choriambo
483 2333 587 2383 pede,
610 2332 672 2382 qui
694 2334 755 2379 ex]
779 2333 1017 2369 choriambico
1034 2334 1137 2380 pede,
1159 2333 1218 2380 qui
1239 2337 1289 2368 est
1309 2345 1351 2368 ea:
1371 2333 1418 2368 Β.
1503 2330 1513 2358 i
1534 2332 1607 2369 tale

146 2388 203 2424 Te
225 2388 313 2423 deos
343 2400 408 2423 oro
438 2386 584 2436 sybarin
614 2399 681 2423 cur
707 2388 899 2436 properes]
932 2388 1015 2422 tale.
1047 2387 1112 2422 hoc
1140 2388 1223 2422 deos
1251 2398 1332 2422 vere
1356 2387 1501 2433 sybarin
1522 2388 1608 2434 quid

143 2453 319 2488 properas
340 2441 433 2476 A.B.
491 2441 589 2476 Tum
610 2442 761 2488 perdere
785 2440 889 2476 addit
910 2441 1003 2476 Ven.
1115 2438 1134 2465 k
1158 2439 1350 2475 bacchium
1374 2439 1522 2488 pedem,
1544 2439 1605 2488 qui

148 2502 206 2530 est
235 2506 278 2529 ex
303 2493 401 2529 brevi
437 2501 473 2529 et
500 2492 619 2542 longis
648 2493 807 2541 duabus]
838 2495 894 2530 vel
920 2494 1224 2541 palimbacchiwn
1245 2494 1373 2540 pedem
1400 2495 1461 2540 qui
1484 2498 1535 2528 est
1566 2505 1607 2528 ex

151 2548 245 2582 brevi
260 2553 294 2582 et
310 2548 448 2582 (luobus
468 2548 581 2592 longis
596 2548 652 2582 vel
668 2546 788 2594 ccmfhi
811 2548 957 2584 brachia
971 2549 1031 2593 qui
1046 2552 1095 2583 est
1112 2559 1154 2582 ex
1172 2547 1267 2582 brevi
1285 2551 1319 2581 et
1337 2548 1445 2593 longa
1460 2551 1494 2582 et
1511 2547 1608 2582 brevi

148 2601 247 2636 A.B.
269 2601 325 2635 vel
346 2599 650 2647 palimbacchium
667 2612 705 2647 p.
728 2602 789 2647 qui
809 2613 851 2636 ex
872 2602 903 2637 b.
926 2606 960 2636 et
981 2602 1088 2648 longa
1109 2605 1143 2636 et
1164 2601 1260 2636 brevi
1279 2599 1378 2636 Ven.
1490 2597 1500 2625 l
1521 2600 1607 2635 Hu—

144 2656 206 2702 jus
227 2653 440 2701 exemplum
463 2653 535 2699 est]
561 2657 612 2687 est
632 2651 833 2697 hujusmodi
851 2655 948 2690 A.B.
1100 2659 1126 2674 ¹¹¹
1147 2662 1204 2689 est
1224 2653 1315 2700 tale]
1343 2653 1415 2687 tale
1434 2657 1486 2688 est
1506 2652 1604 2688 A.B.

150 2713 171 2732 n
191 2705 220 2743 si
251 2714 394 2743 sectum
422 2705 474 2741 sic
492 2708 630 2754 jungas
648 2705 705 2741 Te
724 2705 812 2742 deos
833 2706 1246 2754 oro—choriambicus]
1282 2707 1375 2741 uncle
1400 2707 1445 2740 sit
1473 2710 1606 2740 sectum

149 2761 179 2795 si
197 2762 247 2796 sic
260 2759 409 2806 jungas.
443 2759 507 2794 hoc
527 2760 609 2793 deos
630 2771 708 2794 vere
729 2760 953 2795 choriambus
972 2760 1066 2795 A.B.
1088 2764 1129 2795 ut
1147 2762 1198 2795 sic
1215 2764 1348 2795 sectum
1367 2759 1397 2793 si
1415 2757 1603 2793 sic—cho-

151 2815 309 2849 riambus
329 2813 426 2849 Ven.
537 2818 555 2836 ⁰
578 2811 925 2860 hendecasyllabum
947 2812 1172 2861 phalecium,
1190 2826 1211 2848 a
1229 2811 1390 2848 Phaleco
1412 2812 1604 2846 inventum

150 2874 208 2902 est
228 2866 320 2914 tale]
345 2864 842 2913 endecasyllabumfalecium
861 2878 883 2900 α
892 2865 1018 2913 saleco
1039 2868 1221 2901 incentum
1245 2866 1314 2900 talc
1334 2869 1384 2898 est
1405 2863 1493 2899 A.B.
1513 2862 1607 2909 pha-

151 2919 584 2967 lezctz'cum—phaleutz'co
604 2918 703 2954 Ven.

841 2989 928 3026 3R
