1962 3355
348 230 436 267 108
852 221 1012 268 Marii
1039 220 1280 268 Victorini
1623 233 1718 263 Lm.
1738 233 1790 262 Π.

292 342 458 388 ¹2tiam
499 342 741 388 admisisse
776 342 1034 405 quosdam3
1089 343 1135 388 in
1182 344 1314 388 wfine
1352 350 1507 388 autem
1549 337 1791 386 acatalecti

345 418 542 463 omnino
568 418 778 464 iambum
806 436 885 464 seu
916 418 1208 464 tribrachum
1234 418 1364 479 Xejus
1390 415 1665 480 progeniem
1685 413 1792 474 jure

344 494 617 551 yconstitui,
642 495 817 556 quique
853 495 898 539 in
931 494 1214 540 catalecticis
1251 493 1504 539 secundam
1543 492 1601 537 ab
1629 490 1794 535 ultima

293 588 329 618 13
348 569 456 615 sede
487 570 793 633 probabiliter
826 570 1126 616 obtinebunt.
1199 569 1355 615 Movit
1390 568 1642 614 nonnullos
1678 565 1795 611 iam-

348 645 453 691 bico
480 656 628 690 metro
652 645 913 691 trocliaeum
948 645 1143 690 minime
1176 644 1354 701 sociari,
1379 644 1555 707 quippe
1579 659 1688 688 cum
1715 640 1796 687 tri-

348 722 432 766 bus
459 721 749 783 temporibus
777 730 828 766 ut
852 720 974 765 idem
1004 720 1188 765 iambus
1208 728 1420 765 constare
1438 718 1662 775 videatur,
1686 734 1796 780 pos-

346 805 415 841 set
451 796 641 857 quidem
681 796 766 841 sub
805 794 1076 856 hujusmodi
1115 795 1347 858 parilitate
1385 794 1584 850 misceri,
1623 793 1703 839 sed
1737 809 1795 837 ne

345 872 641 935 praecedente
682 872 839 917 iambo
881 870 1160 931 subjunctus
1206 871 1439 916 trochaeus
1482 869 1795 931 antispastum

346 948 513 1010 pedem
537 958 617 993 aut
637 947 842 993 ionicum
867 955 1071 991 metrum
1098 946 1317 1002 efficeret,
1336 945 1529 1007 dempta
1554 961 1612 990 ex
1637 943 1797 989 iambo

345 1023 498 1087 prima
536 1023 679 1079 brevi,
715 1022 1020 1084 sequentibus
1051 1021 1225 1068 dehinc
1254 1039 1337 1085 per
1368 1020 1582 1066 ordinem
1615 1019 1797 1065 duabus

346 1099 497 1162 longis
532 1098 828 1160 totidemque
860 1098 1077 1144 brevibus
1116 1105 1457 1159 consequenter
1492 1105 1794 1160 prospectum

347 1185 432 1230 est,
465 1174 722 1237 praesertim
763 1192 822 1219 ne
860 1174 905 1219 id
946 1192 1101 1220 rursus
1137 1173 1181 1219 in
1218 1173 1456 1219 trochaico
1493 1172 1798 1236 interpositus

295 1270 330 1298 14
349 1251 534 1296 iambus
560 1251 654 1313 pari
683 1268 813 1296 more
838 1250 1024 1296 faceret.
1092 1250 1220 1295 Nam
1259 1259 1338 1295 aut
1363 1249 1691 1295 choriambum
1720 1258 1800 1293 aut

347 1327 558 1373 ionicum
600 1326 674 1372 ἀπὸ
722 1328 935 1378 ἐλάσσονος
978 1335 1220 1390 praeeunte
1266 1325 1473 1371 trocliaeo
1520 1324 1799 1386 subjunctus

348 1403 551 1459 iambus,
575 1402 783 1466 dempta,
809 1412 860 1448 ut
885 1420 1037 1464 supra,
1071 1402 1223 1465 prima
1255 1402 1394 1464 longa
1426 1401 1613 1454 faceret,
1646 1400 1798 1462 unod

350 1479 547 1540 adaeque
581 1481 881 1524 observatum
916 1487 987 1524 est
1025 1479 1070 1523 in
1106 1477 1341 1539 dactylico
1371 1486 1417 1522 et
1453 1485 1706 1539 anapaesto,
1741 1494 1801 1522 ne

348 1556 553 1618 copulati
592 1554 1062 1617 proceleusmaticum
1099 1570 1155 1599 ex
1197 1571 1245 1599 se
1285 1553 1494 1599 medium
1536 1553 1800 1616 gignerent.

293 1644 327 1672 ¹5
348 1630 654 1692 Improbatur
690 1639 844 1676 autem
886 1629 1009 1693 apud
1048 1629 1249 1692 tragicos
1288 1646 1447 1674 versus
1486 1646 1544 1674 ex
1580 1629 1801 1674 omnibus

349 1706 518 1752 iambis
545 1707 836 1769 compositus
857 1724 866 1751 ε
893 1724 999 1752 nam
1024 1724 1118 1767 quo
1140 1706 1198 1751 sit
1217 1706 1418 1769 amplior
1436 1716 1482 1751 et
1506 1723 1590 1769 par
1614 1706 1802 1768 tragicae

348 1783 582 1845 dignitati,
624 1784 929 1846 interponunt
977 1782 1268 1844 frequentius
1307 1782 1354 1827 in
1396 1781 1509 1828 locis
1552 1782 1804 1827 dumtaxat

349 1859 608 1921 imparibus
646 1861 820 1921 pedum
860 1858 1204 1921 dactylicorum
1241 1876 1395 1904 moras
1437 1868 1482 1904 et
1522 1858 1801 1922 spondeum.

294 1944 330 1973 16
350 1935 578 1981 Similiter
602 1935 725 1998 apud
754 1935 961 1980 comicos
992 1934 1142 1979 laxius
1171 1934 1375 1997 spatium
1402 1934 1612 1980 versibus
1636 1934 1802 1980 datum

350 2021 433 2056 est.
504 2012 630 2057 Nam
660 2021 706 2057 et
738 2012 802 2057 illi
841 2013 985 2067 noca,
1009 2027 1116 2073 quae
1155 2009 1341 2073 propria
1369 2009 1530 2055 iambo
1554 2009 1802 2064 debentur,

352 2087 572 2149 spondeis
609 2097 859 2149 occupant,
886 2087 1169 2150 dactyloque
1198 2095 1245 2131 et
1271 2095 1508 2149 anapaesto
1535 2086 1649 2132 loeis
1686 2086 1806 2132 adae-

296 2180 441 2224 17que
466 2163 746 2225 disparibus
819 2163 893 2208 Ita
918 2163 1032 2208 dum
1067 2162 1357 2208 cotidianum
1397 2180 1662 2208 sermonem
1701 2162 1806 2207 imi-

350 2239 435 2284 tari
461 2238 692 2296 nituntur,
717 2247 864 2284 metra
889 2239 1057 2284 vitiant
1080 2238 1250 2294 studio,
1277 2255 1374 2283 non
1400 2237 1651 2300 imperitia,
1677 2238 1804 2300 quod
1851 2244 1854 2247 “

351 2314 642 2376 frequentius
668 2314 793 2377 apud
819 2326 1002 2360 nostros
1028 2331 1169 2375 quam
1200 2314 1391 2359 Graecos
1417 2314 1638 2360 invenies.

298 2407 334 2436 18
420 2391 606 2436 Genera
623 2399 780 2435 autem
799 2389 988 2436 iambici
1010 2390 1144 2435 metri
1165 2398 1277 2435 sunt
1292 2389 1402 2444 duo,
1418 2407 1526 2435 nam
1546 2407 1605 2436 ex
1626 2390 1696 2436 his
1717 2390 1806 2436 alia

354 2466 549 2529 integra,
568 2465 656 2511 alia
671 2465 851 2521 clauda,
870 2483 974 2527 quae
995 2474 1213 2511 scazonta
1234 2483 1312 2512 seu
1332 2465 1603 2512 eboliamba
1621 2476 1806 2520 vocant,

406 2600 434 2618 xv
456 2594 544 2640 fine]
559 2594 678 2663 dfinem
702 2593 741 2628 P.
853 2600 872 2618 x
894 2594 988 2642 ejus]
1013 2602 1049 2628 et
1069 2597 1148 2643 ejiis
1169 2594 1207 2629 P.
1299 2601 1318 2628 Y
1338 2594 1512 2630 constitui
1535 2594 1690 2643 quique]
1715 2608 1806 2631 cou-

542 2649 555 2663 0

354 2670 474 2708 stituti
495 2672 630 2720 quique
652 2671 689 2707 P.
718 2672 884 2706 constitui
903 2671 1083 2708 correctio
1103 2681 1159 2708 est
1180 2671 1392 2708 Camerarii.
1502 2679 1520 2698 Ζ
1541 2673 1658 2722 quod]
1682 2673 1744 2722 qui
1764 2674 1806 2710 P.

356 2732 374 2751 a
394 2724 474 2760 loca
494 2726 592 2773 quae]
618 2724 701 2760 loco
718 2724 779 2772 qui
802 2725 843 2760 P.

415 2828 471 2863 ¹5·
506 2815 760 2864 Improbatnr]
798 2817 908 2863 Seqq.
942 2815 1053 2851 habet
1163 2816 1210 2852 ib.
1240 2815 1363 2852 iambo
1392 2816 1590 2862 debentur]
1623 2816 1808 2853 debentur

356 2869 515 2905 Rufinus
532 2869 578 2904 de
597 2869 710 2904 Metr.
727 2869 835 2903 Com.
857 2881 892 2916 p.
914 2869 1029 2915 2708.
1110 2867 1240 2905 iambis
1262 2869 1349 2905 Ruf.

416 2922 473 2959 16.
496 2921 657 2958 versibus
677 2935 752 2958 om.
776 2921 899 2957 Rufin.
