1962 3355
275 234 357 280 Ex
381 234 530 281 AElz'o
555 234 698 281 Festo
723 234 965 295 Aptlzom‘o
991 234 1047 279 de
1071 234 1299 280 carminis
1325 234 1408 294 350.
1481 244 1568 280 241

113 355 291 402 Oceani
314 356 426 411 filia,
452 373 594 419 quam
620 354 853 418 &primam
879 363 1102 418 quattuor
1120 353 1308 400 chordis
1332 371 1465 400 usam
1493 354 1575 400 ad-

112 434 273 479 firmat
308 433 556 496 Lysaniam,
587 432 698 486 sive,
725 441 777 477 ut
812 432 1112 495 LicymniUS‚
1139 430 1215 477 ἀπὸ
1251 437 1319 477 τοῦ
1353 433 1574 492 μελεάζειν,

111 510 295 555 τουτέστι
354 514 509 572 θρηνεῖν.
580 507 879 561 Quibusdam
936 509 1094 571 placet
1143 509 1201 554 ab
1250 507 1416 570 apibus
1464 524 1572 568 quae
1591 524 1611 553 4

113 585 279 631 Graece
315 586 513 645 μέλισσαι
560 583 805 629 dicuntur:
846 601 953 629 nam
996 583 1117 629 sicut
1154 583 1246 629 illae
1288 582 1419 628 omni
1463 600 1574 628 cura

113 662 247 706 flores
274 661 440 723 legunt
466 670 517 706 ut
542 660 680 706 mella
707 660 980 715 conficiant,
1001 658 1068 706 καὶ
1093 660 1151 706 σ”τι
1176 661 1292 720 μέλει
1317 660 1457 712 αὐταῖς
1483 660 1574 705 hoc

112 737 340 795 studium>
373 739 573 798 μέλισσαι
610 736 763 793 dictae,
789 736 836 781 in
875 736 1105 800 scriptura
1131 754 1321 799 quoque
1346 735 1574 798 quicquid

111 813 237 859 floris
275 822 343 859 est
380 814 426 859 in
468 832 583 860 sono
620 814 748 859 vocis
784 822 831 860 et
872 814 1111 877 rhythmis
1149 813 1206 860 ad
1244 812 1575 877 componenda

109 890 217 950 μέλη
243 890 512 953 colligimus
544 900 598 937 ut
630 890 820 936 auribus
857 890 1114 948 tradamus,
1149 889 1275 936 unde
1312 898 1359 935 et
1389 889 1574 936 Home-

109 983 202 1020 rus,

242 1038 310 1078 τοῦ
334 1032 400 1079 καὶ
424 1031 499 1077 ἀπὸ
523 1031 718 1092 γλώσσης
740 1032 906 1093 μέλιτος
929 1030 1099 1094 γλυκίων
1121 1033 1202 1095 ῥέεν
1225 1032 1338 1089 αὐδή.

110 1116 238 1163 Nam
276 1119 419 1165 veluti
460 1127 601 1181 gustu
639 1119 766 1165 vocis
800 1137 934 1164 aures
970 1119 1273 1182 pabulantur.
1342 1118 1430 1165 Vel
1469 1117 1611 1168 ideo5

109 1195 248 1254 μέλος,
283 1196 394 1257 quia
430 1212 536 1258 pars
573 1204 644 1240 est
681 1195 777 1251 ὠὸἦς
824 1194 890 1240 καὶ
932 1196 1087 1251 λέξεως,
1124 1194 1246 1241 sicut
1281 1204 1328 1240 et
1368 1193 1574 1258 corporis

111 1271 255 1316 nostri
295 1280 449 1335 partes
485 1271 650 1316 Graece
690 1271 799 1331 μέλη
835 1270 1182 1334 happellantur.
1254 1271 1456 1317 Constat
1495 1288 1575 1317 au-

110 1357 206 1394 tem
243 1349 368 1408 μέλος
403 1347 525 1393 icolo
550 1355 597 1392 et
622 1356 874 1393 commate.
945 1347 1097 1393 Colon
1125 1355 1196 1393 est
1221 1348 1440 1410 quaedam
1468 1365 1574 1411 pars
1593 1361 1613 1393 6

109 1423 334 1470 orationis
361 1423 542 1487 integra
567 1423 744 1487 pedum
773 1424 1120 1487 compositione
1145 1424 1415 1486 conjuncta,
1440 1423 1576 1485 cujus

109 1519 216 1565 pars
243 1518 434 1548 comma
457 1500 644 1547 dicitur.
713 1500 872 1547 Erunt
901 1501 1060 1564 itaque
1097 1501 1199 1548 cola
1226 1501 1467 1564 particulae
1503 1519 1577 1547 so-

109 1578 317 1624 lutorum
348 1586 603 1623 metrorum
632 1577 901 1635 dumtaxat,
925 1596 1034 1624 cum
1065 1578 1257 1642 integrae
1285 1578 1463 1625 fuerint
1498 1595 1575 1641 sy-

111 1654 278 1718 zygiae‚
303 1671 491 1700 comma
516 1672 626 1700 vero
651 1671 762 1700 cum
791 1653 1101 1720 kimperfecta
1126 1664 1210 1702 est.
1282 1655 1456 1702 Omnis
1494 1672 1574 1702 au-

110 1738 208 1775 tem
245 1729 424 1777 lversus
450 1732 556 1778 κατὰ
579 1730 624 1777 τὸ
647 1738 837 1778 πλεῖστον
861 1732 908 1777 in
939 1731 1033 1778 duo
1058 1732 1160 1778 cola
1189 1731 1431 1789 dividitur,
1456 1733 1573 1779 abu-

111 1806 208 1852 sive
233 1815 390 1853 autem
418 1808 603 1854 metjam
632 1825 821 1854 comma
846 1808 1019 1855 dicitur
1043 1809 1222 1855 colon.¹¹

165 1929 186 1957 g
206 1923 380 1971 primam]
399 1922 562 1972 primurn
580 1925 623 1960 P.
735 1923 755 1950 h
774 1924 1023 1974 appellamus]
1050 1925 1284 1974 appellantur
1305 1925 1345 1968 P,
1434 1924 1444 1951 i
1463 1925 1566 1974 colo]

111 1976 215 2012 colos
237 1977 276 2012 P.
333 1977 427 2012 Mox
447 1990 530 2026 pars
551 1991 626 2014 om.
648 1978 688 2014 P.
825 1976 846 2003 k
864 1977 1079 2027 imperfecta
1099 1979 1173 2025 est]
1196 1977 1434 2028 iamperfecta
1453 1987 1510 2016 est
1530 1980 1569 2017 P.

110 2054 121 2082 l
144 2055 284 2101 versus]
307 2032 431 2091 sessiiis
452 2057 493 2092 P.
612 2063 642 2082 m
663 2064 700 2092 et
714 2057 811 2106 jam]
837 2056 949 2093 etiam
971 2057 1010 2093 P.
1143 2064 1163 2083 n
1183 2056 1350 2107 Explicit
1369 2070 1426 2094 ars
1446 2071 1569 2108 gram-

113 2108 247 2145 matica
263 2107 446 2145 Victorini
464 2108 563 2146 Mari
584 2110 629 2146 de
649 2111 887 2160 ortographia
907 2118 944 2147 et
963 2110 1009 2147 de
1030 2111 1185 2147 metrica
1204 2111 1348 2147 ratione
1368 2111 1407 2147 P.

808 3026 869 3072 1i
