1962 3355
375 227 434 264 82
885 222 1040 269 *Marii
1069 222 1309 269 Victorini
1673 237 1770 267 LIB.
1791 237 1823 268 1.

317 361 353 393 17
440 340 614 386 Praeter
639 341 721 387 has
746 351 903 389 autem
929 342 1246 407 depositiones
1271 352 1342 388 est
1367 359 1502 404 aeque
1526 359 1631 405 quae
1661 343 1826 388 ὃικατα-

373 414 493 472 ληξία
529 417 816 474 nominatur,
854 436 961 464 cum
1000 436 1059 464 ex
1100 418 1292 464 diversis
1336 418 1495 463 metris
1537 434 1694 463 versus
1736 418 1823 463 sub

374 491 511 536 unius
533 493 681 553 figura
713 492 1041 555 kconponitur.
1110 493 1237 539 Nam
1277 494 1313 539 si
1339 493 1399 538 sit
1422 492 1654 555 dactylica
1683 502 1825 538 tetra-

317 580 353 609 18
373 565 512 628 podia
539 576 586 612 et
609 567 921 631 itliyphallus,
946 568 991 614 id
1029 578 1113 622 est,
1146 568 1208 613 lsi
1235 579 1341 631 post
1365 578 1586 631 quattuor
1611 568 1824 630 dactylos

372 642 563 704 mpedes
596 653 687 689 tres
720 646 931 690 continui
958 645 1151 690 trochaei
1180 655 1199 674 ¹¹
1217 645 1540 705 subjiciantur,
1566 644 1698 704 isque
1721 661 1823 688 ver-

373 734 449 762 sus
495 719 662 778 ⁰quasi
707 720 954 765 uniformis
998 720 1343 783 pronuntietur,
1384 719 1666 775 ὃικαταληξίαυ
1705 719 1826 782 pati-

315 813 353 846 19
370 800 460 838 tur.
544 793 982 856 PQuandoquidem
1024 805 1190 857 quarto
1214 795 1334 858 pede
1372 795 1598 857 qdactylo
1636 804 1682 840 et
1718 812 1823 857 pars

371 868 594 913 orationis
619 878 666 914 et
691 870 950 916 catalectici
986 872 1121 915 metri
1160 873 1266 916 finis
1298 870 1567 926 includitur,
1594 879 1734 931 atque
1760 870 1826 915 ita

369 951 559 988 rrursus
600 945 894 991 trochaicum
939 945 1195 990 dimetrum
1239 945 1701 1007 brachycatalectum
1746 945 1825 991 ad-

361 1018 595 1079 jungitur,
622 1020 748 1082 quod
775 1021 1141 1084 ithypliallicum
1172 1021 1461 1077 nominatur,
1486 1030 1538 1066 ut
1562 1030 1647 1077 est,

442 1094 575 1140 Tunc
600 1101 644 1140 et
668 1097 845 1142 amoris*
870 1114 1004 1143 amor
1028 1097 1158 1143 venit
1182 1097 1423 1159 ‘improbus
1447 1096 1607 1160 aliger
1627 1095 1824 1159 Cupido.

311 1186 352 1207 20
435 1172 636 1217 Occasio
662 1174 871 1235 suggerit
891 1174 980 1219 boc
1001 1174 1103 1219 loco
1123 1174 1264 1219 etiam
1287 1172 1400 1219 illud
1421 1173 1589 1230 dicere,
1606 1173 1822 1236 quaedam

370 1255 518 1293 metra
558 1247 850 1294 familiariter
886 1249 1084 1312 propriis
1125 1249 1325 1312 pedibus
1363 1249 1620 1295 terminari.
1691 1250 1820 1295 Nam

368 1323 571 1369 iambica
608 1324 877 1370 catalectica
914 1326 1099 1382 iambis,
1127 1326 1429 1372 acatalectica
1468 1326 1626 1371 iambo
1662 1342 1824 1388 super-

368 1399 542 1444 fluente
575 1400 769 1462 syllaba,
793 1401 1008 1447 similiter
1042 1402 1283 1448 trochaica
1320 1412 1366 1447 et
1408 1402 1692 1464 anapaestica
1729 1400 1824 1446 suis

367 1475 590 1521 libentius
628 1476 964 1523 terminantur:
1003 1488 1179 1533 contra,
1216 1478 1433 1540 quaedam
1476 1477 1637 1523 alienis
1677 1477 1823 1539 depo·

367 1552 615 1597 sitionibus
641 1553 863 1615 gaudent,
883 1562 932 1599 ut
957 1554 1261 1617 antispastica
1287 1564 1334 1600 et
1360 1554 1681 1599 choriambica
1706 1554 1824 1599 iam-

369 1627 484 1673 bicis
520 1629 950 1692 conjugationibus,
987 1630 1140 1676 ionica
1180 1639 1338 1676 autem
1385 1639 1582 1691 utraque
1621 1629 1824 1675 trochai-

310 1722 344 1744 21
368 1702 447 1748 cis.
519 1704 763 1766 Siquidem
802 1714 911 1751 sunt
947 1706 1019 1751 his
1058 1706 1261 1752 finitima
1297 1714 1343 1751 et
1380 1705 1627 1750 familiaria
1676 1717 1823 1752 metra

370 1778 555 1841 singula
596 1780 808 1842 singulis,
851 1798 944 1826 non
984 1782 1110 1827 enim
1151 1782 1304 1826 solum
1346 1781 1393 1826 in
1433 1782 1523 1826 fine
1563 1790 1823 1843 ponuntur,

369 1854 477 1899 Ssed
515 1864 562 1899 et
592 1855 638 1900 in
676 1855 928 1902 medietate
953 1874 1188 1913 versuum,
1224 1865 1269 1901 et
1305 1856 1426 1901 inter
1464 1856 1595 1901 initia
1627 1856 1824 1918 conjun-

310 1948 347 1969 22
369 1938 557 1991 guntur.
628 1930 757 1976 Scias
784 1940 942 1977 autem
968 1932 1015 1977 in
1043 1933 1171 1978 omni
1208 1941 1358 1978 metro
1393 1932 1696 1978 novissimam
1731 1933 1823 1995 syl-

369 2005 523 2051 labam
549 2006 770 2068 ἇῧιάφορον,
794 2006 840 2053 id
865 2016 949 2061 est,
971 2007 1313 2054 indifferentem
1343 2026 1457 2054 esse.
1527 2008 1665 2053 Nihil
1694 2008 1822 2054 enim

369 2079 506 2125 metri
544 2080 751 2138 interest,
777 2091 934 2128 utrum
974 2082 1053 2129 illa
1086 2084 1228 2144 longa
1254 2084 1311 2130 sit
1339 2102 1393 2130 an
1424 2084 1591 2139 brevis,
1615 2101 1669 2129 ea
1691 2084 1822 2130 vide-

369 2154 481 2201 licet
524 2157 718 2212 ratione,
757 2158 866 2219 quia
912 2158 1228 2205 distinctionis
1275 2177 1406 2205 mora
1447 2160 1585 2204 breve
1631 2168 1823 2221 tempus

309 2249 348 2279 23
370 2230 602 2277 ostendit:
651 2232 844 2294 longam
888 2242 1044 2279 autem
1086 2234 1316 2297 syllabam
1368 2251 1454 2297 pro
1496 2234 1624 2279 brevi
1672 2234 1821 2297 accipi

370 2307 560 2352 finalem
587 2325 640 2352 ea
664 2307 842 2354 ratione
878 2318 1177 2374 putaverunt,
1203 2327 1294 2373 qua
1331 2309 1628 2372 reperiuntur
1650 2309 1699 2355 in
1727 2326 1823 2355 me-

423 2497 445 2524 k
465 2499 719 2549 componitur]
753 2503 976 2550 conponitur
996 2504 1035 2538 P.
1200 2503 1210 2529 l
1230 2517 1339 2552 supra
1361 2504 1535 2552 quatuor]
1559 2505 1589 2539 si
1609 2512 1693 2552 post
1712 2513 1821 2552 quat·

370 2559 454 2587 tuor
474 2552 512 2588 P.
650 2560 679 2578 m
702 2554 906 2602 pedestres]
931 2556 1056 2603 pedes.
1079 2563 1152 2591 tres
1173 2557 1211 2591 P.
1335 2563 1355 2581 n
1375 2556 1651 2605 subijiciantur]
1681 2556 1819 2593 subici-

371 2613 480 2640 antur
500 2606 540 2640 P.
682 2614 700 2631 0
721 2607 843 2654 quasi]
866 2607 999 2655 quibus
1020 2609 1060 2644 P.
1197 2616 1216 2643 P
1239 2608 1568 2657 Quandoquidem]
1595 2609 1755 2647 Quando
1776 2610 1818 2647 P.

370 2656 431 2705 qui
453 2657 565 2693 habet
586 2663 714 2706 quarto
736 2658 771 2694 in
795 2672 908 2709 marg.
1032 2667 1052 2694 q
1073 2660 1272 2710 dactylico]
1298 2661 1434 2698 dactilo
1455 2662 1494 2698 Ρ.
1619 2668 1634 2687 ¹·
1653 2663 1818 2710 rursum]

370 2722 491 2746 rursus
513 2711 552 2746 P.
663 2717 677 2736 s
698 2711 760 2747 sed
783 2711 838 2758 in]
861 2712 925 2748 sed
947 2720 983 2749 et
1004 2713 1043 2748 in
1065 2713 1109 2749 P.

439 2884 500 2908 20.
539 2871 1060 2921 catalectica—acatalectica]
1177 2886 1237 2910 22.
1259 2874 1440 2922 ostendit]
1465 2874 1489 2910 l.
1512 2874 1693 2912 extendit.
1725 2876 1819 2913 San-

368 2924 409 2961 F.
430 2924 992 2975 acatalecta-hypercatalecta.
1120 2934 1195 2963 ten.
1217 2928 1301 2964 Ter.
1324 2928 1447 2964 Maur.
1470 2940 1505 2977 p.
1525 2939 1612 2964 220.
