1962 3355
321 212 400 248 614
534 211 890 247 CORRIGENDA
919 211 1172 250 QUAEDAM
1199 211 1268 247 ET
1296 211 1571 249 ADDENDA.

325 329 410 365 143,
435 330 470 365 3.
492 317 639 365 ceteris]
664 318 709 354 L.
731 320 855 354 ceteris

324 381 410 418 151.
433 384 503 406 var.
525 371 625 407 lectt.
646 378 675 396 W
694 378 790 407 ελεαν
810 373 858 419 A]
883 371 928 407 L.
951 378 1044 407 ελεαν
1064 372 1104 408 Ρ.

325 436 411 470 154,
436 436 495 470 24.
516 423 751 471 Aristoteles]
775 424 889 460 Rhet.
910 424 983 460 III.
1007 423 1043 460 8.

323 477 410 525 169,
437 489 495 512 12.
516 485 606 525 quot
628 477 701 522 res]
728 477 771 512 L.
792 490 865 525 quo
888 485 961 512 tres

326 530 411 575 184,
437 542 468 565 2.
491 529 733 577 Sallustiano]
758 530 932 578 Jugurth.
953 528 1033 565 init.

322 583 411 625 216,
438 593 495 629 13.
517 583 711 628 detectum]
738 582 781 617 L.
803 581 978 628 dejectum

322 647 409 683 219,
432 647 467 682 3.
483 639 560 684 jam
583 635 709 683 pulsu]
735 635 781 671 L.
802 636 955 681 impulsu
976 647 1018 670 ex
1038 634 1187 670 emend.
1211 635 1392 671 Salmasii.

323 699 411 734 223,
440 699 495 734 14.
517 687 706 723 Alcaicum
726 688 988 737 Sapphicum,]
1011 687 1055 722 L.
1077 689 1276 730 Alcaicum,
1296 688 1518 736 Sapphicam

322 752 411 786 224,
436 752 495 787 23.
518 741 576 787 ob]
601 740 646 776 L.
668 741 712 775 ab

324 805 411 841 225,
438 793 495 829 18.
518 792 872 842 hendecasyllabon]
904 794 947 829 L.
968 794 1244 840 enneasyllabcm
1265 806 1348 830 cum
1371 793 1529 844 Bergkio
1551 795 1777 831 Anacreont.

373 859 408 895 p.
430 856 492 893 35.
542 846 652 882 Conf.
674 859 765 882 varr.
787 847 887 882 lectt.
911 846 1020 882 Plotii
1044 859 1074 883 c.
1099 858 1135 894 9,
1161 856 1194 893 7.

323 911 409 946 233.
432 899 467 934 in
490 911 637 935 summo
658 912 740 949 pag.
762 912 828 948 pro
850 912 932 936 CAP.
959 912 989 935 2.
1011 900 1092 950 lege
1114 912 1197 935 CAP.
1220 911 1254 947 3.

324 963 411 999 235,
440 963 497 999 15.
519 952 650 999 Πατὲρ]
677 952 721 987 L.
744 955 856 1000 Πάτερ

323 1016 410 1052 239,
436 1005 497 1041 26.
519 1018 603 1041 vero
624 1005 671 1052 si]
697 1005 742 1040 L.
766 1018 850 1041 vero
871 1007 983 1042 etiam
1005 1005 1034 1040 si

322 1058 410 1105 276,
439 1068 494 1105 15.
516 1057 643 1093 ἔτασσε
663 1060 801 1105 βῖχορος]
827 1057 898 1103 ἕτης
917 1060 1009 1103 σέβει
1029 1060 1115 1106 χορὶς
1136 1057 1289 1094 Vossius
1313 1059 1402 1094 [nst.
1427 1060 1529 1095 Poet.
1554 1059 1603 1094 II.
1626 1070 1689 1107 35,
1717 1071 1775 1094 10.

371 1110 433 1159 qui
453 1110 489 1146 in
511 1124 611 1159 seqq.
633 1111 821 1147 Terhaerio
843 1112 1045 1159 praeiverat.

322 1165 410 1211 278,
433 1176 468 1209 4.
491 1165 783 1210 allaborctnclam]
808 1165 851 1200 L.
874 1165 1152 1200 allaborandum

318 1228 408 1264 302.
431 1217 623 1263 Mea-cenas]
647 1217 693 1253 L.
715 1218 893 1253 Mcecenas
913 1217 980 1253 bis.

319 1282 408 1317 319,
431 1283 512 1319 pen.
539 1271 680 1317 Cybele]
706 1270 750 1306 L.
774 1271 909 1317 Cybebe
928 1283 1013 1306 cum
1034 1270 1209 1306 Diomed.
1231 1284 1266 1320 p.
1285 1271 1374 1318 498.

319 1335 408 1370 322.
432 1336 515 1372 pen.
536 1325 659 1359 musici
679 1324 862 1370 carminis]
887 1324 931 1359 L.
954 1325 1083 1359 musice
1104 1331 1142 1359 ut
1163 1336 1274 1372 supra
1294 1337 1330 1372 p.
1355 1323 1437 1359 181.

433 1376 498 1412 ult.
518 1377 568 1411 sic
593 1377 753 1423 Tyberis]
790 1377 884 1412 Vide
915 1389 1024 1425 supra
1045 1390 1078 1425 p.
1104 1387 1164 1424 70.
1208 1377 1332 1412 Verba
1351 1389 1447 1412 more
1468 1381 1563 1411 tenet
1582 1377 1775 1423 ingenium,

372 1428 442 1464 nisi
463 1429 643 1465 mendosa
662 1437 760 1472 sunt,
782 1429 932 1465 alterius
952 1429 1111 1477 exempli
1132 1428 1353 1478 principium
1375 1428 1588 1465 conficiunt.

319 1491 410 1529 325,
434 1494 495 1517 20.
516 1482 807 1531 Monostropha]
832 1482 914 1517 Vid.
936 1483 1032 1517 Mar.
1053 1483 1240 1518 Victorin.
1262 1483 1330 1519 IV.
1354 1494 1389 1529 3,
1418 1495 1476 1518 10.

318 1547 408 1582 330,
431 1548 458 1570 s.
483 1535 562 1581 20.]
588 1534 726 1570 Confer
746 1535 842 1570 Mar.
866 1534 1047 1571 Victoria.
1071 1548 1107 1584 p.
1128 1547 1214 1582 239.
1237 1548 1265 1571 s.
1290 1547 1322 1571 2.

318 1599 409 1635 331,
431 1601 461 1624 s.
487 1589 568 1635 24]
594 1587 731 1623 Confer
750 1589 847 1623 BIar.
870 1587 1053 1623 Victorin.
1076 1602 1111 1637 p.
1136 1589 1218 1635 136.
1239 1601 1267 1623 s.
1289 1600 1327 1635 3.

438 1654 472 1689 p.
494 1650 553 1688 25.
576 1640 717 1676 loculus
746 1640 825 1687 ille]
860 1640 944 1676 Vid.
976 1640 1176 1677 Scriverius
1203 1642 1248 1676 ad
1279 1643 1421 1677 Auson.
1453 1642 1561 1676 Cent.
1588 1640 1704 1688 Nupt.
1737 1652 1774 1688 p.

372 1704 462 1741 505.
484 1694 540 1729 ed.
568 1694 681 1740 1671.

316 1758 407 1794 339.
431 1759 515 1795 pen.
539 1745 685 1782 Ennius
706 1745 879 1795 longum]
904 1746 988 1782 Vid.
1012 1746 1186 1782 Ciceron.
1208 1746 1327 1796 Legg.
1348 1746 1399 1781 II.
1425 1756 1484 1792 27.

546 1798 760 1846 Deliacum]
787 1799 871 1835 Vid.
894 1800 1036 1836 Plotius
1058 1811 1093 1846 3,
1117 1811 1152 1846 3.

320 1863 410 1898 343,
438 1863 497 1899 13.
519 1851 609 1888 iam·
632 1852 670 1899 2]
695 1851 737 1888 L.
758 1853 851 1888 iam-
870 1864 908 1899 4.

317 1916 406 1951 344,
433 1917 464 1940 2.
487 1904 734 1952 Trimetrom]
761 1905 852 1954 Leg.
873 1904 1086 1942 Trimetron

317 1969 407 2005 350,
437 1968 492 2004 17.
515 1970 598 1993 ηιεα3
613 1959 760 2005 puellae]
785 1958 830 1994 L.
853 1960 914 1994 οἱα)
932 1971 1017 1994 meae
1032 1960 1163 2006 puellae

317 2021 409 2057 377,
427 2023 486 2047 21.
508 2011 729 2059 sequuntur]
749 2023 786 2046 se
807 2018 1011 2059 sequuntur
1028 2013 1097 2048 Ms.
1120 2012 1216 2047 Voss.
1233 2024 1291 2058 ap.
1311 2012 1484 2047 Bondam.
1502 2010 1548 2046 V.
1563 2009 1609 2046 L.
1631 2023 1667 2059 p.
1687 2022 1699 2045 1
1715 2009 1774 2046 18.

318 2064 405 2110 378.
429 2077 513 2112 pen.
537 2064 682 2110 notam]
705 2065 904 2099 Salmasius
925 2073 1014 2100 nota

433 2130 469 2152 n.
490 2114 520 2152 d·
542 2115 765 2165 Diomedes]
793 2117 863 2153 III.
887 2128 951 2164 34,
973 2129 1036 2165 51.

318 2170 408 2216 380,
432 2181 468 2217 5.
489 2170 535 2205 ab
556 2171 620 2206 im.
642 2169 880 2218 sesquipede]
906 2170 950 2206 L.
972 2169 1202 2219 sesquipede.

316 2223 407 2269 381,
429 2230 506 2259 ant.
530 2235 597 2258 non
619 2224 687 2270 est]
715 2222 915 2258 Salmasius
934 2236 1003 2258 non
1024 2236 1060 2258 es

317 2276 407 2322 384,
433 2286 492 2322 27.
515 2274 616 2321 Fuit]
642 2275 747 2311 Fuvit
770 2276 970 2311 Salmasius

316 2328 406 2375 385,
433 2340 495 2365 21.
525 2329 704 2374 malacz'ae]
734 2328 955 2364 Salmasius:
992 2334 1017 2348 “
1039 2328 1131 2378 Leg.
1165 2329 1367 2369 Salmaciae,
1401 2334 1442 2362 ut
1474 2325 1606 2376 glossis
1639 2325 1774 2376 legitur

371 2381 553 2416 salmacia
572 2383 809 2429 Ἀμφιτρίτη.”

316 2433 405 2481 389,
430 2443 463 2480 7.
485 2435 680 2481 Ausonius]
705 2435 883 2469 Ausonios
903 2434 954 2469 vel
978 2436 1146 2469 Ausoniis
1175 2431 1375 2468 Santenius
1404 2432 1555 2468 Terent.
1580 2431 1704 2467 BIaur.
1735 2444 1771 2480 p.

375 2497 457 2531 131.
480 2485 541 2534 qui
563 2498 647 2521 mox
667 2486 691 2522 l.
714 2487 774 2522 18.
798 2487 944 2535 reponit
964 2487 1125 2534 “utfinis
1145 2485 1195 2521 ib.
1218 2499 1253 2534 p.
1277 2497 1360 2531 104.

315 2550 404 2586 390,
426 2538 492 2574 ult.
515 2538 595 2573 dele
620 2551 678 2581 10,
700 2546 737 2574 et
759 2539 856 2574 hunc
877 2551 1072 2574 numerum
1095 2551 1241 2588 appone
1263 2538 1328 2574 lin.
1352 2551 1383 2574 1.
1407 2551 1443 2586 p.
1467 2549 1558 2585 391.

314 2592 404 2638 406,
433 2603 463 2626 1.
488 2592 562 2626 Ρνο
583 2591 694 2637 veste]
721 2590 944 2627 Salmasius:
977 2592 1037 2627 De
1064 2593 1264 2627 Philoctete
1286 2592 1341 2627 hic
1360 2603 1491 2627 versus.

313 2656 404 2691 419,
426 2643 491 2679 ult.
514 2644 648 2690 Πολλοὶ]
671 2643 718 2678 L.
741 2649 866 2679 Πολλοῦ

313 2708 404 2742 420,
424 2709 510 2744 pen.
533 2697 700 2744 Μαιαδεῦ]
726 2698 872 2737 Μαίαδος
893 2695 1110 2732 Salmasius.

313 2762 404 2797 429.
427 2749 464 2784 in
486 2762 576 2784 varr.
598 2749 698 2785 lectt.
719 2749 741 2785 l.
764 2749 800 2785 6.
832 2750 1038 2784 bibrationis
1058 2751 1108 2797 A]
1145 2749 1259 2792 Adde,
1292 2751 1329 2785 in
1362 2762 1434 2798 qua
1462 2748 1547 2785 lect.
1570 2748 1684 2785 latere
1713 2747 1767 2783 vi-

368 2803 476 2838 detur
495 2802 714 2837 vibi-ationis.

312 2866 403 2901 442,
426 2867 518 2892 varr.
540 2854 642 2892 lectt.
663 2854 685 2891 l.
713 2867 744 2891 1.
765 2862 848 2904 post
872 2866 959 2902 231.
981 2855 1085 2898 adde,
1107 2855 1170 2891 sed
1191 2855 1273 2891 vide
1294 2867 1404 2903 supra
1424 2868 1460 2903 p.
1481 2865 1572 2900 424,
1595 2866 1631 2901 3.
