1962 3355
346 200 405 250 78
857 192 1014 240 Marii
1041 193 1275 240 Victorini
1637 207 1735 238 Lm.
1763 207 1795 238 1.

346 316 515 361 merito
550 314 775 367 diximus,
811 314 889 360 nid
925 324 1010 371 est,
1035 313 1334 359 dissimilium
1373 313 1576 376 partium
1608 313 1799 376 copula-

324 392 474 438 tione
526 390 704 454 periodi
752 391 1008 447 conclusio,
1056 390 1091 435 si
1147 389 1338 451 quidem
1395 389 1588 436 inducta
1646 390 1799 453 prima

289 1018 324 1039 12

291 1475 326 1505 13

346 468 538 530 strophe
586 475 633 513 et
685 467 1030 529 Oantistropho,
1076 482 1232 510 rursus
1281 464 1420 510 aliam
1480 466 1705 529 strophen
1754 475 1801 511 et

344 543 710 607 Pantistrophon
758 540 1137 605 praecedentibus
1180 539 1459 586 dissimilem
1504 541 1711 596 afferant,
1754 551 1801 587 et

344 637 502 665 rursus
540 619 754 665 qtertiam
784 617 902 663 nihil
935 617 1117 663 duabus
1151 618 1470 680 praeeuntibus
1508 617 1728 673 similem,
1754 628 1801 664 et

344 704 557 757 quartam
599 711 734 755 aeque
772 711 795 738 a
834 693 999 738 ceteris
1037 693 1400 756 discrepantem.
1458 693 1549 739 Cui
1587 694 1799 740 varietati

346 772 498 817 solent
522 770 637 816 illud
665 769 935 831 adjungere,
956 777 1008 815 ut
1034 779 1271 832 postrema
1295 769 1472 833 epodos
1499 771 1683 816 cunctis
1709 771 1802 816 dis-

346 847 511 893 similis
549 844 803 906 aliquando
831 844 1078 908 jungatur,
1104 845 1254 908 rquod
1286 864 1378 891 non
1405 855 1592 892 tantum
1620 847 1800 910 tragici,

346 922 427 968 sed
453 931 498 967 et
522 921 656 985 lyrici
694 929 932 967 Sauctores
959 921 1004 967 in
1032 922 1195 985 epodis
1230 940 1352 985 saepe
1379 922 1603 968 fecerunt.

414 998 525 1044 Hoc
551 998 655 1043 loco
692 1015 785 1042 non
824 998 1164 1060 supersederim
1193 998 1347 1044 dicere
1373 1016 1472 1043 esse
1503 999 1659 1044 brevia
1685 999 1800 1056 cola,

345 1078 471 1136 tquae
514 1084 620 1138 post
661 1074 888 1137 strophen
933 1084 980 1120 ct
1020 1074 1350 1137 antistrophon
1387 1074 1619 1138 supercilii
1656 1075 1799 1120 moris

345 1161 429 1208 cst,
449 1151 671 1213 quaejam
702 1168 794 1196 non
829 1149 989 1213 ‘'e’7r30302
1026 1150 1104 1196 sed
1139 1150 1312 1210 ἐφύμνια
1336 1150 1567 1205 dicentur,
1593 1160 1645 1197 ut
1667 1160 1737 1196 est
1761 1152 1800 1207 ἰὴ

343 1230 478 1273 παιάν.
530 1227 651 1273 Haec
671 1227 794 1272 enim
818 1226 889 1272 vel
909 1227 1160 1290 wHymnis
1187 1227 1255 1272 vel
1279 1227 1619 1289 Dithyrambis
1641 1245 1802 1290 super-

346 1303 438 1350 cini
464 1303 607 1349 moris
632 1313 715 1359 est,
734 1321 839 1365 quae
865 1302 954 1350 Xde
978 1302 1205 1367 Epodicis
1225 1302 1530 1360 carminibus,
1552 1303 1587 1348 si
1610 1302 1800 1365 quando

348 1390 686 1444 praeponuntur
709 1377 915 1442 προύμυια,
942 1381 975 1425 si
1016 1390 1172 1425 autem
1212 1389 1320 1443 post
1351 1379 1678 1442 antistrophon
1706 1379 1801 1425 col-

347 1457 573 1513 locentur,
597 1457 789 1517 μεθύμνια
814 1458 1231 1520 nuncupabuntur.
1282 1456 1394 1502 Hoc
1419 1473 1567 1518 genus
1590 1456 1634 1500 in
1658 1455 1800 1501 sacris

347 1533 594 1579 cantilenae
631 1532 787 1578 ferunt
812 1532 1005 1594 quidam
1043 1532 1302 1578 instituisse
1327 1532 1585 1586 Theseum,
1611 1532 1691 1593 qui
1722 1549 1801 1577 oc-

345 1609 442 1654 ciso
468 1609 746 1654 Minotauro
771 1625 878 1654 cum
919 1609 1043 1672 apud
1070 1609 1248 1654 Delum
1275 1609 1474 1655 solveret
1497 1618 1620 1663 vota,
1647 1609 1802 1654 imita-

344 1696 419 1731 tus
446 1685 674 1731 intortum
703 1695 749 1731 et
774 1686 1038 1732 flexuosum
1078 1687 1164 1732 iter
1194 1686 1469 1748 labyrinthi,
1495 1703 1603 1731 cum
1645 1685 1800 1747 pueris

344 1762 701 1824 virginibusque
726 1780 833 1808 cum
863 1763 966 1825 quis
993 1772 1200 1809 evaserat
1221 1771 1385 1808 cantus
1409 1761 1621 1818 yedebat,
1646 1761 1801 1824 primo

346 1838 392 1882 in
411 1838 810 1893 circuitu,dehinc
826 1839 872 1884 in
890 1839 1147 1896 recu1·su,id
1167 1844 1472 1904 εεί,στροφῇειῖ
1491 1838 1799 1900 antistropho.

293 1937 328 1966 ¹4
346 1915 440 1960 Alii
477 1915 668 1961 tradunt
703 1915 858 1962 Zhunc
895 1932 1130 1960 sacrorum
1169 1923 1470 1970 concentum,
1502 1912 1665 1959 mundi
1692 1930 1802 1958 can-

290 2242 326 2271 ¹5

346 2001 447 2036 tum
488 2009 774 2054 cursumque
816 1993 873 2037 ab
914 1991 1189 2037 hominibus
1228 1989 1416 2036 imitari.
1486 1989 1712 2051 Namque
1754 1990 1801 2034 in

346 2066 436 2112 hoc
461 2068 672 2129 quinque
709 2068 856 2114 stellae
882 2085 997 2129 quas
1034 2067 1251 2113 erraticas
1277 2076 1460 2122 vocant,
1486 2064 1565 2111 sed
1591 2075 1638 2111 et
1663 2065 1728 2111 sol
1755 2075 1804 2111 et

345 2142 473 2198 luna,
505 2151 557 2188 ut
589 2142 820 2188 doctiores
857 2143 1049 2189 tradunt
1084 2141 1802 2206 philosophorum,jucundissi-

346 2234 448 2262 mos
473 2217 647 2263 aedunt
673 2236 826 2273 sonos,
851 2236 935 2281 per
959 2220 1093 2264 orbes
1119 2236 1226 2264 suos
1253 2218 1472 2263 nitentes.
1511 2218 1664 2281 Igitur
1689 2236 1799 2264 con-

346 2303 535 2340 centum
582 2293 746 2340 mundi
786 2311 1073 2356 cursumque
1121 2294 1311 2340 imitans
1352 2294 1523 2341 chorus
1571 2296 1800 2341 canebat:

401 2464 420 2483 ¹1
441 2465 479 2493 et
497 2458 570 2504 est]
596 2456 632 2492 id
653 2466 709 2493 est
729 2458 771 2493 P.
895 2466 913 2484 0
935 2456 1195 2506 Antistrophe]
1220 2457 1467 2505 Antistropho
1488 2457 1528 2493 P.
1652 2464 1670 2491 P
1692 2457 1799 2493 Anti-

346 2511 543 2559 strophen]
569 2509 839 2559 Antisti-ephon
862 2511 902 2547 P.
1015 2518 1035 2545 q
1056 2511 1222 2558 tertiani]
1246 2510 1357 2546 tertia
1376 2510 1416 2545 P.
1502 2517 1517 2536 Γ
1537 2509 1654 2558 quod]
1679 2510 1740 2559 qui
1760 2511 1801 2546 P.

347 2571 361 2590 ⁵
382 2564 572 2610 authores]
597 2571 764 2599 auctores
784 2564 823 2599 P.
980 2564 994 2589 t
1013 2564 1110 2612 quae]
1135 2562 1197 2612 qui
1218 2564 1257 2599 P.
1410 2570 1428 2587 v
1449 2564 1572 2611 ἐπωδοὶ]
1597 2563 1740 2612 epodoe
1762 2564 1801 2599 P.

347 2624 375 2641 w
396 2616 574 2666 Hyninis]
601 2616 721 2665 ymnis
742 2618 782 2652 P.
912 2623 930 2642 Χ
953 2615 1148 2666 Epodicis]
1172 2616 1217 2652 de
1235 2614 1412 2665 Epodicis
1436 2617 1474 2651 P.
1602 2623 1621 2650 Y
1637 2616 1796 2664 aedebat]

347 2670 480 2706 edebat
500 2671 540 2706 P.
650 2676 668 2695 Ζ
689 2669 806 2715 hunc]
831 2670 900 2705 hoc
921 2670 963 2705 P.
1076 2676 1095 2696 a
1114 2669 1257 2716 aedunt]
1280 2669 1399 2706 edunt
1418 2669 1459 2705 P.

406 2818 464 2842 12.
493 2805 767 2855 Dithyrambis]
803 2804 885 2840 Hos
905 2812 941 2840 et
964 2804 1044 2839 He·
1102 2803 1231 2845 suisse,
1263 2802 1488 2847 nominasse,
1510 2802 1680 2839 docuisse
1703 2803 1801 2852 apud

348 2860 500 2895 rodotus
537 2859 598 2895 lib.
640 2860 668 2894 Ι.
716 2857 843 2893 scribit
886 2856 1045 2906 primum
1103 2856 1332 2893 Corinthios.
1363 2856 1559 2894 CAMER.

347 2912 524 2949 Arionem
559 2912 855 2961 Methymnaeuin
891 2922 1043 2959 compo-
