1962 3355
172 181 280 213 CAP.
305 176 350 212 4.
654 165 737 211 De
765 163 1144 227 Orthographia.
1569 171 1626 219 19

169 288 309 350 longa
328 304 456 334 nunc
475 286 617 333 etiam
637 285 788 331 valet:
814 284 982 331 dativis
1003 292 1160 329 autem
1182 281 1367 328 casibus
1388 280 1513 345 apud
1541 299 1624 326 nos

159 364 300 426 juxta
325 364 666 426 apponebatur,
685 370 738 407 ut
764 369 902 407 antea
922 360 1054 406 vobis
1077 358 1252 405 dixisse
1279 357 1494 414 memini,
1515 374 1623 402 cum

158 439 358 503 populoi
382 439 631 495 Romanoi,
655 447 769 502 ypro
798 436 976 500 populo
1002 437 1232 489 Romano,
1260 434 1420 480 solitos
1451 433 1626 497 priores

168 516 371 562 scribere
407 515 720 561 ostenderem.
791 514 916 559 Cum
962 529 1071 558 vero
1118 510 1282 557 eadem
1332 509 1350 555 i
1396 526 1420 555 e
1462 509 1626 554 litterae
1646 519 1686 551 59

160 592 330 654 juncta
367 601 504 648 esset,
538 608 631 637 non
682 590 835 636 solum
886 606 970 652 pro
1013 588 1155 649 longa
1202 586 1384 650 syllaba
1430 585 1630 648 accipie-

170 669 320 723 batur,
346 668 425 713 sed
464 667 812 714 nominativum
850 664 1081 729 pluralem
1114 665 1180 709 ita
1216 662 1416 726 zscripta
1451 661 1630 725 signifi-

169 745 321 800 cabat,
345 753 398 790 ut
425 744 608 801 amicei,
634 743 781 798 bonci,
807 742 975 798 doctei,
997 740 1247 797 Romanei,
1273 748 1321 786 et
1346 739 1545 785 similia:
1583 747 1630 784 at

170 820 206 867 si
241 838 324 883 per
348 820 500 866 solum
529 821 546 866 i
570 819 744 883 scripta
767 828 904 872 esset,
930 817 1093 863 eadem
1133 816 1397 879 genitivum
1425 814 1629 878 singula-

170 914 267 943 rem
295 896 512 951 faciebat,
539 905 589 942 ut
614 895 756 960 lzrgjus
781 894 935 949 amici,
962 902 1008 940 et
1032 902 1199 939 cetera.

237 973 462 1036 Denique
486 981 679 1018 aomnes
706 971 787 1034 qui
807 971 865 1017 de
888 969 1227 1033 orthographia
1252 969 1552 1031 scripserunt,
1570 966 1628 1012 de
1647 976 1689 1008 60

171 1051 300 1096 nulla
337 1050 566 1113 scriptura
598 1058 695 1096 tam
733 1049 829 1106 diu,
861 1048 1035 1111 bquam
1074 1047 1154 1093 diu
1187 1046 1244 1092 de
1278 1047 1364 1091 hac
1395 1053 1629 1107 quaerunt,

171 1144 277 1188 quae
309 1144 393 1190 per
419 1128 435 1171 ἱ
459 1126 682 1180 litteram,
707 1125 992 1187 singularem
1033 1123 1313 1186 genitivum,
1338 1132 1385 1166 et
1408 1139 1513 1183 quae
1549 1138 1632 1183 per

172 1203 216 1248 ei
240 1202 396 1248 literas
421 1201 771 1247 nominativum
799 1200 1031 1263 pluralem
1064 1198 1262 1252 faciunt,
1287 1196 1432 1242 locuti
1459 1196 1629 1258 partim

173 1286 327 1333 acute,
370 1286 423 1324 ut
463 1277 582 1323 mihi
619 1275 813 1339 quidem
856 1275 1070 1328 videtur3
1107 1275 1266 1337 inepte
1307 1272 1421 1318 illud
1462 1280 1632 1333 catque

171 1355 315 1402 etiam
342 1354 553 1410 ridicule,
579 1371 687 1400 nam
721 1353 839 1399 mihi
868 1351 1087 1415 quaedam
1121 1359 1425 1397 succurrunt:
1467 1348 1630 1394 Pilum
1651 1358 1689 1389 61

172 1430 334 1478 daiunt
378 1431 594 1486 militare,
635 1439 682 1476 et
722 1430 878 1486 vinea,
915 1429 950 1475 si
995 1429 1054 1474 sit
1093 1445 1233 1491 supra
1271 1443 1412 1489 quam
1459 1424 1631 1470 milites

174 1525 394 1571 aggerem
422 1507 694 1564 instituunt,
713 1516 759 1553 et
776 1507 940 1561 sicam,
961 1514 1009 1551 et
1029 1504 1209 1551 silicem
1234 1512 1367 1566 equae
1392 1510 1633 1564 secet,-per

173 1600 200 1630 e
223 1593 270 1630 et
293 1584 311 1629 i
335 1582 608 1629 scribenda:
647 1592 693 1629 at
730 1584 765 1629 si
796 1582 953 1645 pilum
984 1581 1056 1637 sit,
1081 1598 1177 1643 quo
1206 1579 1456 1643 pinsitores
1494 1587 1634 1623 utun-

173 1667 265 1717 tur,
290 1668 337 1705 et
360 1660 499 1706 vinea
523 1677 631 1722 quae
658 1660 748 1706 ruri
775 1659 958 1714 colitur,
985 1667 1031 1704 et
1057 1658 1228 1711 fistula,
1255 1674 1338 1720 per
1362 1656 1392 1702 τ’.
1462 1655 1505 1701 Α
1530 1654 1633 1717 qui-
1652 1670 1691 1701 62

174 1737 262 1782 bus
310 1736 511 1782 libenter
558 1735 852 1799 fquaererem,
891 1753 986 1798 quo
1026 1734 1168 1781 modo
1216 1732 1434 1796 scripturi
1477 1740 1634 1777 essent

173 1812 359 1859 aedificii
394 1812 515 1874 pila,
554 1822 601 1858 et
643 1812 885 1875 quomodo
927 1811 1214 1875 singularem
1258 1809 1515 1864 gdicerent,
1553 1817 1634 1853 aut

173 1890 403 1953 pluralem
431 1890 475 1935 in
505 1890 593 1945 his,
612 1890 734 1946 ἦνθε,
758 1890 871 1944 dies,
890 1888 1083 1950 species,
1102 1896 1147 1932 et
1174 1886 1246 1932 liis
1272 1886 1457 1931 similia.
1496 1885 1634 1931 Sam-

172 1966 321 2012 uitem
346 1966 454 2012 licet
478 1983 561 2028 per
584 1983 749 2012 omnes
775 1982 908 2011 casus
933 1968 949 2010 z·
980 1965 1167 2026 longam
1196 1961 1447 2016 custodiat,
1472 1971 1633 2007 tamen

174 2042 468 2088 nominativo
492 2051 706 2104 correpta
731 2042 748 2087 i
772 2050 824 2087 ut
849 2040 1086 2104 isanguz‘s,
1104 2037 1268 2101 pulvis
1292 2046 1376 2083 est.
1428 2034 1634 2100 Hocfe-
1652 2050 1692 2090 63

173 2136 281 2165 mur
313 2117 451 2165 kcum
487 2118 781 2164 nominativo
811 2134 893 2180 per
924 2117 1128 2162 litteram
1160 2132 1187 2161 r
1215 2113 1447 2170 dicamus,
1472 2122 1634 2159 tamen

173 2195 382 2258 genitivo
399 2193 626 2259 seminis,
652 2194 811 2241 dativo
828 2192 1030 2259 femini,
1056 2192 1261 2238 ablativo
1278 2189 1488 2255 femine,
1525 2192 1634 2237 scri-

174 2271 285 2317 bite.
356 2272 583 2334 Cognatae
606 2269 842 2333 lquaedam
870 2278 1100 2316 vocantur
1136 2268 1257 2314 inter
1286 2285 1333 2313 se
1357 2268 1557 2322 vocales,
1584 2276 1634 2314 ut
1653 2278 1695 2315 64

173 2347 316 2402 scitis,
342 2356 388 2393 et
417 2347 466 2393 in
492 2346 888 2394 declinationibus
926 2345 1127 2408 invicem
1165 2344 1437 2391 succedunt.
1508 2344 1632 2390 Item

227 2549 247 2577 y
266 2555 332 2592 pro
353 2541 509 2592 populo]
534 2541 672 2591 populo
693 2554 847 2577 romano
867 2541 908 2577 P.
985 2547 1001 2566 Ζ
1022 2538 1221 2589 scriptum]
1242 2539 1380 2588 scripta
1400 2537 1440 2574 P.
1512 2544 1530 2564 fl
1549 2550 1632 2573 oin-

174 2595 295 2643 nium]
320 2608 451 2632 omnes
472 2596 511 2632 P.
609 2593 628 2620 b
648 2595 779 2644 quam]
802 2606 912 2643 quam
933 2594 995 2630 diu
1016 2594 1055 2630 P.
1140 2599 1155 2618 ‘⁵
1176 2600 1286 2641 atque
1306 2591 1436 2638 etiam]
1459 2590 1569 2627 etiam
1591 2591 1630 2626 P.

174 2647 194 2675 d
213 2648 333 2696 aiunt]
357 2648 415 2685 Ad
434 2649 471 2685 h.
494 2661 524 2684 v.
546 2647 674 2684 obelus
694 2669 747 2675 —
766 2648 805 2684 in
827 2660 942 2697 marg.
964 2647 1003 2683 P.
1115 2653 1133 2674 e
1152 2658 1234 2694 quae
1253 2645 1370 2693 secet]
1394 2645 1446 2680 Et
1467 2644 1525 2680 hic
1543 2645 1634 2680 obe—

174 2702 231 2738 lus
249 2724 303 2730 —
322 2701 360 2738 in
381 2714 496 2752 marg.
516 2702 556 2738 P.
720 2699 736 2727 f
751 2700 972 2750 quaererem]
989 2711 1180 2749 quererem
1200 2699 1241 2735 P.
1405 2704 1425 2732 g
1445 2696 1626 2744 dicerent]

175 2758 353 2818 diceb‘ssnt
371 2781 412 2817 P.
538 2779 559 2806 h
579 2793 635 2816 res
655 2779 815 2830 species]
840 2792 898 2816 res
917 2777 997 2815 dies
1017 2778 1158 2827 species
1178 2778 1219 2814 P.
1351 2774 1361 2803 i
1380 2774 1529 2824 sanguis
1550 2773 1631 2823 pul-

176 2833 227 2870 vis
246 2835 325 2923 <38¹3
346 2841 386 2870 ut
407 2832 555 2884 sanguis
577 2832 694 2883 pulvis
713 2833 754 2870 P.
883 2830 906 2858 k
926 2831 1109 2882 quamvis]
1132 2844 1218 2869 cum
1240 2830 1284 2866 P.
1408 2827 1419 2855 1
1438 2827 1628 2878 quaedam]

176 2899 249 2936 quo
327 2915 335 2923 .

859 2957 946 2993 D2
