1962 3355
131 242 237 274 CAP.
255 239 300 274 4.
366 228 449 274 De
471 245 665 274 numero
689 227 1078 274 Horatianorum
1102 245 1340 275 versuum.
1491 236 1582 286 237

130 349 373 412 reperitur.
412 350 537 395 Item
562 348 816 395 dimetrum
844 347 1053 411 epodum
1082 348 1271 394 heroico
1295 349 1447 394 versui
1473 350 1585 395 sub-

120 423 245 486 jicit,
272 425 352 483 sic,

261 501 434 548 Mollis
457 500 635 547 inertia
660 516 747 545 eur
770 505 955 545 tantam
981 497 1236 564 dgfficderz‘t
1257 500 1366 546 imis

266 578 562 625 Oblivionem
584 576 812 623 sensibus.

129 653 372 710 Similiter,
1607 665 1644 697 72

260 729 377 775 Nox
400 735 506 774 erat
530 735 575 775 et
600 728 707 774 ecelo
717 725 954 791 fulgebat
980 726 1095 773 luna
1118 743 1283 773 sereno

261 805 401 851 Inter
424 805 612 851 minora
635 805 808 851 sidera.

129 880 238 932 Quo
263 881 485 943 exemplo
510 881 598 937 bis,
622 898 708 927 nec
744 880 964 944 amplius,
997 879 1045 925 in
1079 879 1264 940 epodon
1301 878 1422 925 libro
1445 887 1585 943 poeta

129 972 240 1001 usus
265 964 349 1001 est.
420 956 476 1001 In
502 956 673 1001 ultima
697 956 802 1010 ode,
828 972 933 1017 quae
957 964 1042 1009 est,

257 1032 376 1078 Jam
390 1031 498 1096 jam
524 1030 709 1096 efficaci
733 1033 789 1078 do
814 1049 983 1078 manus
1004 1031 1227 1088 scientiae,

126 1106 351 1153 trimetris
377 1107 599 1153 omnibus
625 1108 726 1153 sine
749 1107 904 1170 epodo
929 1125 1040 1153 usus
1065 1115 1151 1152 est.

191 1183 258 1228 Et
284 1183 511 1228 hactenus
536 1182 691 1244 epodi.
757 1183 804 1228 Si
832 1200 925 1244 qua
949 1199 1057 1227 vero
1082 1190 1194 1227 sunt
1219 1181 1309 1227 alia
1333 1181 1391 1226 de
1413 1182 1584 1244 quibus
1608 1200 1646 1232 73

128 1274 221 1302 non
258 1257 483 1312 diximus,
518 1275 577 1303 ex
615 1257 704 1313 his,
731 1257 854 1303 sicut
889 1275 1028 1320 supra
1065 1257 1449 1313 memoravimus,
1482 1275 1585 1303 nas-

127 1342 313 1389 cuntur,
340 1341 420 1378 aut
449 1332 670 1378 detractis
707 1342 789 1378 aut
823 1332 1016 1393 adjectis
1049 1332 1244 1378 cuilibet
1269 1342 1420 1379 metro
1445 1333 1586 1396 sylla-

126 1408 214 1462 bis,
249 1425 403 1470 neque
440 1408 562 1454 ullus
599 1408 693 1453 fere
730 1416 974 1470 poetarum
1009 1416 1079 1454 est
1109 1409 1189 1471 qui
1227 1409 1299 1454 vel
1336 1409 1482 1472 lyrica
1513 1410 1584 1456 vel

125 1483 392 1530 fabularum
421 1484 589 1530 choros
626 1484 877 1547 scripserit,
904 1485 983 1546 qui
1010 1502 1105 1531 non
1132 1485 1220 1531 sibi
1250 1485 1443 1548 aliquod
1480 1504 1586 1549 pro-

124 1559 280 1622 prium
321 1577 469 1622 genus
506 1561 567 1605 ob
603 1561 1068 1607 commendationem
1107 1580 1160 1608 ac
1192 1562 1470 1608 memoriam
1515 1562 1583 1607 sui

127 1638 332 1683 nominis
374 1639 577 1684 finxerit.
649 1639 845 1684 Asmate
883 1656 939 1684 eo
973 1647 1100 1701 uno
1139 1639 1358 1685 scribitur
1393 1656 1584 1685 carmen
1609 1657 1647 1688 74

127 1714 348 1769 seculare,
373 1714 508 1775 cujus
535 1714 741 1769 initium,

256 1790 449 1846 Plzoebe,
470 1790 798 1854 silvarumque
815 1797 987 1852 potens
1013 1791 1198 1846 Diana,

260 1865 503 1912 Lucidum
530 1867 631 1912 eceli
654 1866 811 1920 decus,
837 1884 862 1911 O
889 1866 1072 1912 colendi

258 1941 459 2004 Semper
484 1948 530 1987 et
555 1942 688 1998 culti,
714 1942 825 1988 date
848 1959 948 2004 quse
966 1958 1228 2003 precamur

395 2018 627 2079 Tempore
650 2034 803 2072 sacro,

128 2092 576 2155 hendecasyllabum
605 2103 675 2140 est
700 2093 1011 2157 Sappliicum,
1036 2093 1186 2139 tribus
1223 2092 1463 2139 continuis
1487 2111 1586 2139 ver-

127 2168 269 2224 sibus,
304 2168 458 2231 epodo
493 2178 661 2230 quarto
701 2170 836 2232 epico
873 2169 1093 2227 dimoero,
1128 2170 1186 2216 de
1226 2170 1398 2232 quibus
1434 2171 1480 2216 in
1518 2189 1587 2217 se-

125 2243 281 2290 cunda
304 2244 392 2289 ode
419 2244 521 2290 libri
545 2245 685 2308 primi
712 2246 996 2303 carminum,
1021 2246 1155 2308 cujus
1180 2246 1388 2304 initium,

255 2319 373 2366 Jam
396 2321 519 2367 Satis
542 2321 687 2367 terris
711 2322 834 2368 nivis
858 2328 1003 2386 atque
1027 2323 1156 2378 dirce,

126 2395 236 2442 satis
261 2396 442 2443 dictum
470 2408 554 2445 est.

139 2559 274 2610 CAP.
300 2560 396 2611 IV.
449 2563 533 2614 De
560 2581 779 2615 nmnero
805 2565 1276 2617 wHoratz'anm-um
1305 2584 1569 2618 versuum.

192 2664 369 2709 Omnia
394 2674 549 2711 autem
579 2666 703 2729 apud
740 2667 998 2714 Horatium
1023 2679 1119 2715 tam
1148 2669 1410 2716 carminum
1440 2688 1581 2732 quam

127 2740 272 2804 ἐπῳδῶν
311 2749 459 2787 metra
499 2751 636 2789 erunt
681 2752 911 2790 Xnumero
953 2744 1264 2808 undeviginti,
1303 2745 1384 2800 sic,
1422 2746 1585 2792 Ascle-

180 2904 199 2939 Ῡ
219 2898 312 2946 qno]
338 2897 436 2946 quod
457 2899 497 2934 P.
607 2906 636 2924 w
657 2900 951 2938 Horatianorum
973 2905 1163 2951 versuum]
1189 2916 1316 2940 eorum
1338 2904 1379 2939 P.
1474 2909 1494 2928 Χ
1515 2915 1584 2938 un·

129 2949 308 3000 deviginti
330 2952 503 2998 numero]
529 2964 684 2988 numero
706 2954 933 3004 undeviginti
955 2956 996 2991 P.
