1962 3355
571 172 627 219 de
653 171 832 218 Metris
859 169 1171 218 Comicorum.
1506 175 1601 225 417

151 293 285 341 Idem
314 294 360 340 in
386 293 614 340 Persidis:
1624 304 1664 333 24

264 371 403 412 Satin'
423 377 470 411 ut
488 384 605 426 quem
625 371 770 426 cuique
791 369 939 410 tribuit
940 370 1132 423 fortuna
1151 368 1368 409 ordinem?

264 440 498 495 Nunquam
518 439 604 479 ulla
623 438 838 478 humilitas
857 438 1076 494 ingenium
1097 438 1287 492 infirmat
1307 435 1471 475 bonum.

155 511 287 558 Idem
314 512 361 558 in
388 511 675 558 Phoenissis:

266 589 342 629 Sol
360 590 431 644 qui
452 589 666 629 micantem
689 587 866 628 candido
884 602 1015 627 curru
1031 593 1151 643 atque
1171 587 1285 642 equis

267 656 503 696 Flammam
524 657 662 696 citatis
665 655 844 711 fervido
864 655 1014 695 ardore
1034 654 1231 710 eoeplstas,

270 723 479 769 Quianam
502 729 586 763 tam
606 723 780 763 adverso
800 723 1000 778 augurio,
1022 728 1060 762 et
1079 722 1248 762 inimico
1267 721 1416 769 omine,

275 790 428 831 Thebis
448 791 662 832 radiatum
683 791 820 831 lumen
842 789 1038 831 lostenclis
1058 796 1188 831 tuum.

155 867 292 914 Idem
319 868 367 914 in
391 870 633 933 Telepho:

272 945 482 991 Quantam
509 946 735 1000 Tyndareo
750 951 906 1001 gnata,
923 951 962 985 et
977 945 1163 986 Menelai
1184 944 1328 986 domus

269 1012 425 1052 stlolem
446 1014 641 1053 excitarit
661 1013 753 1053 belli
767 1019 994 1068 pastorque
1014 1014 1139 1054 Ilius.

219 1095 463 1159 Turpilius
489 1114 678 1159 quoque
702 1096 748 1142 in
785 1096 880 1142 suis
905 1095 1029 1142 idem
1057 1095 1170 1142 facit
1194 1094 1461 1151 comoediis,
1490 1102 1542 1140 ut
1567 1093 1613 1139 in
1636 1114 1673 1146 25

156 1171 329 1217 Lindia
346 1190 356 1217 t

270 1249 464 1302 Profecto
484 1253 530 1286 ut
549 1249 720 1303 quisque
740 1249 913 1288 minimo
933 1254 1146 1289 contentus
1148 1249 1266 1303 ficit,

270 1317 341 1355 Ita
344 1315 621 1368 fortunatam
645 1316 774 1355 vitam
797 1317 906 1355 viavit
926 1317 1119 1364 manime,

276 1383 333 1422 Ut
349 1382 583 1437 philosophi
602 1383 726 1423 aiunt
748 1384 832 1432 isti,
849 1384 999 1438 quibus
1019 1384 1187 1439 quidvis
1206 1390 1272 1423 sat
1292 1390 1364 1424 est.

158 1454 294 1501 Idem
321 1455 366 1500 in
394 1454 645 1518 Epielero:

274 1534 422 1578 Quoeso
444 1532 600 1587 (edepol
618 1547 696 1587 quo
716 1538 812 1572 ante
833 1531 963 1572 lucem
985 1538 1021 1572 te
1041 1532 1176 1573 subito
1198 1534 1331 1588 rapis,

271 1600 403 1650 Here,
417 1614 509 1639 oum
525 1614 608 1640 uno
622 1614 757 1655 puero
769 1602 788 1640 ,9
821 1601 918 1640 ΡΗ.
942 1600 1112 1656 Nequeo
1128 1615 1212 1641 esse
1228 1602 1270 1640 in
1278 1607 1358 1649 tus,
1373 1600 1616 1655 Steplzanio.

276 1667 389 1714 Quid
407 1668 468 1707 ita
480 1669 499 1707 .9
532 1668 630 1707 PH.
659 1670 715 1709 Ut
735 1669 878 1718 solent,
896 1682 958 1708 me
978 1683 1093 1709 curae
1113 1683 1254 1709 somno
1274 1674 1518 1725 segregant,

274 1735 318 1774 F
315 1749 490 1790 orasque
508 1737 639 1775 noctis
660 1736 843 1776 eoecitant
863 1737 1039 1776 silentio.

162 1806 297 1853 Idem
324 1807 370 1853 in
397 1807 563 1854 eodem
591 1808 874 1853 tetrametris
900 1808 1075 1854 utitur:

211 1884 431 1924 Currendo
450 1885 509 1924 sic
529 1898 627 1933 esse,
644 1885 704 1924 sic
723 1885 865 1933 datur,
882 1886 1059 1924 nimium
1080 1885 1151 1924 ubi
1170 1885 1310 1940 sopori
1331 1885 1494 1924 servias

210 1952 359 1991 Potius
373 1966 496 2007 quam
509 1952 687 2002 domino,
701 1958 738 1992 et
754 1953 825 1992 ubi
838 1966 979 1992 Severo
993 1953 1167 2008 imperio
1180 1966 1272 2008 quse
1288 1953 1494 2007 imperata
1509 1957 1618 1991 sunt.

227 2030 476 2076 Terentius
500 2030 742 2077 trochaico
769 2030 920 2076 mixto
945 2031 1017 2076 vel
1044 2031 1242 2077 confuso
1267 2049 1376 2077 cum
1414 2030 1620 2076 iambico
1640 2040 1680 2071 26

161 2108 311 2154 utitur
335 2108 381 2153 in
414 2125 630 2154 sermone
662 2125 986 2171 personarum,
1012 2108 1184 2170 quibus
1224 2108 1432 2154 maxime
1469 2107 1618 2171 impe-

162 2184 292 2231 ritior
317 2185 395 2231 hic
420 2185 657 2239 convenit,
685 2202 846 2247 quem,
870 2193 1002 2248 puto,
1026 2194 1077 2231 ut
1108 2184 1336 2240 imitetur,
1363 2184 1485 2231 hanc
1510 2202 1621 2231 con-

161 2261 395 2307 fusionem
421 2261 757 2324 rhythmorum
784 2261 910 2307 facit.
981 2263 1102 2307 Sunt
1139 2270 1296 2307 autem
1335 2261 1534 2307 trimetri
1567 2279 1620 2307 ac

161 2339 268 2403 plus
293 2338 562 2401 minusque,
586 2347 633 2384 et
658 2339 837 2384 habent
860 2337 1176 2402 penultimam
1203 2355 1362 2384 versus
1388 2338 1617 2401 syllabam

163 2416 211 2461 in
237 2415 519 2478 quibusdam
547 2415 756 2480 longam,
781 2424 827 2462 et
859 2416 905 2462 in
933 2414 1218 2478 quibusdam
1252 2415 1458 2471 brevem,
1484 2424 1535 2461 ut
1572 2415 1617 2459 in

163 2491 342 2537 Andria
361 2510 369 2537 :

277 2567 438 2616 Adhuc,
456 2568 667 2618 Armillis,
689 2585 781 2625 qum
801 2569 1000 2618 adsolent,
1017 2581 1184 2625 quaeque
1204 2574 1361 2623 oportet

278 2637 422 2691 Signa
443 2650 527 2676 esse
547 2637 603 2676 ad
620 2637 810 2686 salutem,
827 2638 967 2677 omnia
987 2637 1084 2677 huic
1103 2650 1188 2676 esse
1210 2636 1341 2676 video.

278 2704 330 2743 N
328 2718 407 2744 unc
421 2705 610 2758 primum
612 2704 699 2756 jac
718 2705 802 2745 ista
821 2711 869 2745 ut
886 2705 1009 2754 lavet,
1024 2711 1120 2760 post
1141 2704 1287 2744 deinde

279 2771 526 2826 Quodjussi
550 2770 644 2811 date
664 2771 810 2821 bibere,
833 2778 871 2812 et
891 2779 1091 2828 quantum
1113 2772 1334 2827 imperavi.

489 2892 499 2919 l
519 2893 693 2942 ostentis]
719 2900 894 2931 ostentum
915 2895 965 2932 D.
988 2901 1142 2932 ostentas
1165 2894 1295 2931 Krehl.

840 2966 931 3003 3Η
