<?xml version="1.0" encoding="UTF-8"?>
<!DOCTYPE html PUBLIC "-//W3C//DTD XHTML 1.0 Transitional//EN"
    "http://www.w3.org/TR/xhtml1/DTD/xhtml1-transitional.dtd">
<html xmlns="http://www.w3.org/1999/xhtml" xml:lang="en" lang="en">
 <head>
  <title>
</title>
<meta http-equiv="Content-Type" content="text/html;charset=utf-8" />
  <meta name='ocr-system' content='tesseract 3.04.00' />
  <meta name='ocr-capabilities' content='ocr_page ocr_carea ocr_par ocr_line ocrx_word'/>
</head>
<body>
  <div class='ocr_page' id='page_1' title='image "./scriptoreslatini00gaisuoft_0424.png"; bbox 0 0 1962 3355; ppageno 0'>
   <div class='ocr_carea' id='block_1_1' title="bbox 326 172 1510 237">
    <p class='ocr_par' dir='ltr' id='par_1_1' title="bbox 326 172 1510 237">
     <span class='ocr_line' id='line_1_1' title="bbox 326 172 1510 237; baseline 0.003 -18"><span class='ocrx_word' id='word_1_1' title='bbox 326 172 422 219; x_wconf 85' lang='grc'><strong>406</strong></span> <span class='ocrx_word' id='word_1_2' title='bbox 583 172 835 220; x_wconf 72' lang='lat' dir='ltr'><strong>Censorini</strong></span> <span class='ocrx_word' id='word_1_3' title='bbox 858 173 1206 237; x_wconf 78' lang='lat' dir='ltr'><em>Fragmentum</em></span> <span class='ocrx_word' id='word_1_4' title='bbox 1231 176 1287 223; x_wconf 83' lang='lat' dir='ltr'><strong>de</strong></span> <span class='ocrx_word' id='word_1_5' title='bbox 1310 175 1510 223; x_wconf 78' lang='lat' dir='ltr'><strong>Metris.</strong></span> 
     </span>
    </p>
   </div>
   <div class='ocr_carea' id='block_1_2' title="bbox 325 295 1432 472">
    <p class='ocr_par' dir='ltr' id='par_1_2' title="bbox 325 295 1432 472">
     <span class='ocr_line' id='line_1_2' title="bbox 495 295 1432 351; baseline 0.001 -17"><span class='ocrx_word' id='word_1_6' title='bbox 495 295 583 335; x_wconf 87' lang='lat' dir='ltr'><strong>Pro</strong></span> <span class='ocrx_word' id='word_1_7' title='bbox 604 300 713 335; x_wconf 72' lang='lat' dir='ltr'><strong>veste</strong></span> <span class='ocrx_word' id='word_1_8' title='bbox 724 295 875 350; x_wconf 72' lang='lat' dir='ltr'><strong>pinnis</strong></span> <span class='ocrx_word' id='word_1_9' title='bbox 896 296 1076 336; x_wconf 78' lang='lat' dir='ltr'><strong>membra</strong></span> <span class='ocrx_word' id='word_1_10' title='bbox 1097 297 1220 337; x_wconf 69' lang='lat' dir='ltr'><strong>textis</strong></span> <span class='ocrx_word' id='word_1_11' title='bbox 1239 297 1432 351; x_wconf 74' lang='lat' dir='ltr'><strong>contigit,</strong></span> 
     </span>
     <span class='ocr_line' id='line_1_3' title="bbox 325 358 387 406; baseline 0 -10"><span class='ocrx_word' id='word_1_12' title='bbox 325 358 387 406; x_wconf 70' lang='lat' dir='ltr'><strong>et,</strong></span> 
     </span>
     <span class='ocr_line' id='line_1_4' title="bbox 495 416 1414 472; baseline -0.001 -17"><span class='ocrx_word' id='word_1_13' title='bbox 495 416 714 471; x_wconf 70' lang='lat' dir='ltr'><strong>Aquilonis</strong></span> <span class='ocrx_word' id='word_1_14' title='bbox 734 416 891 457; x_wconf 68' lang='lat' dir='ltr'><strong>stridor</strong></span> <span class='ocrx_word' id='word_1_15' title='bbox 905 416 1072 472; x_wconf 76' lang='lat' dir='ltr'><strong>gelidas</strong></span> <span class='ocrx_word' id='word_1_16' title='bbox 1093 416 1264 455; x_wconf 75' lang='lat' dir='ltr'><strong>molitur</strong></span> <span class='ocrx_word' id='word_1_17' title='bbox 1283 416 1414 455; x_wconf 68' lang='lat' dir='ltr'><strong>nives.</strong></span> 
     </span>
    </p>
   </div>
   <div class='ocr_carea' id='block_1_3' title="bbox 285 520 1781 1491">
    <p class='ocr_par' dir='ltr' id='par_1_3' title="bbox 285 520 1781 1491">
     <span class='ocr_line' id='line_1_5' title="bbox 325 520 1779 585; baseline 0 -18"><span class='ocrx_word' id='word_1_18' title='bbox 325 521 518 584; x_wconf 82' lang='lat' dir='ltr'>Recipit</span> <span class='ocrx_word' id='word_1_19' title='bbox 554 522 601 567; x_wconf 90' lang='lat' dir='ltr'><strong>in</strong></span> <span class='ocrx_word' id='word_1_20' title='bbox 640 531 771 585; x_wconf 85' lang='lat' dir='ltr'><strong>parte</strong></span> <span class='ocrx_word' id='word_1_21' title='bbox 812 521 966 584; x_wconf 88' lang='lat' dir='ltr'><strong>prima</strong></span> <span class='ocrx_word' id='word_1_22' title='bbox 1009 520 1258 583; x_wconf 84' lang='lat' dir='ltr'><strong>gressionis</strong></span> <span class='ocrx_word' id='word_1_23' title='bbox 1300 520 1580 584; x_wconf 78' lang='lat' dir='ltr'><strong>spondeum,</strong></span> <span class='ocrx_word' id='word_1_24' title='bbox 1605 529 1653 566; x_wconf 89' lang='lat' dir='ltr'><strong>et</strong></span> <span class='ocrx_word' id='word_1_25' title='bbox 1687 521 1779 567; x_wconf 88' lang='lat' dir='ltr'><strong>alio</strong></span> 
     </span>
     <span class='ocr_line' id='line_1_6' title="bbox 324 596 1779 660; baseline -0.001 -18"><span class='ocrx_word' id='word_1_26' title='bbox 324 598 429 644; x_wconf 93' lang='lat' dir='ltr'><strong>loco</strong></span> <span class='ocrx_word' id='word_1_27' title='bbox 454 598 680 660; x_wconf 83' lang='lat' dir='ltr'><strong>dactylon</strong></span> <span class='ocrx_word' id='word_1_28' title='bbox 706 606 753 643; x_wconf 87' lang='lat' dir='ltr'><strong>et</strong></span> <span class='ocrx_word' id='word_1_29' title='bbox 785 605 1070 659; x_wconf 85' lang='lat' dir='ltr'><strong>anapaeston,</strong></span> <span class='ocrx_word' id='word_1_30' title='bbox 1092 604 1139 642; x_wconf 91' lang='lat' dir='ltr'><strong>et</strong></span> <span class='ocrx_word' id='word_1_31' title='bbox 1175 613 1258 658; x_wconf 87' lang='lat' dir='ltr'><strong>pro</strong></span> <span class='ocrx_word' id='word_1_32' title='bbox 1291 596 1451 641; x_wconf 80' lang='lat' dir='ltr'><strong>iambo</strong></span> <span class='ocrx_word' id='word_1_33' title='bbox 1485 596 1698 642; x_wconf 89' lang='lat' dir='ltr'><strong>chorium</strong></span> <span class='ocrx_word' id='word_1_34' title='bbox 1733 605 1779 642; x_wconf 88' lang='lat' dir='ltr'><strong>et</strong></span> 
     </span>
     <span class='ocr_line' id='line_1_7' title="bbox 286 671 1779 735; baseline 0.001 -18"><span class='ocrx_word' id='word_1_35' title='bbox 286 684 303 716; x_wconf 87' lang='lat'>5</span> <span class='ocrx_word' id='word_1_36' title='bbox 326 673 614 735; x_wconf 85' lang='lat' dir='ltr'><strong>tribrachyn.</strong></span> <span class='ocrx_word' id='word_1_37' title='bbox 674 672 752 717; x_wconf 90' lang='lat' dir='ltr'><strong>Fit</strong></span> <span class='ocrx_word' id='word_1_38' title='bbox 777 672 1063 734; x_wconf 85' lang='lat' dir='ltr'><strong>syllabarum</strong></span> <span class='ocrx_word' id='word_1_39' title='bbox 1093 671 1486 734; x_wconf 87' lang='lat' dir='ltr'><strong>paucissimarum</strong></span> <span class='ocrx_word' id='word_1_40' title='bbox 1512 671 1779 728; x_wconf 80' lang='lat' dir='ltr'><strong>duodecim,</strong></span> 
     </span>
     <span class='ocr_line' id='line_1_8' title="bbox 323 747 1780 811; baseline 0.001 -18"><span class='ocrx_word' id='word_1_41' title='bbox 323 748 635 811; x_wconf 78' lang='lat' dir='ltr'><strong>plurimarum</strong></span> <span class='ocrx_word' id='word_1_42' title='bbox 676 747 1014 810; x_wconf 76' lang='lat' dir='ltr'><strong>septendecim.</strong></span> <span class='ocrx_word' id='word_1_43' title='bbox 1097 747 1288 809; x_wconf 80' lang='lat' dir='ltr'><strong>Recipit</strong></span> <span class='ocrx_word' id='word_1_44' title='bbox 1326 756 1539 810; x_wconf 82' lang='lat' dir='ltr'><strong>tempora</strong></span> <span class='ocrx_word' id='word_1_45' title='bbox 1576 748 1780 811; x_wconf 84' lang='lat' dir='ltr'><strong>plurima</strong></span> 
     </span>
     <span class='ocr_line' id='line_1_9' title="bbox 322 822 1779 886; baseline 0 -16"><span class='ocrx_word' id='word_1_46' title='bbox 322 823 633 885; x_wconf 81' lang='lat' dir='ltr'><strong>undeviginti,</strong></span> <span class='ocrx_word' id='word_1_47' title='bbox 659 822 944 886; x_wconf 86' lang='lat' dir='ltr'><strong>paucissima</strong></span> <span class='ocrx_word' id='word_1_48' title='bbox 980 822 1222 869; x_wconf 81' lang='lat' dir='ltr'><strong>tredecim.</strong></span> <span class='ocrx_word' id='word_1_49' title='bbox 1292 823 1517 869; x_wconf 84' lang='lat' dir='ltr'><strong>Comicus</strong></span> <span class='ocrx_word' id='word_1_50' title='bbox 1543 823 1779 870; x_wconf 83' lang='lat' dir='ltr'><strong>trimetros</strong></span> 
     </span>
     <span class='ocr_line' id='line_1_10' title="bbox 324 898 1780 961; baseline 0 -16"><span class='ocrx_word' id='word_1_51' title='bbox 324 900 442 945; x_wconf 86' lang='lat' dir='ltr'><strong>solet</strong></span> <span class='ocrx_word' id='word_1_52' title='bbox 470 899 620 961; x_wconf 82' lang='lat' dir='ltr'><strong>magis</strong></span> <span class='ocrx_word' id='word_1_53' title='bbox 647 899 691 943; x_wconf 86' lang='lat' dir='ltr'><strong>in</strong></span> <span class='ocrx_word' id='word_1_54' title='bbox 719 899 881 943; x_wconf 91' lang='lat' dir='ltr'><strong>breves</strong></span> <span class='ocrx_word' id='word_1_55' title='bbox 910 898 1074 945; x_wconf 89' lang='lat' dir='ltr'><strong>minui.</strong></span> <span class='ocrx_word' id='word_1_56' title='bbox 1144 899 1403 944; x_wconf 89' lang='lat' dir='ltr'><strong>Trimetros</strong></span> <span class='ocrx_word' id='word_1_57' title='bbox 1424 898 1780 961; x_wconf 86' lang='lat' dir='ltr'><strong>Hipponactius</strong></span> 
     </span>
     <span class='ocr_line' id='line_1_11' title="bbox 322 974 1778 1039; baseline 0.001 -18"><span class='ocrx_word' id='word_1_58' title='bbox 322 976 494 1039; x_wconf 87' lang='lat' dir='ltr'><strong>pedem</strong></span> <span class='ocrx_word' id='word_1_59' title='bbox 521 975 835 1021; x_wconf 86' lang='lat' dir='ltr'><strong>novissimum</strong></span> <span class='ocrx_word' id='word_1_60' title='bbox 870 991 1115 1020; x_wconf 85' lang='lat' dir='ltr'><strong>assumens</strong></span> <span class='ocrx_word' id='word_1_61' title='bbox 1150 974 1416 1037; x_wconf 88' lang='lat' dir='ltr'><strong>spondeum</strong></span> <span class='ocrx_word' id='word_1_62' title='bbox 1450 976 1523 1020; x_wconf 89' lang='lat' dir='ltr'><strong>vel</strong></span> <span class='ocrx_word' id='word_1_63' title='bbox 1563 975 1778 1022; x_wconf 87' lang='lat' dir='ltr'><strong>chorium</strong></span> 
     </span>
     <span class='ocr_line' id='line_1_12' title="bbox 322 1052 537 1107; baseline 0.005 -11"><span class='ocrx_word' id='word_1_64' title='bbox 322 1052 427 1098; x_wconf 89' lang='lat' dir='ltr'><strong>talis</strong></span> <span class='ocrx_word' id='word_1_65' title='bbox 453 1060 537 1107; x_wconf 84' lang='lat' dir='ltr'><strong>est,</strong></span> 
     </span>
     <span class='ocr_line' id='line_1_13' title="bbox 496 1126 1407 1182; baseline -0.003 -14"><span class='ocrx_word' id='word_1_66' title='bbox 496 1128 815 1182; x_wconf 69' lang='lat' dir='ltr'><strong>Calentibnsque</strong></span> <span class='ocrx_word' id='word_1_67' title='bbox 836 1126 1213 1181; x_wconf 58' lang='lat' dir='ltr'><strong>{ymplcafimtibus</strong></span> <span class='ocrx_word' id='word_1_68' title='bbox 1236 1139 1407 1181; x_wconf 74' lang='lat' dir='ltr'><strong>semper.</strong></span> 
     </span>
     <span class='ocr_line' id='line_1_14' title="bbox 325 1203 1781 1268; baseline -0.001 -17"><span class='ocrx_word' id='word_1_69' title='bbox 325 1205 534 1252; x_wconf 89' lang='lat' dir='ltr'><strong>Eosdem</strong></span> <span class='ocrx_word' id='word_1_70' title='bbox 575 1204 733 1268; x_wconf 78' lang='lat' dir='ltr'><strong>pedes,</strong></span> <span class='ocrx_word' id='word_1_71' title='bbox 758 1222 876 1267; x_wconf 90' lang='lat' dir='ltr'><strong>quos</strong></span> <span class='ocrx_word' id='word_1_72' title='bbox 914 1204 1083 1266; x_wconf 87' lang='lat' dir='ltr'><strong>reliqui</strong></span> <span class='ocrx_word' id='word_1_73' title='bbox 1124 1204 1341 1260; x_wconf 88' lang='lat' dir='ltr'><strong>trimetri,</strong></span> <span class='ocrx_word' id='word_1_74' title='bbox 1378 1213 1545 1267; x_wconf 85' lang='lat' dir='ltr'><strong>praeter</strong></span> <span class='ocrx_word' id='word_1_75' title='bbox 1585 1203 1781 1250; x_wconf 88' lang='lat' dir='ltr'><strong>novissi-</strong></span> 
     </span>
     <span class='ocr_line' id='line_1_15' title="bbox 324 1279 1781 1344; baseline -0.002 -17"><span class='ocrx_word' id='word_1_76' title='bbox 324 1299 474 1338; x_wconf 80' lang='lat' dir='ltr'><strong>mum,</strong></span> <span class='ocrx_word' id='word_1_77' title='bbox 499 1280 680 1344; x_wconf 85' lang='lat' dir='ltr'><strong>recipit,</strong></span> <span class='ocrx_word' id='word_1_78' title='bbox 704 1293 751 1326; x_wconf 88' lang='lat' dir='ltr'><strong>et</strong></span> <span class='ocrx_word' id='word_1_79' title='bbox 782 1288 1094 1336; x_wconf 79' lang='lat' dir='ltr'><strong>tetrametros‚</strong></span> <span class='ocrx_word' id='word_1_80' title='bbox 1117 1280 1195 1342; x_wconf 89' lang='lat' dir='ltr'><strong>qui</strong></span> <span class='ocrx_word' id='word_1_81' title='bbox 1223 1279 1395 1325; x_wconf 87' lang='lat' dir='ltr'><strong>Latine</strong></span> <span class='ocrx_word' id='word_1_82' title='bbox 1421 1279 1677 1341; x_wconf 81' lang='lat' dir='ltr'><strong>quadratus</strong></span> <span class='ocrx_word' id='word_1_83' title='bbox 1701 1297 1781 1326; x_wconf 92' lang='lat' dir='ltr'><strong>vo-</strong></span> 
     </span>
     <span class='ocr_line' id='line_1_16' title="bbox 285 1356 1041 1410; baseline -0.003 -7"><span class='ocrx_word' id='word_1_84' title='bbox 285 1367 305 1398; x_wconf 90' lang='lat'>6</span> <span class='ocrx_word' id='word_1_85' title='bbox 324 1366 468 1403; x_wconf 83' lang='lat' dir='ltr'><strong>catur.</strong></span> <span class='ocrx_word' id='word_1_86' title='bbox 539 1356 799 1402; x_wconf 76' lang='lat' dir='ltr'><strong>Clioriacus</strong></span> <span class='ocrx_word' id='word_1_87' title='bbox 825 1356 930 1402; x_wconf 88' lang='lat' dir='ltr'><strong>talis</strong></span> <span class='ocrx_word' id='word_1_88' title='bbox 956 1364 1041 1410; x_wconf 88' lang='lat' dir='ltr'><strong>est,</strong></span> 
     </span>
     <span class='ocr_line' id='line_1_17' title="bbox 498 1436 1540 1491; baseline -0.002 -14"><span class='ocrx_word' id='word_1_89' title='bbox 498 1438 603 1477; x_wconf 83' lang='lat' dir='ltr'><strong>Tela</strong></span> <span class='ocrx_word' id='word_1_90' title='bbox 604 1437 774 1491; x_wconf 65' lang='lat' dir='ltr'><strong>ficmuli</strong></span> <span class='ocrx_word' id='word_1_91' title='bbox 797 1437 875 1477; x_wconf 81' lang='lat' dir='ltr'><strong>tela</strong></span> <span class='ocrx_word' id='word_1_92' title='bbox 893 1450 1069 1491; x_wconf 77' lang='lat' dir='ltr'><strong>propere</strong></span> <span class='ocrx_word' id='word_1_93' title='bbox 1088 1437 1277 1491; x_wconf 69' lang='lat' dir='ltr'><strong>sequitur</strong></span> <span class='ocrx_word' id='word_1_94' title='bbox 1297 1449 1359 1475; x_wconf 79' lang='lat' dir='ltr'><strong>me</strong></span> <span class='ocrx_word' id='word_1_95' title='bbox 1386 1436 1540 1476; x_wconf 70' lang='lat' dir='ltr'><strong>Thoas.</strong></span> 
     </span>
    </p>
   </div>
   <div class='ocr_carea' id='block_1_4' title="bbox 321 1514 1781 1732">
    <p class='ocr_par' dir='ltr' id='par_1_4' title="bbox 321 1514 1781 1732">
     <span class='ocr_line' id='line_1_18' title="bbox 325 1514 1780 1580; baseline -0.002 -17"><span class='ocrx_word' id='word_1_96' title='bbox 325 1517 516 1580; x_wconf 87' lang='lat' dir='ltr'><strong>Recipit</strong></span> <span class='ocrx_word' id='word_1_97' title='bbox 552 1516 743 1562; x_wconf 89' lang='lat' dir='ltr'><strong>cosdem</strong></span> <span class='ocrx_word' id='word_1_98' title='bbox 780 1515 941 1579; x_wconf 83' lang='lat' dir='ltr'><strong>pedes,</strong></span> <span class='ocrx_word' id='word_1_99' title='bbox 983 1515 1198 1579; x_wconf 84' lang='lat' dir='ltr'><strong>pervenit</strong></span> <span class='ocrx_word' id='word_1_100' title='bbox 1235 1515 1292 1560; x_wconf 88' lang='lat' dir='ltr'><strong>ad</strong></span> <span class='ocrx_word' id='word_1_101' title='bbox 1329 1524 1507 1578; x_wconf 84' lang='lat' dir='ltr'><strong>septem</strong></span> <span class='ocrx_word' id='word_1_102' title='bbox 1553 1523 1600 1560; x_wconf 90' lang='lat' dir='ltr'><strong>et</strong></span> <span class='ocrx_word' id='word_1_103' title='bbox 1642 1514 1780 1560; x_wconf 86' lang='lat' dir='ltr'><strong>semi-</strong></span> 
     </span>
     <span class='ocr_line' id='line_1_19' title="bbox 321 1590 1781 1656; baseline -0.002 -17"><span class='ocrx_word' id='word_1_104' title='bbox 321 1593 510 1656; x_wconf 86' lang='lat' dir='ltr'><strong>pedem,</strong></span> <span class='ocrx_word' id='word_1_105' title='bbox 537 1609 779 1638; x_wconf 88' lang='lat' dir='ltr'><strong>summum</strong></span> <span class='ocrx_word' id='word_1_106' title='bbox 817 1591 986 1654; x_wconf 89' lang='lat' dir='ltr'><strong>pedem</strong></span> <span class='ocrx_word' id='word_1_107' title='bbox 1025 1593 1202 1654; x_wconf 84' lang='lat' dir='ltr'><strong>patitur</strong></span> <span class='ocrx_word' id='word_1_108' title='bbox 1225 1599 1307 1637; x_wconf 89' lang='lat' dir='ltr'><strong>aut</strong></span> <span class='ocrx_word' id='word_1_109' title='bbox 1331 1591 1556 1637; x_wconf 86' lang='lat' dir='ltr'><strong>creticum</strong></span> <span class='ocrx_word' id='word_1_110' title='bbox 1595 1600 1676 1636; x_wconf 92' lang='lat' dir='ltr'><strong>aut</strong></span> <span class='ocrx_word' id='word_1_111' title='bbox 1701 1590 1781 1636; x_wconf 87' lang='lat' dir='ltr'><strong>da-</strong></span> 
     </span>
     <span class='ocr_line' id='line_1_20' title="bbox 324 1667 1108 1732; baseline -0.003 -18"><span class='ocrx_word' id='word_1_112' title='bbox 324 1669 526 1732; x_wconf 86' lang='lat' dir='ltr'><strong>ctylum.</strong></span> <span class='ocrx_word' id='word_1_113' title='bbox 596 1667 880 1712; x_wconf 88' lang='lat' dir='ltr'><strong>Octonarius</strong></span> <span class='ocrx_word' id='word_1_114' title='bbox 907 1667 1108 1724; x_wconf 78' lang='lat' dir='ltr'><strong>iambus,</strong></span> 
     </span>
    </p>
   </div>
   <div class='ocr_carea' id='block_1_5' title="bbox 325 1753 1780 1968">
    <p class='ocr_par' dir='ltr' id='par_1_5' title="bbox 325 1753 1780 1968">
     <span class='ocr_line' id='line_1_21' title="bbox 380 1753 1780 1809; baseline -0.001 -14"><span class='ocrx_word' id='word_1_115' title='bbox 380 1754 565 1795; x_wconf 79' lang='lat' dir='ltr'><strong>Proinde</strong></span> <span class='ocrx_word' id='word_1_116' title='bbox 580 1760 618 1794; x_wconf 74' lang='lat' dir='ltr'><strong>et</strong></span> <span class='ocrx_word' id='word_1_117' title='bbox 633 1754 705 1794; x_wconf 72' lang='lat' dir='ltr'><strong>abs</strong></span> <span class='ocrx_word' id='word_1_118' title='bbox 726 1759 763 1794; x_wconf 81' lang='lat' dir='ltr'><strong>te</strong></span> <span class='ocrx_word' id='word_1_119' title='bbox 780 1755 970 1809; x_wconf 78' lang='lat' dir='ltr'><strong>regimen</strong></span> <span class='ocrx_word' id='word_1_120' title='bbox 987 1753 1128 1809; x_wconf 69' lang='lat' dir='ltr'><strong>Argos</strong></span> <span class='ocrx_word' id='word_1_121' title='bbox 1144 1753 1242 1793; x_wconf 80' lang='lat' dir='ltr'><strong>dum</strong></span> <span class='ocrx_word' id='word_1_122' title='bbox 1259 1758 1318 1794; x_wconf 73' lang='lat' dir='ltr'><strong>est</strong></span> <span class='ocrx_word' id='word_1_123' title='bbox 1328 1759 1514 1809; x_wconf 72' lang='lat' dir='ltr'><strong>potestas</strong></span> <span class='ocrx_word' id='word_1_124' title='bbox 1529 1753 1780 1794; x_wconf 74' lang='lat' dir='ltr'><strong>consulendi.</strong></span> 
     </span>
     <span class='ocr_line' id='line_1_22' title="bbox 325 1838 1207 1902; baseline -0.003 -17"><span class='ocrx_word' id='word_1_125' title='bbox 325 1838 643 1902; x_wconf 72' lang='lat' dir='ltr'><strong>Scptenmius,</strong></span> <span class='ocrx_word' id='word_1_126' title='bbox 1200 1890 1207 1893; x_wconf 54' lang='lat'><strong><em>„</em></strong></span> 
     </span>
     <span class='ocr_line' id='line_1_23' title="bbox 453 1912 1537 1968; baseline -0.001 -14"><span class='ocrx_word' id='word_1_127' title='bbox 453 1915 506 1954; x_wconf 91' lang='lat' dir='ltr'><em>H</em></span> <span class='ocrx_word' id='word_1_128' title='bbox 507 1928 561 1954; x_wconf 72' lang='lat' dir='ltr'><strong>&lt;ec</strong></span> <span class='ocrx_word' id='word_1_129' title='bbox 580 1913 791 1954; x_wconf 70' lang='lat' dir='ltr'><strong>bellicosus</strong></span> <span class='ocrx_word' id='word_1_130' title='bbox 807 1914 875 1953; x_wconf 73' lang='lat' dir='ltr'><strong>cui</strong></span> <span class='ocrx_word' id='word_1_131' title='bbox 894 1919 1030 1968; x_wconf 78' lang='lat' dir='ltr'><strong>pater,</strong></span> <span class='ocrx_word' id='word_1_132' title='bbox 1049 1918 1181 1952; x_wconf 75' lang='lat' dir='ltr'><strong>mater</strong></span> <span class='ocrx_word' id='word_1_133' title='bbox 1201 1912 1305 1952; x_wconf 76' lang='lat' dir='ltr'><strong>eluet</strong></span> <span class='ocrx_word' id='word_1_134' title='bbox 1321 1913 1537 1953; x_wconf 64' lang='lat' dir='ltr'><strong>Alinerva.</strong></span> 
     </span>
    </p>
   </div>
   <div class='ocr_carea' id='block_1_6' title="bbox 325 1996 1565 2112">
    <p class='ocr_par' dir='ltr' id='par_1_6' title="bbox 325 1996 1565 2112">
     <span class='ocr_line' id='line_1_24' title="bbox 325 1996 1565 2060; baseline -0.001 -16"><span class='ocrx_word' id='word_1_135' title='bbox 325 1998 523 2044; x_wconf 80' lang='lat' dir='ltr'><strong>Constat</strong></span> <span class='ocrx_word' id='word_1_136' title='bbox 547 2015 604 2043; x_wconf 86' lang='lat' dir='ltr'><strong>ex</strong></span> <span class='ocrx_word' id='word_1_137' title='bbox 631 1997 831 2060; x_wconf 88' lang='lat' dir='ltr'><strong>pedibus</strong></span> <span class='ocrx_word' id='word_1_138' title='bbox 856 1996 1022 2042; x_wconf 88' lang='lat' dir='ltr'><strong>iisdem</strong></span> <span class='ocrx_word' id='word_1_139' title='bbox 1050 1996 1231 2042; x_wconf 88' lang='lat' dir='ltr'><strong>ionicus</strong></span> <span class='ocrx_word' id='word_1_140' title='bbox 1258 1996 1565 2059; x_wconf 82' lang='lat' dir='ltr'><strong>septenarius,</strong></span> 
     </span>
     <span class='ocr_line' id='line_1_25' title="bbox 496 2072 1351 2112; baseline 0 0"><span class='ocrx_word' id='word_1_141' title='bbox 496 2073 622 2112; x_wconf 77' lang='lat' dir='ltr'><strong>Ibant</strong></span> <span class='ocrx_word' id='word_1_142' title='bbox 642 2073 752 2112; x_wconf 79' lang='lat' dir='ltr'><strong>mala</strong></span> <span class='ocrx_word' id='word_1_143' title='bbox 774 2072 884 2112; x_wconf 74' lang='lat' dir='ltr'><strong>viere</strong></span> <span class='ocrx_word' id='word_1_144' title='bbox 907 2073 1125 2111; x_wconf 74' lang='lat' dir='ltr'><strong>Vener-eam</strong></span> <span class='ocrx_word' id='word_1_145' title='bbox 1145 2086 1351 2112; x_wconf 81' lang='lat' dir='ltr'><strong>coronam.</strong></span> 
     </span>
    </p>
   </div>
   <div class='ocr_carea' id='block_1_7' title="bbox 292 2156 1436 2286">
    <p class='ocr_par' dir='ltr' id='par_1_7' title="bbox 292 2156 1436 2286">
     <span class='ocr_line' id='line_1_26' title="bbox 292 2156 803 2217; baseline -0.01 -11"><span class='ocrx_word' id='word_1_146' title='bbox 292 2175 308 2207; x_wconf 87' lang='lat'><strong>7</strong></span> <span class='ocrx_word' id='word_1_147' title='bbox 326 2157 517 2204; x_wconf 89' lang='lat' dir='ltr'><strong>Ionicus</strong></span> <span class='ocrx_word' id='word_1_148' title='bbox 543 2156 693 2217; x_wconf 89' lang='lat' dir='ltr'><strong>major</strong></span> <span class='ocrx_word' id='word_1_149' title='bbox 718 2165 803 2211; x_wconf 85' lang='lat' dir='ltr'><strong>est,</strong></span> 
     </span>
     <span class='ocr_line' id='line_1_27' title="bbox 497 2232 1436 2286; baseline 0.001 -15"><span class='ocrx_word' id='word_1_150' title='bbox 497 2232 575 2271; x_wconf 87' lang='lat' dir='ltr'><strong>Ille</strong></span> <span class='ocrx_word' id='word_1_151' title='bbox 596 2233 701 2272; x_wconf 51' lang='lat' dir='ltr'><strong>¹ictus</strong></span> <span class='ocrx_word' id='word_1_152' title='bbox 721 2238 833 2272; x_wconf 80' lang='lat' dir='ltr'><strong>retro</strong></span> <span class='ocrx_word' id='word_1_153' title='bbox 855 2232 1000 2272; x_wconf 75' lang='lat' dir='ltr'><strong>cecidit</strong></span> <span class='ocrx_word' id='word_1_154' title='bbox 1019 2233 1065 2271; x_wconf 80' lang='lat' dir='ltr'><strong>z&#39;n</strong></span> <span class='ocrx_word' id='word_1_155' title='bbox 1086 2237 1223 2271; x_wconf 72' lang='lat' dir='ltr'><strong>nalem</strong></span> <span class='ocrx_word' id='word_1_156' title='bbox 1243 2232 1436 2286; x_wconf 70' lang='lat' dir='ltr'><strong>supinus.</strong></span> 
     </span>
    </p>
   </div>
   <div class='ocr_carea' id='block_1_8' title="bbox 330 2315 1364 2446">
    <p class='ocr_par' dir='ltr' id='par_1_8' title="bbox 330 2315 1364 2446">
     <span class='ocr_line' id='line_1_28' title="bbox 330 2315 1364 2378; baseline -0.001 -17"><span class='ocrx_word' id='word_1_157' title='bbox 330 2315 494 2362; x_wconf 87' lang='lat' dir='ltr'><strong>Habet</strong></span> <span class='ocrx_word' id='word_1_158' title='bbox 516 2315 683 2361; x_wconf 88' lang='lat' dir='ltr'><strong>vitium</strong></span> <span class='ocrx_word' id='word_1_159' title='bbox 710 2315 759 2361; x_wconf 87' lang='lat' dir='ltr'><strong>in</strong></span> <span class='ocrx_word' id='word_1_160' title='bbox 787 2316 922 2362; x_wconf 87' lang='lat' dir='ltr'><strong>tertia</strong></span> <span class='ocrx_word' id='word_1_161' title='bbox 948 2316 1157 2378; x_wconf 85' lang='lat' dir='ltr'><strong>syllaba3</strong></span> <span class='ocrx_word' id='word_1_162' title='bbox 1196 2315 1364 2371; x_wconf 84' lang='lat' dir='ltr'><strong>minor,</strong></span> 
     </span>
     <span class='ocr_line' id='line_1_29' title="bbox 498 2391 1300 2446; baseline -0.001 -15"><span class='ocrx_word' id='word_1_163' title='bbox 498 2392 728 2431; x_wconf 69' lang='lat' dir='ltr'><strong>Metuentis</strong></span> <span class='ocrx_word' id='word_1_164' title='bbox 739 2397 914 2446; x_wconf 75' lang='lat' dir='ltr'><strong>patruae</strong></span> <span class='ocrx_word' id='word_1_165' title='bbox 933 2392 1104 2432; x_wconf 82' lang='lat' dir='ltr'><strong>verbera</strong></span> <span class='ocrx_word' id='word_1_166' title='bbox 1124 2391 1300 2445; x_wconf 64' lang='lat' dir='ltr'><strong>linguae.</strong></span> 
     </span>
    </p>
   </div>
   <div class='ocr_carea' id='block_1_9' title="bbox 327 2473 1780 2764">
    <p class='ocr_par' dir='ltr' id='par_1_9' title="bbox 327 2473 1780 2692">
     <span class='ocr_line' id='line_1_30' title="bbox 391 2473 1780 2538; baseline 0 -17"><span class='ocrx_word' id='word_1_167' title='bbox 391 2475 666 2538; x_wconf 87' lang='lat' dir='ltr'><strong>Percipiunt</strong></span> <span class='ocrx_word' id='word_1_168' title='bbox 690 2474 832 2538; x_wconf 87' lang='lat' dir='ltr'><strong>pedes</strong></span> <span class='ocrx_word' id='word_1_169' title='bbox 858 2475 1067 2521; x_wconf 84' lang='lat' dir='ltr'><strong>maxime</strong></span> <span class='ocrx_word' id='word_1_170' title='bbox 1091 2473 1421 2537; x_wconf 86' lang='lat' dir='ltr'><strong>pyrrhichium</strong></span> <span class='ocrx_word' id='word_1_171' title='bbox 1449 2483 1496 2521; x_wconf 90' lang='lat' dir='ltr'><strong>et</strong></span> <span class='ocrx_word' id='word_1_172' title='bbox 1521 2474 1780 2538; x_wconf 90' lang='lat' dir='ltr'><strong>spondeos:</strong></span> 
     </span>
     <span class='ocr_line' id='line_1_31' title="bbox 327 2549 1779 2615; baseline -0.001 -17"><span class='ocrx_word' id='word_1_173' title='bbox 327 2560 376 2598; x_wconf 89' lang='lat' dir='ltr'><strong>et</strong></span> <span class='ocrx_word' id='word_1_174' title='bbox 413 2551 565 2596; x_wconf 82' lang='lat' dir='ltr'><strong>solent</strong></span> <span class='ocrx_word' id='word_1_175' title='bbox 610 2549 746 2596; x_wconf 81' lang='lat' dir='ltr'><strong>divisi</strong></span> <span class='ocrx_word' id='word_1_176' title='bbox 794 2550 985 2614; x_wconf 85' lang='lat' dir='ltr'><strong>syllabis</strong></span> <span class='ocrx_word' id='word_1_177' title='bbox 1033 2550 1185 2613; x_wconf 83' lang='lat' dir='ltr'><strong>longis</strong></span> <span class='ocrx_word' id='word_1_178' title='bbox 1233 2550 1442 2614; x_wconf 88' lang='lat' dir='ltr'><strong>plurium</strong></span> <span class='ocrx_word' id='word_1_179' title='bbox 1491 2551 1779 2615; x_wconf 86' lang='lat' dir='ltr'><strong>syllabarum</strong></span> 
     </span>
     <span class='ocr_line' id='line_1_32' title="bbox 327 2626 1496 2692; baseline -0.001 -18"><span class='ocrx_word' id='word_1_180' title='bbox 327 2627 471 2692; x_wconf 89' lang='lat' dir='ltr'><strong>pedes</strong></span> <span class='ocrx_word' id='word_1_181' title='bbox 492 2626 754 2673; x_wconf 87' lang='lat' dir='ltr'><strong>admittere.</strong></span> <span class='ocrx_word' id='word_1_182' title='bbox 823 2627 1190 2691; x_wconf 86' lang='lat' dir='ltr'><strong>Aristophanius</strong></span> <span class='ocrx_word' id='word_1_183' title='bbox 1217 2635 1496 2691; x_wconf 82' lang='lat' dir='ltr'><strong>anapaestus,</strong></span> 
     </span>
    </p>

    <p class='ocr_par' dir='ltr' id='par_1_10' title="bbox 440 2708 1694 2764">
     <span class='ocr_line' id='line_1_33' title="bbox 440 2708 1694 2764; baseline -0.002 -14"><span class='ocrx_word' id='word_1_184' title='bbox 440 2711 596 2750; x_wconf 74' lang='lat' dir='ltr'><strong>Accena</strong></span> <span class='ocrx_word' id='word_1_185' title='bbox 608 2710 731 2764; x_wconf 74' lang='lat' dir='ltr'><strong>ponti</strong></span> <span class='ocrx_word' id='word_1_186' title='bbox 750 2711 957 2764; x_wconf 69' lang='lat' dir='ltr'><strong>perstem</strong></span> <span class='ocrx_word' id='word_1_187' title='bbox 975 2709 1142 2751; x_wconf 76' lang='lat' dir='ltr'><strong>Colchos</strong></span> <span class='ocrx_word' id='word_1_188' title='bbox 1158 2708 1331 2764; x_wconf 77' lang='lat' dir='ltr'><strong>denique</strong></span> <span class='ocrx_word' id='word_1_189' title='bbox 1347 2708 1506 2749; x_wconf 72' lang='lat' dir='ltr'><strong>delatus</strong></span> <span class='ocrx_word' id='word_1_190' title='bbox 1521 2708 1694 2748; x_wconf 73' lang='lat' dir='ltr'><strong>adhaesi.</strong></span> 
     </span>
    </p>
   </div>
   <div class='ocr_carea' id='block_1_10' title="bbox 290 2785 1781 2927">
    <p class='ocr_par' dir='ltr' id='par_1_11' title="bbox 290 2785 1781 2927">
     <span class='ocr_line' id='line_1_34' title="bbox 331 2785 1781 2852; baseline -0.003 -18"><span class='ocrx_word' id='word_1_191' title='bbox 331 2788 521 2852; x_wconf 88' lang='lat' dir='ltr'><strong>Recipit</strong></span> <span class='ocrx_word' id='word_1_192' title='bbox 557 2787 699 2851; x_wconf 87' lang='lat' dir='ltr'><strong>pedes</strong></span> <span class='ocrx_word' id='word_1_193' title='bbox 736 2796 1071 2850; x_wconf 87' lang='lat' dir='ltr'><strong>quaternorum</strong></span> <span class='ocrx_word' id='word_1_194' title='bbox 1110 2796 1397 2850; x_wconf 79' lang='lat' dir='ltr'><strong>temporum,</strong></span> <span class='ocrx_word' id='word_1_195' title='bbox 1423 2785 1575 2832; x_wconf 88' lang='lat' dir='ltr'><strong>omnis</strong></span> <span class='ocrx_word' id='word_1_196' title='bbox 1613 2785 1781 2847; x_wconf 86' lang='lat' dir='ltr'><strong>implet</strong></span> 
     </span>
     <span class='ocr_line' id='line_1_35' title="bbox 290 2859 1733 2927; baseline -0.003 -16"><span class='ocrx_word' id='word_1_197' title='bbox 290 2883 309 2913; x_wconf 81' lang='lat' dir='ltr'><strong>s</strong></span> <span class='ocrx_word' id='word_1_198' title='bbox 328 2864 470 2927; x_wconf 85' lang='lat' dir='ltr'><strong>pedes</strong></span> <span class='ocrx_word' id='word_1_199' title='bbox 496 2872 676 2927; x_wconf 85' lang='lat' dir='ltr'><strong>septem</strong></span> <span class='ocrx_word' id='word_1_200' title='bbox 702 2872 749 2909; x_wconf 87' lang='lat' dir='ltr'><strong>ct</strong></span> <span class='ocrx_word' id='word_1_201' title='bbox 775 2863 1078 2927; x_wconf 84' lang='lat' dir='ltr'><strong>semipedem.</strong></span> <span class='ocrx_word' id='word_1_202' title='bbox 1143 2863 1428 2926; x_wconf 74' lang='lat' dir='ltr'><strong>Anapaestus</strong></span> <span class='ocrx_word' id='word_1_203' title='bbox 1453 2859 1733 2916; x_wconf 81' lang='lat' dir='ltr'><strong>octonarius,</strong></span> 
     </span>
    </p>
   </div>
  </div>
 </body>
</html>
