1962 3355
594 350 893 404 INCIPIT
935 349 1179 402 LIBER
1219 346 1557 400 TERTIUS

882 462 1282 517 DIOMEDIS.

977 752 1110 804 CAP.
1142 752 1184 803 Ι.

355 841 451 913 IN
499 865 619 911 libro
666 874 886 926 aquoque
938 862 1162 920 secundo,
1209 870 1442 924 quantum
1489 859 1546 906 ad
1595 858 1802 905 officium

353 941 688 989 observationis
760 939 1082 1003 grammaticae
1163 946 1465 984 structuraeve
1542 934 1806 981 borationis

354 1037 504 1083 prosae
561 1016 853 1081 probabilem
904 1015 1249 1079 Ccognitionem
1299 1023 1496 1077 spectat,
1545 1011 1809 1076 prudentiae

355 1105 446 1143 tuae
497 1094 710 1141 sensibus
758 1093 946 1139 interim
993 1092 1269 1156 explanasse
1315 1089 1528 1137 sufficiat.
1616 1089 1672 1135 In
1718 1088 1809 1134 hoc

354 1191 463 1220 vero
498 1172 636 1218 tertio
671 1171 807 1226 libro,
843 1171 922 1233 qui
967 1186 1203 1216 summam
1240 1168 1386 1214 totius
1422 1165 1575 1230 operis
1611 1165 1809 1228 dimple-

355 1250 440 1306 bit,
478 1257 640 1306 metra,
675 1265 780 1310 quae
812 1256 922 1293 sunt
957 1246 1206 1292 etortuosis
1246 1243 1613 1291 obscuritatibus
1655 1241 1812 1305 impli-

355 1335 473 1380 cata,
499 1343 552 1371 ac
587 1324 844 1370 multarum
877 1322 1192 1384 quaestionum
1229 1337 1480 1367 numerosa
1518 1318 1811 1365 sdiversitate

355 1401 595 1467 perplexa,
621 1400 793 1462 quibus
824 1398 1000 1462 pedum
1029 1398 1336 1461 qualitatibus
1362 1394 1810 1460 gcompositionisve

358 1478 565 1525 metricae
603 1475 1008 1522 observationibus
1039 1474 1340 1537 hregnantur,
1376 1474 1512 1519 certis
1549 1471 1808 1518 rationibus

320 1555 598 1605 ‚iedoceba
697 1554 817 1606 Quae
865 1552 1056 1614 quidem
1112 1552 1272 1598 omnia
1318 1551 1353 1596 si
1403 1550 1508 1612 quis
1565 1547 1808 1612 profundis

358 1631 573 1678 sensibus
597 1629 872 1683 kintimarit,
898 1646 951 1675 ac
984 1630 1163 1675 sincera
1201 1628 1372 1673 mentis
1406 1626 1668 1672 intentione
1707 1641 1810 1687 per-

358 1707 580 1772 spexerit,
601 1715 646 1752 et
672 1704 972 1768 lcompererit
992 1705 1162 1760 studio,
1179 1704 1519 1767 diligentiaque
1545 1700 1810 1754 servaverit,

357 1803 451 1831 non
488 1792 672 1830 tantum
711 1783 758 1828 in
792 1781 1084 1845 lmpangenda
1121 1779 1462 1826 versificatione
1498 1777 1710 1842 pollebit,
1733 1794 1809 1823 ve-

358 1879 462 1908 rum
500 1861 643 1907 etiam
683 1859 741 1905 de
777 1859 972 1905 aliorum
1018 1857 1322 1913 carminibus,
1360 1854 1578 1918 quotiens
1620 1855 1808 1901 libitum

358 1937 673 1999 fuerit‚justis
711 1935 972 1982 rationibus
998 1943 1065 1963 mm
1078 1942 1123 1980 et
1148 1932 1557 1996 inreprehensibili
1586 1940 1811 1978 tractatus

360 2014 590 2061 sententia
619 2012 870 2075 judicabit.
956 2011 1103 2058 Nunc
1143 2010 1280 2056 tertio
1322 2026 1513 2072 quoque
1561 2009 1695 2065 libro,
1730 2007 1811 2071 qui

361 2108 597 2137 summam
637 2090 781 2135 totius
817 2089 971 2153 operis
1011 2086 1278 2151 “implebit,
1302 2085 1414 2148 quid
1453 2094 1575 2131 esset
1609 2085 1812 2149 poetica,

361 2177 406 2213 et
432 2167 603 2230 quibus
628 2166 792 2212 officiis
816 2165 1086 2229 ⁰dirigatur‚
1112 2163 1435 2210 tractabimus.

416 2327 435 2347 a
454 2319 623 2369 quidem]
647 2332 784 2367 quoque
802 2320 898 2356 AB.
921 2319 1016 2355 Ven.
1150 2317 1170 2343 b
1190 2325 1228 2353 et
1248 2317 1292 2353 ad
1314 2329 1431 2366 prosae
1452 2314 1648 2361 orationis]
1671 2327 1712 2350 ve
1732 2326 1813 2349 ora-

365 2375 469 2410 tionis
483 2386 550 2421 per
568 2386 604 2408 se
622 2374 668 2408 B.
688 2385 801 2419 prosae
820 2375 863 2408 A.
885 2373 1056 2407 orationis
1071 2383 1186 2418 prosce
1204 2371 1301 2406 Ven.
1437 2376 1453 2395 c
1472 2367 1809 2417 comparationem]

364 2428 599 2474 cognitionem
619 2427 713 2462 AB.
733 2426 825 2461 Mox
845 2426 1013 2474 sufficerit
1031 2424 1128 2460 Ven.
1342 2420 1361 2448 d
1379 2421 1567 2472 implebit]
1592 2422 1750 2469 implevit
1768 2421 1812 2457 A.

364 2487 380 2507 6
402 2479 596 2526 tortuosis]
623 2484 802 2515 tortuosus
820 2479 866 2515 B.
1035 2475 1050 2503 f
1067 2475 1311 2526 perplexitate
1330 2475 1488 2521 diversa]
1511 2477 1716 2511 diversitate
1729 2486 1814 2522 per-

350 2534 455 2584 flexa
474 2533 520 2568 Β.
538 2533 710 2580 perplexa
730 2533 774 2568 A.
920 2537 940 2566 g
960 2529 1304 2579 compositionisve]
1327 2531 1634 2577 conzpositionesve
1652 2528 1701 2564 A.
1723 2539 1814 2563 com-

358 2587 536 2635 positione
554 2597 612 2621 sve
632 2586 679 2622 B.
827 2582 849 2610 h
870 2584 1044 2635 regnant]
1068 2588 1267 2631 regnantur
1285 2583 1380 2618 AB.
1517 2580 1528 2608 i
1548 2581 1708 2628 docebo]
1733 2582 1815 2617 edo-

365 2641 447 2676 cebo
467 2640 514 2675 A.
536 2640 631 2674 Ven.
788 2636 810 2663 k
831 2636 1012 2674 intimarit
1032 2644 1069 2672 et
1088 2637 1258 2686 syncera]
1284 2638 1468 2672 intimaret
1488 2648 1530 2673 ac
1549 2637 1687 2671 sincera
1706 2635 1749 2671 A.
1771 2646 1815 2669 ac

364 2695 501 2729 sincera
521 2693 567 2728 Β.
740 2689 751 2717 l
771 2689 954 2740 compari]
979 2692 1189 2738 compererit
1208 2690 1300 2726 AB.
1322 2691 1545 2737 comparavit
1564 2689 1658 2724 Ven.
1714 2688 1812 2723 Tum

366 2747 554 2793 diligentia
575 2757 651 2792 quae
670 2744 760 2781 Α.Β.
870 2751 902 2770 m
921 2744 1081 2794 agenda]
1100 2745 1295 2792 pangenda
1315 2744 1414 2780 A.B‚
1534 2749 1598 2768 mm
1607 2749 1645 2778 et
1665 2739 1815 2789 irrepre-

367 2798 557 2846 hensibili]
580 2798 909 2846 inrepraehensibili
928 2798 1020 2834 ΑΒ.
1041 2805 1079 2833 et
1099 2802 1256 2833 tractatu
1277 2809 1360 2832 cum
1386 2796 1480 2833 Ven.
1523 2796 1621 2832 Turn
1633 2792 1816 2840 judicavit

367 2854 412 2890 B.
436 2853 582 2889 idicczbit
598 2852 640 2888 A.
752 2858 772 2877 n
793 2850 963 2900 implebit
982 2849 1070 2899 quid
1090 2851 1251 2900 poetica]
1277 2851 1434 2897 implevit
1454 2850 1539 2897 quid
1562 2853 1649 2884 esset
1673 2849 1814 2895 poetica

368 2907 411 2943 A.
433 2909 455 2942 i.
477 2907 563 2954 quid
584 2917 655 2942 esse
668 2905 812 2952 poetica
831 2904 876 2940 B.
987 2910 1005 2929 o
1027 2903 1222 2954 dirigatur]
1247 2905 1436 2950 digeratur
1455 2902 1539 2939 edd.
1560 2909 1646 2938 vett.
