1962 3355
325 198 388 235 44
836 188 995 234 ΛΜἀνίἰ
1023 188 1268 235 Victorini
1615 202 1712 232 ΜΒ.
1739 201 1771 231 1.

325 327 411 373 pro
456 308 640 355 duabus
680 310 1048 355 consonantibus
1096 308 1382 373 accipienda,
1416 324 1691 370 quanquam
1727 315 1774 352 et

325 384 587 448 ¹geminata
612 385 630 430 i
654 385 855 431 scribere
880 385 1194 446 lnjubeamur,
1219 394 1285 440 ut,

461 460 876 526 Proq'jecitfluvio,
895 462 1181 524 penitusque
1205 462 1254 507 in
1277 457 1613 523 nubilafugit.

272 554 305 575 11
328 537 422 582 Alii
449 538 494 583 oi
517 537 881 600 ”diphthongon
908 537 1073 582 volunt
1096 555 1210 594 esse,
1236 546 1287 582 ut
1317 537 1374 582 sit
1410 553 1492 599 pes
1518 535 1778 598 ⁰dactylus,

329 613 483 677 prima
509 613 686 676 syllaba
711 621 877 658 natura
916 612 1055 674 longa
1079 612 1227 658 PTroi
1251 611 1559 674 sequentibus
1596 610 1777 656 duabus

330 689 550 735 brevibus
588 697 646 734 ‘la
683 699 727 733 et
765 705 868 751 que.
940 688 1049 733 Hoc
1084 704 1115 733 u
1147 687 1327 734 rlittera
1362 688 1514 734 facere
1552 686 1779 749 nequivit,

331 766 497 811 eodem
537 765 778 827 Squotiens
815 765 954 810 fuerit
989 765 1108 810 loco.
1164 764 1293 810 Nam
1331 765 1395 810 ita
1430 772 1672 827 ponuntur
1708 762 1781 808 hae

331 842 438 888 duae
474 842 641 887 litterae
678 841 725 886 in
756 841 963 904 syllabiS,
996 850 1046 886 ut
1082 840 1299 902 exigente
1335 840 1514 885 ratione
1543 839 1779 885 interdum

332 917 427 962 sint
450 917 634 963 vocales
669 934 754 979 pro
786 926 950 979 suapte
987 926 1170 972 natura,
1193 915 1428 961 interdum
1457 924 1783 969 consonantes,

334 993 444 1054 quia
472 1002 518 1037 et
542 992 777 1055 SSprolatae
803 1002 849 1038 et
885 992 1110 1053 subjectae
1143 992 1245 1037 aliis
1270 992 1509 1037 vocalibus
1536 994 1707 1037 coeunt
1739 1000 1786 1036 et

333 1068 563 1130 syllabam
590 1068 807 1124 reddunt,
845 1068 989 1130 tquod
1029 1069 1219 1130 reliquae
1254 1067 1407 1113 facere
1442 1084 1535 1112 non
1574 1076 1786 1129 possunt,

278 1169 312 1190 12
337 1153 386 1190 ut
417 1143 594 1190 eaedem
633 1153 679 1190 et
709 1154 1021 1190 consonantes
1059 1144 1152 1189 sint
1175 1153 1221 1189 et
1243 1144 1440 1190 vocales.
1508 1142 1636 1188 Nam
1675 1160 1784 1189 cum

335 1229 380 1265 et
413 1219 535 1265 inter
569 1237 616 1266 se
652 1220 955 1281 geminantur
980 1229 1025 1265 et
1051 1236 1161 1265 cum
1188 1219 1287 1264 aliis
1315 1218 1600 1282 junguntur,
1635 1219 1787 1282 prima

335 1312 513 1352 earum,
542 1314 646 1358 quae
685 1295 730 1341 in
768 1297 948 1359 syllaba
985 1295 1140 1351 fuerit,
1169 1294 1374 1340 evidenti
1411 1296 1589 1341 ratione
1623 1312 1790 1341 conso-

336 1389 452 1417 nans
478 1372 579 1429 erit,
604 1371 780 1434 quippe
807 1389 914 1417 cum
946 1371 1073 1417 vocis
1110 1389 1251 1417 sonus
1288 1372 1334 1417 in
1369 1372 1579 1433 subjecta
1601 1380 1787 1417 tantum

337 1447 485 1493 vocali
525 1448 756 1501 audiatur,
782 1458 835 1493 ut
857 1447 1096 1511 jaculum,
1121 1447 1270 1504 Jemo,
1297 1455 1419 1504 cota,
1445 1447 1621 1504 vultus,
1645 1457 1692 1493 et
1718 1447 1790 1492 his

282 1543 317 1572 13
339 1522 525 1568 similia.
595 1525 792 1579 Octavo,
820 1523 856 1568 si
891 1535 1101 1587 correpta
1129 1525 1301 1571 vocalis
1337 1525 1510 1571 desinit
1542 1525 1588 1570 in
1626 1541 1788 1570 conso-

339 1608 550 1655 nantem,
576 1616 669 1661 qua
693 1617 799 1662 pars
825 1600 1048 1646 orationis
1079 1600 1283 1656 finiatur,
1309 1609 1355 1646 et
1379 1618 1577 1663 sequens
1614 1599 1794 1664 syllaba

339 1692 362 1720 a
387 1676 535 1721 vocali
565 1676 774 1739 incipiat,
800 1686 867 1733 ut,
893 1676 977 1723 hoc
1001 1684 1121 1734 erat,
1147 1686 1192 1722 et
1217 1677 1292 1723 ln'c
1317 1677 1400 1723 ait.

284 1777 321 1804 ω,
403 1752 550 1798 Nune
586 1752 643 1798 cle
675 1754 1010 1798 communibus
1049 1753 1322 1817 plenissime
1357 1762 1630 1808 tractemus,
1667 1751 1794 1798 unde

341 1845 504 1873 sumus
546 1827 767 1891 digressi:
820 1847 1020 1890 quarum
1064 1830 1113 1875 in
1164 1830 1325 1875 metris
1373 1829 1544 1893 triplex
1592 1828 1711 1874 ratio
1748 1837 1796 1872 et

340 1912 511 1950 vcausa
548 1905 826 1968 repperitur,
860 1906 894 1950 si
929 1905 1123 1967 quidem
1172 1922 1266 1951 una
1306 1904 1569 1966 eademque
1601 1903 1796 1967 syllaba,

343 1997 469 2025 nunc
518 1980 673 2043 longa,
715 1999 841 2028 nunc
891 1983 1058 2036 brevis,
1099 1983 1383 2044 wutriusque
1422 1980 1648 2044 temporis
1696 1980 1798 2042 lege

288 2080 322 2110 15
343 2055 612 2117 Xfungatur.
683 2056 1044 2104 Sciscitantibus
1081 2068 1237 2104 autem
1273 2075 1356 2104 cur
1387 2066 1478 2103 tres
1509 2056 1638 2102 modi
1671 2073 1800 2102 com-

347 2131 567 2177 munium
609 2132 897 2195 syllabarum
931 2134 1039 2188 sint,
1076 2134 1305 2189 dicemus,
1338 2135 1528 2196 longam
1567 2133 1798 2196 syllabam

291 2221 330 2254 16
347 2220 427 2253 aut
451 2216 617 2253 natura
642 2208 739 2253 fieri
768 2218 848 2255 aut
875 2210 1124 2272 positione.
1163 2210 1285 2256 Haec
1308 2211 1395 2255 sub
1419 2219 1617 2271 utraque
1644 2208 1800 2272 specie

346 2300 652 2329 communem
689 2285 734 2329 in
774 2285 935 2330 metris
964 2285 1194 2349 syllabam
1231 2285 1378 2340 dabit,
1407 2285 1454 2331 id
1488 2294 1572 2340 est,
1604 2294 1685 2330 aut
1718 2302 1802 2330 na-

346 2368 466 2416 tura,
493 2375 600 2405 cum
627 2360 828 2406 Yultimo
853 2361 986 2424 pedis
1011 2361 1184 2425 dactyli
1213 2362 1352 2425 longa
1377 2362 1628 2425 reperitur:
1666 2372 1734 2418 ut,

546 2435 722 2482 Insulce
747 2436 880 2482 Ionio
905 2437 953 2483 in
979 2455 1165 2501 magno.

403 2625 413 2653 1
433 2628 640 2676 geminata]
661 2627 840 2676 geminita
860 2629 899 2664 P.
1012 2637 1041 2654 m
1055 2630 1270 2679 jubeamus]
1288 2627 1490 2675 jubeamur
1509 2632 1547 2667 P.
1655 2640 1676 2658 n
1695 2632 1803 2682 diph-

351 2680 510 2729 tongon]
534 2679 751 2729 dyptongon
774 2681 814 2716 P.
926 2688 943 2707 0
964 2682 1147 2731 dactylus]
1170 2682 1328 2718 dactilus
1348 2683 1388 2719 P.
1499 2691 1517 2718 P
1537 2685 1630 2731 Tro]
1653 2685 1742 2721 Troi
1763 2687 1803 2722 P.

352 2738 372 2766 q
392 2733 428 2767 z‘a
449 2733 569 2780 aeque]
595 2744 615 2767 a
635 2741 671 2767 et
692 2745 764 2780 que
785 2733 824 2769 P.
935 2740 947 2755 ¹
967 2733 1145 2782 litteram]
1170 2735 1290 2771 littera
1312 2734 1352 2772 P.
1461 2743 1475 2762 s
1495 2738 1688 2785 quotiens]
1714 2747 1806 2787 quot

352 2783 382 2820 si
403 2785 443 2820 P.
583 2791 616 2810 ³⁵
637 2785 804 2833 prolatae]
829 2786 851 2821 f.
873 2786 1046 2835 praelatae.
1189 2789 1203 2813 t
1222 2786 1322 2837 quod
1343 2789 1512 2838 reliquae]
1537 2803 1618 2838 quae
1638 2791 1741 2840 reliq.
1764 2793 1805 2829 P.

351 2844 372 2862 v
382 2850 511 2873 caussa
524 2836 720 2885 reperitur]
739 2851 848 2874 causa
861 2840 1064 2888 repperitur
1077 2841 1117 2877 P.
1179 2847 1209 2865 w
1221 2852 1321 2878 nunc
1334 2842 1540 2892 utriusque]
1557 2844 1749 2893 utriusque
1764 2846 1805 2881 P.

352 2896 372 2916 X
392 2889 573 2940 fungitur]
599 2890 774 2940 fungatur
793 2892 832 2928 P.
942 2899 962 2927 Y
981 2892 1316 2944 ultima—dactyli]
1343 2895 1657 2932 ultimo—dactili
1678 2898 1719 2934 P.
