1962 3355
147 170 244 197 CAP.
268 169 297 195 1.
726 158 794 197 De
811 158 995 211 syllaba.
1511 159 1591 198 531

145 267 267 316 Quod
283 283 414 323 genus
430 267 597 324 syllabae
618 268 722 308 inter
743 268 885 324 longas
905 268 966 308 vel
989 268 1156 308 omnino
1178 268 1482 324 refugiendum,
1500 270 1595 310 chl
1618 287 1654 318 17

144 335 378 390 parcissime
409 335 691 391 usurpandum
723 345 798 385 est,
825 334 1016 391 quamvis
1045 345 1086 375 et
1116 335 1230 390 apud
1260 335 1480 391 Virgilium
1513 351 1595 377 non

143 401 409 451 rarissimum,
431 402 543 457 apud
566 404 799 443 Homerum
822 417 918 442 vero
939 402 1318 457 frequentissimum
1349 402 1593 458 reperiatur.

146 469 388 509 Communis
411 484 507 510 vero
537 469 694 526 syllaba
722 470 783 521 fit,
803 484 895 510 cum
928 469 1174 525 productam
1196 469 1379 511 vocalem
1409 470 1596 524 sequitur
1618 481 1654 510 18

143 535 319 582 vocalis3
356 546 401 576 ut

465 600 485 620 Χ
501 595 549 629 Te
571 594 748 641 Corydon,
770 607 790 630 o
809 595 916 630 Alexi
961 615 1013 621 —-
1069 615 1121 621 -—
1175 615 1228 621 -—

144 670 251 710 Item
280 685 374 710 cum
407 670 511 712 duas
545 671 703 712 vocales
736 672 842 713 inter
874 687 915 713 se
946 672 1186 728 conjunctas
1221 672 1487 728 consequitur
1522 689 1593 715 vo-
1617 694 1655 726 19

142 736 252 787 calis,
277 746 324 777 ut

411 797 572 832 ylnsalae
594 798 696 832 Ionio
716 799 752 833 in
771 809 916 844 magno.
951 817 1004 825 —
1059 818 1111 845 -7
1166 819 1218 826 —-

142 872 322 913 Positam
345 873 464 914 etiam
487 889 746 915 communem
761 875 900 930 Zapud
920 874 1138 930 Virgilium
1159 875 1348 916 videmus
1368 891 1456 916 eam
1472 876 1594 932 sylla·
1613 894 1654 916 20

139 939 249 990 bam,
272 957 367 997 quae
396 941 437 981 in
470 956 490 982 c
519 941 696 983 litteram
727 942 890 993 desinit,
913 951 986 983 aut
1010 957 1097 983 eam
1127 942 1277 983 vocalis
1303 952 1592 998 consequatur.

141 1009 250 1048 Nam
271 1024 364 1050 cum
387 1009 485 1049 dicit
1614 1023 1647 1044 21

513 1066 533 1093 b
548 1067 632 1104 Hoc
651 1073 733 1104 erat

137 1145 300 1199 longam
323 1161 412 1186 eam
434 1145 632 1201 syllabam
654 1147 879 1197 constituit,
903 1163 997 1203 quae
1018 1147 1058 1187 in
1080 1163 1100 1187 c
1121 1147 1280 1188 desinit.
1324 1149 1432 1188 Cum
1453 1158 1592 1189 autem

137 1212 235 1252 dicit

514 1271 647 1306 cSolus
668 1271 724 1306 hic

928 1292 1033 1299 ..-

188 1412 216 1431 W
241 1406 297 1441 vel
328 1406 538 1452 parcissime
567 1405 829 1451 usurpandam]
890 1406 963 1441 Sed
995 1408 1045 1441 sic
1077 1407 1215 1442 lubrica
1248 1411 1283 1441 et
1314 1407 1442 1442 leniter
1463 1409 1587 1443 currit.

135 1459 256 1507 Super
292 1460 539 1505 usurpandam
583 1457 619 1493 in
669 1457 830 1508 Guelph.
892 1459 991 1505 Ergo
1011 1471 1030 1495 c
1051 1460 1248 1506 aliquando
1267 1471 1334 1507 pro
1350 1460 1488 1496 duabus
1503 1473 1587 1496 con-

135 1511 349 1561 importuna
395 1511 518 1560 glossa
564 1516 718 1547 metrum
764 1510 831 1547 ad-
888 1514 1096 1548 sonantibus
1119 1513 1283 1556 habetur,
1306 1513 1458 1560 etfacit
1486 1515 1589 1550 illam

133 1565 270 1614 scripta
289 1572 358 1600 est.
391 1564 547 1600 HEUS.
893 1566 1011 1612 [Fort.
1035 1571 1070 1601 et
1087 1565 1189 1613 facit
1208 1566 1401 1613 syllabam]
1429 1567 1584 1613 longam.

188 1625 207 1643 Χ
235 1619 283 1653 Te
315 1618 498 1665 Corydon]
530 1617 665 1667 virgil.
694 1617 829 1667 Eclog.
885 1619 968 1654 Hoc
981 1620 1016 1654 in
1026 1620 1295 1666 pronominibus
1294 1620 1359 1667 fit,
1374 1624 1407 1655 et
1419 1632 1487 1666 pro
1502 1622 1586 1655 siin-

134 1671 187 1707 ΙΙ.
202 1671 266 1718 65.
287 1670 371 1706 MS.
395 1670 558 1719 Guelph.
586 1672 634 1707 Te
658 1671 829 1707 Goridon.
881 1673 969 1719 plici
984 1677 1103 1719 potest
1123 1673 1248 1718 accipi.
1278 1671 1363 1707 Vid.
1384 1672 1482 1708 Mar.
1501 1673 1586 1709 Vic-

138 1723 292 1760 HEUS.

193 1784 213 1811 y
255 1777 386 1814 Insula⁷
428 1776 547 1824 Ionio]
590 1776 695 1826 Virg.
734 1777 829 1813 AEn.

134 1829 205 1865 111.
231 1841 317 1865 211.
353 1828 506 1864 HEUS.

200 1889 218 1908 Ζ
270 1884 368 1929 apud
416 1882 605 1929 Virgilium
651 1883 825 1929 videmus]

134 1934 250 1972 Paris.
267 1937 460 1978 videamus,
478 1935 576 1984 quod
598 1947 672 1970 non
694 1934 829 1983 placet.

135 1988 291 2024 HEUS.
727 2024 730 2025 ⁷

188 2048 207 2067 a
237 2049 278 2077 ut
306 2054 385 2077 cam
411 2042 544 2077 vocalis
573 2042 826 2089 consequatur]

133 2094 237 2131 Idem
296 2094 390 2130 liber
443 2099 615 2141 sequatur
671 2094 828 2143 praefert.

133 2147 292 2184 HEUS.

187 2198 207 2226 b
238 2200 326 2236 Hoc
358 2201 454 2248 erat]
492 2200 538 2236 In
569 2200 735 2250 margine
765 2213 829 2236 co-

133 2253 225 2290 dicis
260 2253 422 2302 Guelph.
471 2261 682 2289 atramento
720 2252 826 2302 palli-

132 2307 236 2342 diore
265 2306 490 2355 adscriptum
521 2315 578 2342 est
606 2319 649 2342 ex
673 2307 827 2343 AEneid.

134 2360 184 2395 11.
206 2359 296 2405 664.
326 2360 424 2395 alma
447 2372 593 2406 parens,
623 2372 696 2409 quo
725 2358 826 2395 addi-

133 2415 302 2449 tamento
333 2425 408 2448 non
441 2425 533 2461 opus
567 2421 647 2449 erat
678 2412 826 2450 Mallio.

133 2465 229 2501 Rem
264 2464 383 2514 ipsam
416 2465 616 2514 Pompeius
650 2465 685 2502 in
722 2478 826 2502 com-

134 2525 262 2554 mento
278 2516 367 2554 artis
383 2517 526 2554 Donati
547 2518 602 2554 his
621 2519 745 2555 verbis
765 2532 827 2556 ex-

133 2571 264 2620 ponit:
297 2571 388 2606 Itcm
415 2571 444 2605 C
477 2572 597 2607 littera
631 2573 828 2619 aliquando

130 2637 198 2671 pro
227 2624 366 2659 duabus
397 2625 670 2660 consonantibus
701 2630 765 2667 est,
794 2631 829 2661 et

121 2677 224 2725 facit
255 2678 411 2723 longam,
435 2681 476 2711 ut
509 2682 561 2712 est
593 2678 712 2713 illud:
743 2678 829 2714 Hoc

132 2738 211 2766 erat
230 2729 327 2765 alma
356 2741 501 2778 parens.
558 2730 669 2766 Hoc:
701 2731 827 2766 collide

134 2784 178 2826 C,
206 2788 241 2819 ct
267 2785 315 2818 sit
338 2794 407 2830 pro
435 2783 574 2818 duabus
602 2786 827 2819 consonanti-

134 2837 207 2872 bus.
258 2837 301 2871 In
331 2836 395 2871 illo
427 2836 500 2870 alio
527 2837 686 2883 exemplo
717 2836 829 2872 brevis

133 2894 209 2924 est:
257 2888 366 2925 Solus
408 2886 467 2925 hic
505 2887 647 2925 inflexit
684 2901 827 2925 sensus.

887 1725 998 1760 torin.
1029 1725 1111 1761 Art.
1146 1724 1316 1760 Gratum.
1345 1724 1375 1760 l.
1410 1738 1444 1774 p.
1470 1735 1584 1772 2471.

887 1776 1037 1813 Servius
1059 1777 1103 1813 ad
1120 1776 1348 1813 AEneid.V1.
1366 1787 1454 1825 791.
1473 1790 1583 1827 quem

888 1830 1136 1866 Ruhnkenius
1163 1831 1211 1867 V.
1233 1831 1275 1866 C.
1308 1829 1380 1866 huc
1415 1831 1582 1876 advocat,

885 1882 1151 1919 Terentianum
1174 1883 1420 1932 reprehendit,
1440 1884 1503 1932 qui
1522 1883 1582 1920 lit-

886 1943 1003 1972 teram
1036 1937 1075 1978 C,
1106 1949 1173 1985 pro
1203 1935 1309 1971 metri
1340 1937 1496 1978 ratione,
1529 1937 1583 1973 vel

886 1989 1074 2038 duplicem
1124 1988 1249 2025 haberi
1297 1989 1491 2026 tradiderit
1527 1990 1583 2027 vel

887 2042 1110 2091 simplicem.
1145 2041 1362 2078 Terentiani
1382 2043 1580 2091 reprehen-

886 2107 959 2139 sor,
982 2095 1059 2144 ipse
1089 2095 1244 2131 fortasse
1273 2107 1348 2131 non
1381 2096 1503 2132 minus
1527 2109 1581 2133 re-

885 2149 1182 2197 prehendendus,
1197 2147 1441 2198 privilegium,
1456 2149 1582 2186 nescio

885 2202 996 2250 quod,
1019 2201 1359 2251 monosyllaborum
1384 2202 1581 2238 commini-

884 2253 1010 2297 scitur,
1034 2267 1097 2304 per
1117 2254 1215 2304 quod
1239 2255 1269 2290 C
1294 2254 1332 2290 in
1360 2255 1582 2304 pronomine

884 2308 949 2343 lzoc
968 2321 1035 2357 pro
1056 2306 1193 2357 duplici
1217 2308 1406 2345 habeatur.
1465 2308 1581 2345 Vide-

885 2361 970 2404 rint,
1004 2374 1098 2410 quos
1132 2361 1220 2397 talia
1258 2360 1433 2410 indagare
1460 2365 1579 2411 juvat,

884 2427 931 2450 an
951 2414 1137 2450 collisioni
1166 2414 1297 2450 litterae
1321 2414 1351 2450 C
1377 2413 1416 2450 in
1444 2428 1581 2464 prono-

885 2466 984 2503 mine
1013 2468 1069 2504 hic
1102 2475 1141 2504 et
1175 2468 1240 2504 hoc
1273 2467 1415 2504 dederit
1441 2467 1579 2510 locum,

883 2520 982 2569 quod
1005 2522 1101 2557 hicce
1126 2528 1164 2557 et
1183 2521 1287 2557 hocce
1306 2528 1452 2557 veteres
1481 2520 1581 2558 dice-

882 2574 986 2616 bant,
1017 2587 1099 2623 quae
1131 2582 1218 2610 ante
1250 2574 1399 2610 vocales
1435 2575 1510 2610 hice
1543 2582 1581 2611 et

884 2627 968 2663 hoec
987 2628 1182 2664 sonabant.
1216 2627 1368 2664 HEUS.

938 2686 954 2705 ⁰
967 2680 1076 2717 Solus
1096 2680 1170 2728 hic]
1192 2681 1237 2716 In
1255 2680 1416 2729 Guelph.
1435 2679 1578 2721 eadem,

882 2745 963 2780 quae
982 2733 1172 2783 superiora
1186 2733 1488 2781 interpolaverat,
1501 2742 1580 2768 vma-

884 2797 953 2820 nus
993 2786 1070 2822 haec
1109 2787 1163 2822 ita
1202 2786 1371 2828 mutavit,
1410 2792 1521 2833 atque
1558 2797 1579 2821 e

886 2838 1017 2887 Virgil.
1052 2839 1145 2875 AEn.
1177 2838 1244 2875 IV.
1276 2850 1336 2874 22.
1366 2836 1577 2886 supplevit:

885 2890 941 2926 hic
959 2893 1054 2927 solas
1071 2891 1206 2939 inflexit
1222 2903 1352 2927 sensus.
1385 2890 1540 2926 HEUS.

808 2960 926 2991 3Y2
