1962 3355
333 314 371 341 14

387 181 483 219 430
999 174 1247 221 Diomedis
1647 190 1741 221 ΜΒ.
1763 191 1837 223 111.

456 292 587 339 Huic
612 292 870 339 contrarius
897 302 967 338 est
1003 293 1252 350 trochaeus,
1276 310 1418 355 quem
1456 300 1648 353 111χρρεῒωι
1683 296 1842 358 appel-

389 369 503 414 lant.
558 368 834 415 ‘¹³¹¹‘Constat
853 386 911 414 ex
931 369 1072 430 longa
1092 378 1139 415 et
1165 369 1308 425 brevi,
1323 377 1594 431 temporum
1614 370 1773 427 trium,
1790 380 1842 416 ut

389 446 557 492 Roma.
616 445 790 491 Dictus
814 445 920 491 ”dnh
939 451 1005 491 τοῦ
1025 445 1301 507 ἐπιτρέχοντας
1323 444 1466 505 λέγειν.
1522 445 1715 509 Quippe
1741 446 1840 508 ejus

389 522 779 577 modulationem,
805 530 1081 584 poematum
1110 520 1206 565 sive
1232 528 1492 566 metrorum
1510 522 1840 585 compositioni

388 598 816 652 accommodatam,
832 597 1021 642 rotatim
1044 605 1091 642 et
1108 596 1379 643 volubiliter
1394 596 1628 643 dicebant.
1697 597 1842 643 οΤιό-

387 676 572 722 chaeum
600 674 742 719 etiam
770 690 794 717 a
821 672 1062 718 Mercurio
1088 682 1323 735 repertum
1353 673 1464 718 satis
1490 682 1690 729 constat,
1714 673 1839 736 quod

388 752 425 796 is
451 749 738 814 praecipitem
768 747 1119 794 festinationem
1146 758 1232 795 Pex
1260 750 1442 812 impetu
1475 749 1619 812 longo
1653 749 1700 794 in
1741 749 1841 795 bre-

387 844 491 872 vern
529 841 738 888 gressum
767 824 891 869 finiri
930 824 1212 871 ostenderet.
1286 825 1429 871 Unde
1465 825 1678 889 plerique
1711 825 1843 871 Grae-
1874 876 1878 877 ⁷

388 919 548 948 corum
576 918 633 946 ex
659 901 799 963 longa
834 909 881 945 et
917 900 1043 945 brevi
1084 918 1192 946 eum
1231 901 1400 964 pedem
1439 913 1841 963 composuerunt3

386 979 458 1024 vel
486 979 619 1040 (ἱπαρὰ
651 975 696 1022 τὸ
730 977 900 1039 τρέχειν,
926 992 983 1021 ex
1021 975 1251 1033 discursu,
1277 977 1540 1023 trochaeum
1576 976 1843 1039 frequenta—

388 1063 582 1100 verunt:
619 1071 674 1099 ac
711 1052 876 1098 musici
917 1052 1001 1098 viri
1041 1052 1182 1098 ociori
1225 1053 1349 1098 melo
1385 1052 1596 1109 ‘'intenti,
1633 1070 1691 1098 ex
1729 1060 1842 1098 rotae

388 1131 478 1176 situ
528 1140 576 1176 et
617 1129 810 1175 volubili
859 1128 1027 1174 Smodo
1068 1129 1404 1191 rbythmulum
1445 1128 1545 1189 ejus
1587 1137 1634 1173 ct
1670 1137 1836 1174 tonum

387 1208 664 1270 designant3
702 1206 783 1269 qui
809 1215 854 1252 et
874 1205 1232 1252 decursionibus
1260 1218 1422 1269 aptum
1444 1205 1677 1267 judicant,
1697 1205 1839 1267 tquod

390 1285 438 1331 hi
463 1284 544 1347 qui
576 1284 621 1329 in
648 1283 771 1328 bello
804 1282 1033 1336 laborant,
1058 1283 1305 1345 unoticns
1339 1282 1535 1328 amissos
1560 1281 1746 1328 ordines
1771 1299 1842 1327 re-

388 1373 570 1425 parant,
608 1377 665 1406 cx
710 1360 852 1421 longo
894 1369 940 1404 et
981 1358 1192 1422 disperso
1235 1359 1435 1415 ambitu,
1473 1358 1519 1403 in
1564 1358 1750 1404 brevem
1795 1367 1841 1403 et

389 1447 569 1484 arctum
602 1436 813 1482 ordinem
850 1445 1098 1498 coguntur,
1124 1446 1235 1481 rotae
1275 1435 1455 1481 scilicet
1491 1433 1842 1480 Wsimilitudine

389 1533 437 1561 se
472 1514 771 1568 ventilantes,
797 1513 931 1575 cujus
965 1512 1075 1558 satis
1107 1512 1226 1557 latus
1263 1529 1314 1557 ac
1352 1511 1587 1556 breviatus
1626 1511 1842 1567 canthus,

389 1591 595 1637 radiatus
643 1589 905 1635 luminibus
947 1590 992 1634 in
1037 1597 1291 1651 angustum
1339 1587 1564 1633 xmodioli
1611 1588 1840 1633 circulum

334 1682 370 1713 16
390 1668 652 1714 cohibetur.
722 1667 872 1712 Aiunt
897 1667 1024 1712 hunc
1049 1666 1311 1711 trochaeum
1331 1665 1580 1709 Auruncos
1605 1665 1841 1710 yrotulum

390 1762 701 1807 nuncupasse,
728 1742 953 1789 nimirum
992 1743 1131 1789 simili
1170 1741 1349 1787 ratione
1374 1757 1467 1802 qua
1493 1740 1644 1786 Graeci
1671 1748 1721 1785 Za
1745 1748 1845 1785 rota

391 1820 590 1875 invitati,
622 1819 693 1864 vel
727 1819 910 1865 diversa
950 1819 1265 1883 appellatione
1301 1817 1534 1880 persuasi;
1574 1817 1700 1878 quod
1733 1833 1841 1863 cum

390 1897 537 1943 aciem
582 1896 923 1942 constituerent
959 1896 1151 1959 prolatis
1194 1894 1420 1958 apedibus
1464 1904 1595 1939 scuta
1642 1893 1845 1939 brachiis

390 1973 740 2037 protenderent,
766 1972 1091 2034 bbreviterque
1116 1971 1291 2018 dextris
1317 1970 1679 2016 succedentibus
1714 1970 1846 2035 pedi-

446 2161 476 2179 m
496 2154 629 2200 χορεῖον]
655 2165 766 2189 conon
787 2153 885 2189 Ven.
920 2154 1075 2188 Chorion
1103 2153 1301 2189 Santenius
1330 2152 1373 2188 ad
1403 2153 1554 2188 Terent.
1575 2152 1698 2187 Maur.
1725 2164 1760 2199 p.
1781 2160 1843 2197 71.

393 2214 457 2233 mm
478 2208 636 2242 Constat
656 2208 716 2253 ex]
741 2211 880 2242 constat
901 2211 934 2241 et
955 2206 998 2241 B.
1148 2213 1168 2231 n
1187 2208 1250 2241 ἀπὸ
1269 2211 1324 2241 τοῦ
1343 2206 1471 2253 τράχον]
1492 2210 1602 2253 apotu
1623 2204 1843 2251 epitrechon-

396 2266 451 2296 tas
472 2261 564 2306 legin
582 2261 711 2306 qnippe
731 2259 806 2305 ejus
827 2259 918 2295 A.B.
941 2260 1239 2294 &vrb—rotatione
1257 2272 1331 2294 om.
1355 2259 1449 2294 Ven.
1559 2264 1578 2283 o
1597 2257 1840 2303 Trocliaeum]

395 2314 586 2348 trochoeum
607 2315 713 2347 etiam
735 2313 829 2348 AB.
886 2312 979 2348 Bon
1001 2313 1094 2358 quod
1115 2313 1147 2346 in
1171 2312 1225 2347 his
1247 2312 1339 2347 Ven.
1517 2317 1536 2344 P
1557 2323 1599 2346 ex
1625 2310 1787 2358 impetu]
1811 2315 1845 2345 et

393 2369 527 2413 impetu
547 2366 642 2401 AB.
665 2366 758 2401 Ven.
924 2372 944 2398 q
962 2367 1051 2410 παρὰ
1066 2365 1102 2399 τὸ
1119 2362 1242 2410 τρέχειν
1262 2365 1333 2400 hoc
1353 2371 1410 2400 est
1429 2376 1449 2398 a
1468 2362 1671 2410 currendo]
1692 2376 1787 2410 para
1810 2368 1845 2398 to

395 2420 532 2455 trechin
550 2431 592 2454 ex
610 2420 770 2453 discursu
790 2418 883 2454 AB.
905 2422 939 2453 et
959 2418 1119 2452 discursu
1138 2417 1236 2453 Ven.
1418 2423 1432 2442 ¹·
1449 2416 1600 2462 intenti]
1624 2418 1779 2451 intuenti
1796 2417 1843 2452 A.

394 2470 489 2508 Ven.
511 2472 644 2507 inventi
663 2472 711 2507 B.
927 2476 941 2495 s
963 2477 1067 2505 motu
1089 2469 1302 2519 rhythmum
1325 2468 1403 2516 ejus
1423 2478 1461 2505 et
1480 2478 1611 2506 tonum
1633 2469 1842 2519 designant,

394 2525 481 2574 quia
499 2523 775 2570 decursoribus]
801 2525 904 2558 modo
933 2523 1113 2558 rithmulis
1142 2522 1216 2568 ejus
1242 2528 1276 2558 et
1303 2529 1425 2559 tonum
1446 2524 1629 2571 designent
1649 2525 1709 2570 qui
1733 2528 1767 2558 et
1785 2524 1843 2558 de-

395 2579 613 2615 cursionibus
632 2578 678 2613 A.
699 2585 739 2612 et
757 2576 832 2612 fere
851 2577 895 2612 B.
917 2577 1339 2612 modu—decursionibus
1358 2577 1454 2612 Ven.
1630 2576 1645 2602 t
1663 2576 1762 2624 quod
1783 2574 1839 2622 hi]

397 2633 450 2668 his
470 2633 514 2667 B.
536 2632 630 2678 quod
648 2632 674 2665 ii
688 2630 781 2666 Ven.
866 2636 885 2654 V
905 2628 1066 2677 quoties]
1091 2632 1254 2676 quotiens
1274 2632 1316 2665 A.
1391 2637 1420 2655 W
1440 2628 1682 2666 similitudine
1703 2628 1843 2665 eventi-

396 2684 524 2731 lantis]
556 2685 804 2720 similitudines
834 2684 1061 2718 evertilcmtes
1090 2684 1135 2718 A.
1170 2685 1382 2719 vertilantes
1410 2684 1458 2720 B.
1493 2684 1716 2719 evertilantis
1744 2683 1842 2718 Ven.

396 2746 416 2765 Χ
438 2736 607 2783 modioli]
630 2738 725 2772 modi
744 2737 786 2771 ob
807 2736 852 2772 B.
1016 2743 1035 2770 Y
1056 2736 1235 2783 rotulum]
1258 2739 1404 2773 rutilum
1426 2737 1524 2773 AB.
1544 2737 1642 2772 Ven.
1785 2741 1803 2760 Ζ
1824 2748 1845 2770 a

395 2792 545 2828 Troelio
565 2789 802 2836 nominandi]
830 2794 910 2824 rota
938 2791 1083 2825 invicati
1108 2792 1165 2825 vel
1189 2791 1328 2826 diversa
1348 2791 1391 2826 A.
1421 2803 1444 2826 α
1464 2795 1545 2825 rota
1575 2790 1717 2825 invitati
1735 2793 1770 2823 et
1789 2790 1843 2823 dc·-

396 2858 496 2881 versa
517 2845 563 2880 B.
586 2846 669 2892 quia
687 2844 819 2890 groecz'a
840 2844 907 2878 toti
927 2844 1118 2878 nuntiandi
1138 2843 1232 2879 Ven.
1399 2850 1418 2869 ἢ
1437 2841 1588 2892 vestigia
1610 2841 1783 2877 sisterent
1802 2854 1844 2876 ac

396 2911 472 2935 om.
491 2898 584 2934 AB.
603 2904 689 2946 post
704 2897 863 2944 pedibus.
963 2909 1006 2932 ac
1025 2908 1101 2932 om.
1122 2896 1217 2933 Ven.
1314 2894 1334 2922 b
1356 2895 1604 2945 breviterque]
1629 2895 1780 2931 breviter
1794 2895 1841 2930 B.
