1962 3355
111 215 216 245 CAP.
236 209 281 246 4.
343 198 475 247 Quot
499 213 554 242 ea:
578 193 814 257 dactylico
839 192 980 238 heroo
1005 197 1266 237 metrorum
1292 190 1374 253 ἅμ’.
1469 200 1559 247 149

111 320 206 374 Qui
245 327 431 367 constat
467 335 526 364 ex
563 314 791 380 spondeo,
830 313 1016 359 duobus
1057 311 1359 367 choriambis,
1393 310 1561 356 ultimo
1583 327 1618 357 13

112 397 285 452 iambo,
320 394 431 457 dqui
473 393 614 441 etiam
652 390 807 456 prima
846 389 1035 436 ademta
1077 389 1256 453 syllaba
1293 387 1564 434 Anacreon-

110 473 210 519 tion
235 472 380 529 dabit,
406 472 486 527 sic,

246 548 393 595 Saevz's
416 546 662 609 trepidant
685 544 886 590 carbasa
895 541 1124 608 flatibus.

113 643 194 671 seu
231 633 435 670 metrum
473 622 681 669 ionicum
719 619 967 666 claudente
999 618 1202 681 dactle.
1261 618 1423 664 Altera
1457 634 1566 663 vero

114 700 308 764 species,
334 701 413 755 ita,
439 716 548 746 cum
574 707 666 744 tres
693 704 802 742 sunt
827 694 1040 759 spondei,
1067 695 1292 759 anapaesti
1319 694 1430 750 duo,
1446 702 1567 740 tam-

114 793 275 838 quam,

253 851 297 898 O
302 850 602 915 fortunatus
626 849 786 895 desine
810 846 1068 894 llffenalz'os.

114 929 275 975 Tertia
312 939 489 985 autem,
514 944 622 974 cum
661 926 867 989 eprimus
904 934 975 970 est
1010 923 1240 987 dactyluS,
1264 921 1569 985 sequentibus
1592 937 1629 966 ¹4

117 1005 303 1051 duobus
331 1003 567 1067 spondeis,
593 1002 840 1066 anapaestis
865 1000 1049 1047 duobus
1070 1000 1117 1046 in
1143 999 1354 1046 clausula
1376 998 1571 1063 positis:

120 1091 185 1138 ut,

255 1145 423 1208 Crispe
445 1144 758 1208 Jugurtlzince
785 1142 998 1189 conditor
1021 1141 1243 1187 historice.

120 1233 372 1280 Memento
416 1250 526 1278 sane
565 1247 912 1292 nonnunquam
954 1229 1003 1274 in
1041 1228 1113 1274 his
1151 1237 1199 1273 et
1234 1227 1457 1289 quintum
1495 1227 1576 1273 tri-
1596 1240 1631 1272 15

121 1310 332 1372 brachyn
359 1308 563 1372 reperiri.
602 1307 693 1352 Sed
712 1306 815 1368 jam
837 1306 1020 1352 dictum
1045 1313 1116 1351 est
1139 1305 1197 1351 de
1222 1305 1404 1369 syllaba
1428 1305 1576 1362 finali,

122 1385 245 1431 unde
270 1402 389 1442 eam,
415 1393 467 1431 ut
491 1384 621 1440 velis,
646 1383 834 1447 accipe:
871 1382 1032 1436 veluti,

259 1462 438 1525 Tiphys
462 1468 506 1508 et
530 1461 839 1508 Automedon
864 1459 1019 1507 fdicar
1043 1459 1222 1506 amoris
1246 1476 1345 1522 ego.

120 1539 332 1587 Notandi
370 1557 480 1585 sane
515 1548 563 1585 et
595 1537 872 1601 hujusmodi
908 1555 1083 1596 versus,
1107 1537 1188 1600 qui
1221 1537 1497 1583 hexametro
1533 1544 1580 1582 et
1601 1544 1639 1575 16

120 1625 417 1680 pentametro
458 1615 609 1662 versui
658 1633 741 1679 per
785 1614 1098 1677 adjectionem
1143 1623 1191 1660 et
1236 1613 1577 1660 detractionem

121 1701 245 1757 gque
268 1692 463 1755 syllabae
488 1708 769 1737 communes
796 1699 919 1747 sunt,
943 1699 1208 1752 tamquam,

254 1769 323 1815 Et
343 1769 538 1832 genitor
563 1768 721 1814 divum
749 1784 865 1831 quos
889 1768 1115 1813 terminat
1144 1766 1381 1812 Oceanus.

126 1845 223 1905 Hic
247 1845 391 1900 enim,
411 1854 604 1908 accepta
622 1844 703 1890 hin
724 1844 895 1890 ultimo
920 1860 1011 1907 que
1028 1843 1226 1907 syllaba,
1246 1842 1579 1889 hexametrum
1604 1855 1640 1888 ¹7

124 1921 251 1977 facit,
277 1920 357 1976 sic,

257 2007 327 2053 Et
346 2008 541 2071 genitor
566 2007 724 2054 divum
748 2024 865 2070 quos
888 2006 1118 2053 terminat
1147 2005 1471 2068 Oceanusque.

125 2096 198 2140 Ac
222 2095 257 2140 si
284 2113 375 2140 una
402 2095 581 2158 syllaba
609 2094 765 2140 media
789 2103 896 2157 post
920 2093 1037 2140 duos
1056 2093 1200 2156 pedes
1220 2102 1266 2140 et
1290 2093 1581 2157 semipedem

126 2170 430 2227 idetrahatur,
454 2170 541 2217 erit
564 2180 874 2234 pentameter,
898 2170 977 2226 ita,

258 2256 332 2303 Et
351 2257 546 2320 genitor
571 2257 727 2305 clivum
748 2256 1002 2304 J'terminat
1031 2256 1266 2304 Oceanus.

128 2343 382 2408 Semipede
420 2345 546 2391 enim
591 2345 650 2391 ab
690 2345 968 2391 hexametro
1005 2344 1176 2402 minor,
1215 2363 1241 2391 a
1285 2352 1585 2408 pentametro

129 2422 278 2483 major
312 2432 398 2477 est,
434 2423 515 2484 qui
552 2441 578 2468 a
614 2421 791 2469 Graecis
828 2423 952 2468 inter
987 2421 1324 2485 quadratorum
1365 2438 1584 2468 versuum

129 2516 300 2561 genera
324 2508 614 2545 numeratur.

196 2576 254 2621 In
296 2575 563 2621 scandendo
603 2583 762 2621 autem
803 2582 1103 2637 pentametro
1150 2573 1367 2619 nonnulli
1410 2573 1587 2619 dissen-
1608 2581 1646 2611 18

129 2651 279 2706 tiunt3
316 2651 510 2715 quidam
542 2652 667 2698 enim
696 2668 806 2696 eum
833 2651 880 2696 in
905 2650 1001 2697 duo
1029 2650 1248 2697 dividunt
1272 2650 1389 2707 cola,
1414 2659 1461 2696 et
1487 2666 1589 2713 per-

185 2825 205 2854 (Ῑ
223 2826 339 2876 quod]
364 2826 426 2876 qni
447 2828 487 2862 P.
643 2833 659 2852 e
681 2827 838 2876 primus]
862 2826 1024 2876 primum
1046 2827 1087 2862 P.
1253 2824 1269 2851 f
1285 2825 1399 2870 dicar]
1423 2823 1525 2859 dicor
1544 2823 1586 2858 P.

132 2888 153 2916 g
173 2880 509 2930 quemadmodum]
534 2893 615 2930 quae
636 2880 678 2916 P.
794 2877 816 2906 h
837 2879 989 2927 ultimo]
1014 2880 1052 2915 in
1072 2878 1205 2915 ultimo
1225 2880 1267 2915 P.
1387 2875 1397 2902 i
1417 2875 1587 2913 detraha-

134 2936 212 2983 tur]
238 2933 405 2970 trahatur
423 2933 465 2970 P.
573 2930 584 2967 j
607 2932 798 2981 terminat]
819 2946 912 2983 quos
933 2932 1111 2969 terminat
1132 2933 1171 2968 P.
