<?xml version="1.0" encoding="UTF-8"?>
<!DOCTYPE html PUBLIC "-//W3C//DTD XHTML 1.0 Transitional//EN"
    "http://www.w3.org/TR/xhtml1/DTD/xhtml1-transitional.dtd">
<html xmlns="http://www.w3.org/1999/xhtml" xml:lang="en" lang="en">
 <head>
  <title>
</title>
<meta http-equiv="Content-Type" content="text/html;charset=utf-8" />
  <meta name='ocr-system' content='tesseract 3.04.00' />
  <meta name='ocr-capabilities' content='ocr_page ocr_carea ocr_par ocr_line ocrx_word'/>
</head>
<body>
  <div class='ocr_page' id='page_1' title='image "./scriptoreslatini00gaisuoft_0091.png"; bbox 0 0 1962 3355; ppageno 0'>
   <div class='ocr_carea' id='block_1_1' title="bbox 154 185 1606 246">
    <p class='ocr_par' dir='ltr' id='par_1_1' title="bbox 154 185 1606 246">
     <span class='ocr_line' id='line_1_1' title="bbox 154 185 1606 246; baseline 0.003 -15"><span class='ocrx_word' id='word_1_1' title='bbox 154 200 259 232; x_wconf 83' lang='lat' dir='ltr'><strong>CAP.</strong></span> <span class='ocrx_word' id='word_1_2' title='bbox 285 195 358 232; x_wconf 84' lang='lat'>14.</span> <span class='ocrx_word' id='word_1_3' title='bbox 767 185 850 231; x_wconf 83' lang='lat' dir='ltr'>De</span> <span class='ocrx_word' id='word_1_4' title='bbox 879 186 1053 232; x_wconf 79' lang='lat' dir='ltr'>Versu.</span> <span class='ocrx_word' id='word_1_5' title='bbox 1546 196 1606 246; x_wconf 90' lang='grc'>73</span> 
     </span>
    </p>
   </div>
   <div class='ocr_carea' id='block_1_2' title="bbox 147 306 1647 2277">
    <p class='ocr_par' dir='ltr' id='par_1_2' title="bbox 147 306 1647 2277">
     <span class='ocr_line' id='line_1_2' title="bbox 153 306 1611 371; baseline 0.001 -18"><span class='ocrx_word' id='word_1_6' title='bbox 153 324 493 369; x_wconf 87' lang='lat' dir='ltr'>nonnunquam</span> <span class='ocrx_word' id='word_1_7' title='bbox 535 306 863 352; x_wconf 89' lang='lat' dir='ltr'>hexametrum</span> <span class='ocrx_word' id='word_1_8' title='bbox 902 307 1180 371; x_wconf 89' lang='lat' dir='ltr'>procedunt,</span> <span class='ocrx_word' id='word_1_9' title='bbox 1205 309 1377 369; x_wconf 89' lang='lat' dir='ltr'>quibus</span> <span class='ocrx_word' id='word_1_10' title='bbox 1409 308 1467 354; x_wconf 85' lang='lat' dir='ltr'>de</span> <span class='ocrx_word' id='word_1_11' title='bbox 1495 308 1611 354; x_wconf 87' lang='lat' dir='ltr'>divi-</span> 
     </span>
     <span class='ocr_line' id='line_1_3' title="bbox 151 382 1611 445; baseline 0.002 -18"><span class='ocrx_word' id='word_1_12' title='bbox 151 382 280 428; x_wconf 86' lang='lat' dir='ltr'>sione</span> <span class='ocrx_word' id='word_1_13' title='bbox 317 400 370 429; x_wconf 90' lang='lat' dir='ltr'>ac</span> <span class='ocrx_word' id='word_1_14' title='bbox 407 382 652 429; x_wconf 85' lang='lat' dir='ltr'>scansione</span> <span class='ocrx_word' id='word_1_15' title='bbox 677 400 760 428; x_wconf 90' lang='lat' dir='ltr'>sua</span> <span class='ocrx_word' id='word_1_16' title='bbox 785 383 957 445; x_wconf 91' lang='lat' dir='ltr'>cuique</span> <span class='ocrx_word' id='word_1_17' title='bbox 987 401 1160 429; x_wconf 88' lang='lat' dir='ltr'>nomen</span> <span class='ocrx_word' id='word_1_18' title='bbox 1187 392 1272 438; x_wconf 88' lang='lat' dir='ltr'>est,</span> <span class='ocrx_word' id='word_1_19' title='bbox 1297 401 1414 445; x_wconf 91' lang='lat' dir='ltr'>quos</span> <span class='ocrx_word' id='word_1_20' title='bbox 1439 383 1611 430; x_wconf 82' lang='lat' dir='ltr'>Latine</span> 
     </span>
     <span class='ocr_line' id='line_1_4' title="bbox 150 458 1609 522; baseline 0.002 -18"><span class='ocrx_word' id='word_1_21' title='bbox 150 458 392 505; x_wconf 84' lang='lat' dir='ltr'>taxatione</span> <span class='ocrx_word' id='word_1_22' title='bbox 426 458 745 522; x_wconf 82' lang='lat' dir='ltr'>dsimplicium</span> <span class='ocrx_word' id='word_1_23' title='bbox 791 459 1011 514; x_wconf 82' lang='lat' dir='ltr'>senarios,</span> <span class='ocrx_word' id='word_1_24' title='bbox 1049 461 1302 517; x_wconf 76' lang='lat' dir='ltr'>trimetros,</span> <span class='ocrx_word' id='word_1_25' title='bbox 1343 462 1609 507; x_wconf 82' lang='lat' dir='ltr'>octonarios</span> 
     </span>
     <span class='ocr_line' id='line_1_5' title="bbox 150 536 1611 600; baseline 0.003 -21"><span class='ocrx_word' id='word_1_26' title='bbox 150 551 258 580; x_wconf 88' lang='lat' dir='ltr'>vero</span> <span class='ocrx_word' id='word_1_27' title='bbox 291 544 589 581; x_wconf 87' lang='lat' dir='ltr'>tetrametros</span> <span class='ocrx_word' id='word_1_28' title='bbox 624 544 927 591; x_wconf 89' lang='lat' dir='ltr'>vocaverunt,</span> <span class='ocrx_word' id='word_1_29' title='bbox 952 536 1143 581; x_wconf 87' lang='lat' dir='ltr'>abusive</span> <span class='ocrx_word' id='word_1_30' title='bbox 1175 537 1248 581; x_wconf 83' lang='lat' dir='ltr'>vel</span> <span class='ocrx_word' id='word_1_31' title='bbox 1287 536 1388 582; x_wconf 83' lang='lat' dir='ltr'>haec</span> <span class='ocrx_word' id='word_1_32' title='bbox 1421 538 1611 600; x_wconf 80' lang='lat' dir='ltr'>eappel-</span> 
     </span>
     <span class='ocr_line' id='line_1_6' title="bbox 149 610 1610 676; baseline 0.001 -20"><span class='ocrx_word' id='word_1_33' title='bbox 149 610 261 656; x_wconf 90' lang='lat' dir='ltr'>latio</span> <span class='ocrx_word' id='word_1_34' title='bbox 299 610 550 657; x_wconf 81' lang='lat' dir='ltr'>habebitur</span> <span class='ocrx_word' id='word_1_35' title='bbox 587 628 694 656; x_wconf 90' lang='lat' dir='ltr'>cum</span> <span class='ocrx_word' id='word_1_36' title='bbox 734 610 933 658; x_wconf 85' lang='lat' dir='ltr'>fsincera</span> <span class='ocrx_word' id='word_1_37' title='bbox 959 620 1006 657; x_wconf 89' lang='lat' dir='ltr'>et</span> <span class='ocrx_word' id='word_1_38' title='bbox 1036 612 1225 676; x_wconf 88' lang='lat' dir='ltr'>propria</span> <span class='ocrx_word' id='word_1_39' title='bbox 1261 612 1610 675; x_wconf 82' lang='lat' dir='ltr'>significatione</span> 
     </span>
     <span class='ocr_line' id='line_1_7' title="bbox 150 687 1645 752; baseline 0.001 -19"><span class='ocrx_word' id='word_1_40' title='bbox 150 688 441 734; x_wconf 86' lang='lat' dir='ltr'>Graecorum.</span> <span class='ocrx_word' id='word_1_41' title='bbox 511 687 686 733; x_wconf 85' lang='lat' dir='ltr'>Versus</span> <span class='ocrx_word' id='word_1_42' title='bbox 713 687 903 733; x_wconf 86' lang='lat' dir='ltr'>Herous</span> <span class='ocrx_word' id='word_1_43' title='bbox 942 689 1216 734; x_wconf 79' lang='lat' dir='ltr'>hexameter</span> <span class='ocrx_word' id='word_1_44' title='bbox 1250 688 1382 752; x_wconf 87' lang='lat' dir='ltr'>Epos</span> <span class='ocrx_word' id='word_1_45' title='bbox 1413 688 1645 740; x_wconf 73' lang='lat' dir='ltr'>dicatur.4</span> 
     </span>
     <span class='ocr_line' id='line_1_8' title="bbox 148 762 1610 826; baseline 0.002 -18"><span class='ocrx_word' id='word_1_46' title='bbox 148 762 291 826; x_wconf 90' lang='lat' dir='ltr'>Apud</span> <span class='ocrx_word' id='word_1_47' title='bbox 330 780 413 808; x_wconf 92' lang='lat' dir='ltr'>nos</span> <span class='ocrx_word' id='word_1_48' title='bbox 451 771 608 809; x_wconf 90' lang='lat' dir='ltr'>autem</span> <span class='ocrx_word' id='word_1_49' title='bbox 635 781 795 810; x_wconf 86' lang='lat' dir='ltr'>versus</span> <span class='ocrx_word' id='word_1_50' title='bbox 820 764 975 811; x_wconf 89' lang='lat' dir='ltr'>dictus</span> <span class='ocrx_word' id='word_1_51' title='bbox 1009 773 1080 810; x_wconf 88' lang='lat' dir='ltr'>est</span> <span class='ocrx_word' id='word_1_52' title='bbox 1113 782 1138 810; x_wconf 91' lang='lat' dir='ltr'>a</span> <span class='ocrx_word' id='word_1_53' title='bbox 1163 765 1377 822; x_wconf 90' lang='lat' dir='ltr'>versuris,</span> <span class='ocrx_word' id='word_1_54' title='bbox 1403 765 1449 811; x_wconf 92' lang='lat' dir='ltr'>id</span> <span class='ocrx_word' id='word_1_55' title='bbox 1475 774 1559 822; x_wconf 85' lang='lat' dir='ltr'>est,</span> <span class='ocrx_word' id='word_1_56' title='bbox 1585 783 1610 811; x_wconf 92' lang='lat' dir='ltr'>a</span> 
     </span>
     <span class='ocr_line' id='line_1_9' title="bbox 148 840 1645 905; baseline 0.001 -20"><span class='ocrx_word' id='word_1_57' title='bbox 148 840 346 903; x_wconf 88' lang='lat' dir='ltr'>repetita</span> <span class='ocrx_word' id='word_1_58' title='bbox 371 840 601 903; x_wconf 86' lang='lat' dir='ltr'>scriptura</span> <span class='ocrx_word' id='word_1_59' title='bbox 627 848 718 887; x_wconf 75' lang='lat' dir='ltr'>gex</span> <span class='ocrx_word' id='word_1_60' title='bbox 743 859 795 887; x_wconf 89' lang='lat' dir='ltr'>ea</span> <span class='ocrx_word' id='word_1_61' title='bbox 821 850 954 905; x_wconf 86' lang='lat' dir='ltr'>parte</span> <span class='ocrx_word' id='word_1_62' title='bbox 977 842 1024 887; x_wconf 90' lang='lat' dir='ltr'>in</span> <span class='ocrx_word' id='word_1_63' title='bbox 1053 859 1196 903; x_wconf 88' lang='lat' dir='ltr'>quam</span> <span class='ocrx_word' id='word_1_64' title='bbox 1217 841 1402 887; x_wconf 90' lang='lat' dir='ltr'>desinit.</span> <span class='ocrx_word' id='word_1_65' title='bbox 1440 842 1608 888; x_wconf 79' lang='lat' dir='ltr'>Primis</span> <span class='ocrx_word' id='word_1_66' title='bbox 1630 859 1645 886; x_wconf 74' lang='lat'><em>5</em></span> 
     </span>
     <span class='ocr_line' id='line_1_10' title="bbox 149 916 1610 980; baseline 0.002 -19"><span class='ocrx_word' id='word_1_67' title='bbox 149 916 273 961; x_wconf 89' lang='lat' dir='ltr'>enim</span> <span class='ocrx_word' id='word_1_68' title='bbox 303 916 612 979; x_wconf 81' lang='lat' dir='ltr'>temporibus,</span> <span class='ocrx_word' id='word_1_69' title='bbox 632 916 755 963; x_wconf 90' lang='lat' dir='ltr'>sicut</span> <span class='ocrx_word' id='word_1_70' title='bbox 773 918 967 980; x_wconf 90' lang='lat' dir='ltr'>quidam</span> <span class='ocrx_word' id='word_1_71' title='bbox 989 926 1215 974; x_wconf 88' lang='lat' dir='ltr'>asserunt,</span> <span class='ocrx_word' id='word_1_72' title='bbox 1241 918 1307 963; x_wconf 87' lang='lat' dir='ltr'>sic</span> <span class='ocrx_word' id='word_1_73' title='bbox 1332 918 1455 964; x_wconf 85' lang='lat' dir='ltr'>soliti</span> <span class='ocrx_word' id='word_1_74' title='bbox 1478 928 1610 965; x_wconf 86' lang='lat' dir='ltr'>eraut</span> 
     </span>
     <span class='ocr_line' id='line_1_11' title="bbox 149 992 1610 1058; baseline 0.002 -21"><span class='ocrx_word' id='word_1_75' title='bbox 149 992 367 1049; x_wconf 85' lang='lat' dir='ltr'>scribere,</span> <span class='ocrx_word' id='word_1_76' title='bbox 393 1002 445 1039; x_wconf 87' lang='lat' dir='ltr'>ut</span> <span class='ocrx_word' id='word_1_77' title='bbox 469 1010 580 1038; x_wconf 90' lang='lat' dir='ltr'>cum</span> <span class='ocrx_word' id='word_1_78' title='bbox 606 1011 631 1039; x_wconf 84' lang='lat' dir='ltr'>a</span> <span class='ocrx_word' id='word_1_79' title='bbox 656 994 843 1040; x_wconf 86' lang='lat' dir='ltr'>sinistra</span> <span class='ocrx_word' id='word_1_80' title='bbox 868 1004 998 1058; x_wconf 84' lang='lat' dir='ltr'>parte</span> <span class='ocrx_word' id='word_1_81' title='bbox 1033 994 1221 1039; x_wconf 89' lang='lat' dir='ltr'>initium</span> <span class='ocrx_word' id='word_1_82' title='bbox 1253 994 1405 1040; x_wconf 81' lang='lat' dir='ltr'>facere</span> <span class='ocrx_word' id='word_1_83' title='bbox 1438 995 1610 1058; x_wconf 84' lang='lat' dir='ltr'>coepis-</span> 
     </span>
     <span class='ocr_line' id='line_1_12' title="bbox 150 1069 1609 1132; baseline 0.001 -17"><span class='ocrx_word' id='word_1_84' title='bbox 150 1079 268 1126; x_wconf 84' lang='lat' dir='ltr'>sent,</span> <span class='ocrx_word' id='word_1_85' title='bbox 301 1078 347 1116; x_wconf 83' lang='lat' dir='ltr'>et</span> <span class='ocrx_word' id='word_1_86' title='bbox 385 1069 635 1116; x_wconf 84' lang='lat' dir='ltr'>duxissent</span> <span class='ocrx_word' id='word_1_87' title='bbox 676 1070 731 1116; x_wconf 88' lang='lat' dir='ltr'>ad</span> <span class='ocrx_word' id='word_1_88' title='bbox 765 1070 997 1127; x_wconf 82' lang='lat' dir='ltr'>dextram,</span> <span class='ocrx_word' id='word_1_89' title='bbox 1039 1078 1314 1132; x_wconf 88' lang='lat' dir='ltr'>sequentem</span> <span class='ocrx_word' id='word_1_90' title='bbox 1355 1088 1542 1116; x_wconf 90' lang='lat' dir='ltr'>versum</span> <span class='ocrx_word' id='word_1_91' title='bbox 1585 1089 1609 1116; x_wconf 89' lang='lat' dir='ltr'>a</span> 
     </span>
     <span class='ocr_line' id='line_1_13' title="bbox 148 1144 1608 1209; baseline 0.001 -18"><span class='ocrx_word' id='word_1_92' title='bbox 148 1144 314 1191; x_wconf 87' lang='lat' dir='ltr'>dextra</span> <span class='ocrx_word' id='word_1_93' title='bbox 361 1154 492 1209; x_wconf 87' lang='lat' dir='ltr'>parte</span> <span class='ocrx_word' id='word_1_94' title='bbox 539 1146 830 1203; x_wconf 84' lang='lat' dir='ltr'>inchoantes,</span> <span class='ocrx_word' id='word_1_95' title='bbox 878 1146 936 1192; x_wconf 89' lang='lat' dir='ltr'>ad</span> <span class='ocrx_word' id='word_1_96' title='bbox 984 1146 1218 1191; x_wconf 86' lang='lat' dir='ltr'>sinistram</span> <span class='ocrx_word' id='word_1_97' title='bbox 1269 1145 1608 1209; x_wconf 85' lang='lat' dir='ltr'>perducerent:</span> 
     </span>
     <span class='ocr_line' id='line_1_14' title="bbox 148 1220 1611 1283; baseline 0.001 -17"><span class='ocrx_word' id='word_1_98' title='bbox 148 1238 290 1283; x_wconf 88' lang='lat' dir='ltr'>quem</span> <span class='ocrx_word' id='word_1_99' title='bbox 319 1238 497 1266; x_wconf 88' lang='lat' dir='ltr'>morem</span> <span class='ocrx_word' id='word_1_100' title='bbox 531 1220 691 1266; x_wconf 88' lang='lat' dir='ltr'>ferunt</span> <span class='ocrx_word' id='word_1_101' title='bbox 716 1220 952 1266; x_wconf 88' lang='lat' dir='ltr'>custodire</span> <span class='ocrx_word' id='word_1_102' title='bbox 979 1220 1133 1266; x_wconf 87' lang='lat' dir='ltr'>adhuc</span> <span class='ocrx_word' id='word_1_103' title='bbox 1160 1221 1206 1265; x_wconf 90' lang='lat' dir='ltr'>in</span> <span class='ocrx_word' id='word_1_104' title='bbox 1233 1221 1327 1265; x_wconf 91' lang='lat' dir='ltr'>suis</span> <span class='ocrx_word' id='word_1_105' title='bbox 1353 1221 1448 1267; x_wconf 89' lang='lat' dir='ltr'>liris</span> <span class='ocrx_word' id='word_1_106' title='bbox 1474 1222 1611 1267; x_wconf 90' lang='lat' dir='ltr'>rusti-</span> 
     </span>
     <span class='ocr_line' id='line_1_15' title="bbox 148 1296 1647 1360; baseline 0.001 -17"><span class='ocrx_word' id='word_1_107' title='bbox 148 1314 241 1343; x_wconf 89' lang='lat' dir='ltr'>cos.</span> <span class='ocrx_word' id='word_1_108' title='bbox 312 1296 423 1342; x_wconf 86' lang='lat' dir='ltr'>Hoc</span> <span class='ocrx_word' id='word_1_109' title='bbox 449 1305 607 1342; x_wconf 85' lang='lat' dir='ltr'>autern</span> <span class='ocrx_word' id='word_1_110' title='bbox 647 1314 795 1359; x_wconf 83' lang='lat' dir='ltr'>genus</span> <span class='ocrx_word' id='word_1_111' title='bbox 832 1296 1075 1360; x_wconf 84' lang='lat' dir='ltr'>scripturae</span> <span class='ocrx_word' id='word_1_112' title='bbox 1104 1297 1325 1343; x_wconf 87' lang='lat' dir='ltr'>dicebant</span> <span class='ocrx_word' id='word_1_113' title='bbox 1351 1296 1611 1344; x_wconf 89' lang='lat' dir='ltr'>hBoustro-</span> <span class='ocrx_word' id='word_1_114' title='bbox 1629 1316 1647 1346; x_wconf 86' lang='lat'><strong>6</strong></span> 
     </span>
     <span class='ocr_line' id='line_1_16' title="bbox 147 1371 1609 1436; baseline 0.001 -18"><span class='ocrx_word' id='word_1_115' title='bbox 147 1371 341 1436; x_wconf 87' lang='lat' dir='ltr'>phedon</span> <span class='ocrx_word' id='word_1_116' title='bbox 367 1390 393 1418; x_wconf 85' lang='lat' dir='ltr'>a</span> <span class='ocrx_word' id='word_1_117' title='bbox 419 1373 560 1419; x_wconf 92' lang='lat' dir='ltr'>boum</span> <span class='ocrx_word' id='word_1_118' title='bbox 589 1373 867 1428; x_wconf 87' lang='lat' dir='ltr'>versatione,</span> <span class='ocrx_word' id='word_1_119' title='bbox 892 1373 1017 1419; x_wconf 89' lang='lat' dir='ltr'>unde</span> <span class='ocrx_word' id='word_1_120' title='bbox 1044 1373 1200 1419; x_wconf 85' lang='lat' dir='ltr'>adhuc</span> <span class='ocrx_word' id='word_1_121' title='bbox 1234 1373 1280 1419; x_wconf 89' lang='lat' dir='ltr'>in</span> <span class='ocrx_word' id='word_1_122' title='bbox 1316 1374 1504 1431; x_wconf 90' lang='lat' dir='ltr'>arando,</span> <span class='ocrx_word' id='word_1_123' title='bbox 1529 1375 1609 1420; x_wconf 90' lang='lat' dir='ltr'>ubi</span> 
     </span>
     <span class='ocr_line' id='line_1_17' title="bbox 147 1448 1609 1513; baseline 0.001 -19"><span class='ocrx_word' id='word_1_124' title='bbox 147 1448 322 1495; x_wconf 87' lang='lat' dir='ltr'>desinit</span> <span class='ocrx_word' id='word_1_125' title='bbox 348 1449 504 1495; x_wconf 90' lang='lat' dir='ltr'>sulcus</span> <span class='ocrx_word' id='word_1_126' title='bbox 529 1459 577 1496; x_wconf 91' lang='lat' dir='ltr'>et</span> <span class='ocrx_word' id='word_1_127' title='bbox 601 1449 727 1495; x_wconf 91' lang='lat' dir='ltr'>unde</span> <span class='ocrx_word' id='word_1_128' title='bbox 764 1449 880 1495; x_wconf 91' lang='lat' dir='ltr'>alter</span> <span class='ocrx_word' id='word_1_129' title='bbox 904 1449 1167 1504; x_wconf 86' lang='lat' dir='ltr'>inchoatur,</span> <span class='ocrx_word' id='word_1_130' title='bbox 1194 1466 1394 1495; x_wconf 77' lang='lat' dir='ltr'>versura</span> <span class='ocrx_word' id='word_1_131' title='bbox 1418 1450 1609 1513; x_wconf 86' lang='lat' dir='ltr'>proprio</span> 
     </span>
     <span class='ocr_line' id='line_1_18' title="bbox 147 1526 1645 1590; baseline 0 -18"><span class='ocrx_word' id='word_1_132' title='bbox 147 1527 380 1572; x_wconf 91' lang='lat' dir='ltr'>vocabulo</span> <span class='ocrx_word' id='word_1_133' title='bbox 416 1535 730 1590; x_wconf 87' lang='lat' dir='ltr'>nuncupatur.</span> <span class='ocrx_word' id='word_1_134' title='bbox 801 1526 974 1573; x_wconf 89' lang='lat' dir='ltr'>Omnis</span> <span class='ocrx_word' id='word_1_135' title='bbox 1011 1535 1171 1573; x_wconf 88' lang='lat' dir='ltr'>autem</span> <span class='ocrx_word' id='word_1_136' title='bbox 1202 1544 1360 1573; x_wconf 87' lang='lat' dir='ltr'>versus</span> <span class='ocrx_word' id='word_1_137' title='bbox 1398 1528 1456 1573; x_wconf 90' lang='lat' dir='ltr'>ab</span> <span class='ocrx_word' id='word_1_138' title='bbox 1492 1528 1645 1577; x_wconf 79' lang='lat' dir='ltr'>inte-7</span> 
     </span>
     <span class='ocr_line' id='line_1_19' title="bbox 147 1603 1610 1667; baseline 0.001 -19"><span class='ocrx_word' id='word_1_139' title='bbox 147 1620 230 1666; x_wconf 84' lang='lat' dir='ltr'>gra</span> <span class='ocrx_word' id='word_1_140' title='bbox 254 1612 386 1665; x_wconf 88' lang='lat' dir='ltr'>parte</span> <span class='ocrx_word' id='word_1_141' title='bbox 410 1603 634 1649; x_wconf 87' lang='lat' dir='ltr'>orationis</span> <span class='ocrx_word' id='word_1_142' title='bbox 673 1603 857 1667; x_wconf 89' lang='lat' dir='ltr'>incipit,</span> <span class='ocrx_word' id='word_1_143' title='bbox 883 1612 929 1649; x_wconf 90' lang='lat' dir='ltr'>et</span> <span class='ocrx_word' id='word_1_144' title='bbox 962 1603 1008 1649; x_wconf 89' lang='lat' dir='ltr'>in</span> <span class='ocrx_word' id='word_1_145' title='bbox 1047 1603 1282 1666; x_wconf 79' lang='lat' dir='ltr'>integram</span> <span class='ocrx_word' id='word_1_146' title='bbox 1314 1603 1502 1660; x_wconf 87' lang='lat' dir='ltr'>desinit,</span> <span class='ocrx_word' id='word_1_147' title='bbox 1527 1621 1610 1650; x_wconf 78' lang='lat' dir='ltr'>ex—</span> 
     </span>
     <span class='ocr_line' id='line_1_20' title="bbox 148 1678 1611 1743; baseline 0 -17"><span class='ocrx_word' id='word_1_148' title='bbox 148 1680 298 1743; x_wconf 86' lang='lat' dir='ltr'>ceptis</span> <span class='ocrx_word' id='word_1_149' title='bbox 338 1680 426 1737; x_wconf 88' lang='lat' dir='ltr'>his,</span> <span class='ocrx_word' id='word_1_150' title='bbox 464 1679 592 1742; x_wconf 78' lang='lat' dir='ltr'>iquae</span> <span class='ocrx_word' id='word_1_151' title='bbox 636 1680 683 1726; x_wconf 92' lang='lat' dir='ltr'>in</span> <span class='ocrx_word' id='word_1_152' title='bbox 732 1678 982 1725; x_wconf 88' lang='lat' dir='ltr'>comoediis</span> <span class='ocrx_word' id='word_1_153' title='bbox 1012 1678 1288 1741; x_wconf 87' lang='lat' dir='ltr'>joculariter</span> <span class='ocrx_word' id='word_1_154' title='bbox 1330 1679 1471 1737; x_wconf 88' lang='lat' dir='ltr'>dicta,</span> <span class='ocrx_word' id='word_1_155' title='bbox 1510 1698 1611 1726; x_wconf 88' lang='lat' dir='ltr'>cor-</span> 
     </span>
     <span class='ocr_line' id='line_1_21' title="bbox 147 1756 1609 1820; baseline -0.001 -17"><span class='ocrx_word' id='word_1_156' title='bbox 147 1765 286 1820; x_wconf 87' lang='lat' dir='ltr'>rupta</span> <span class='ocrx_word' id='word_1_157' title='bbox 311 1766 391 1803; x_wconf 92' lang='lat' dir='ltr'>aut</span> <span class='ocrx_word' id='word_1_158' title='bbox 411 1756 673 1820; x_wconf 88' lang='lat' dir='ltr'>semiplena</span> <span class='ocrx_word' id='word_1_159' title='bbox 697 1756 968 1813; x_wconf 82' lang='lat' dir='ltr'>efferuntur,</span> <span class='ocrx_word' id='word_1_160' title='bbox 991 1765 1071 1802; x_wconf 89' lang='lat' dir='ltr'>aut</span> <span class='ocrx_word' id='word_1_161' title='bbox 1090 1773 1193 1818; x_wconf 83' lang='lat' dir='ltr'>quae</span> <span class='ocrx_word' id='word_1_162' title='bbox 1220 1774 1320 1802; x_wconf 86' lang='lat' dir='ltr'>raro</span> <span class='ocrx_word' id='word_1_163' title='bbox 1353 1756 1476 1819; x_wconf 86' lang='lat' dir='ltr'>apud</span> <span class='ocrx_word' id='word_1_164' title='bbox 1511 1757 1609 1820; x_wconf 88' lang='lat' dir='ltr'>epi-</span> 
     </span>
     <span class='ocr_line' id='line_1_22' title="bbox 148 1832 1561 1895; baseline 0 -17"><span class='ocrx_word' id='word_1_165' title='bbox 148 1850 226 1878; x_wconf 90' lang='lat' dir='ltr'>cos</span> <span class='ocrx_word' id='word_1_166' title='bbox 253 1832 391 1879; x_wconf 89' lang='lat' dir='ltr'>metri</span> <span class='ocrx_word' id='word_1_167' title='bbox 418 1832 698 1879; x_wconf 87' lang='lat' dir='ltr'>necessitate</span> <span class='ocrx_word' id='word_1_168' title='bbox 723 1832 1024 1878; x_wconf 85' lang='lat' dir='ltr'>dividuntur:</span> <span class='ocrx_word' id='word_1_169' title='bbox 1063 1841 1115 1878; x_wconf 93' lang='lat' dir='ltr'>ut</span> <span class='ocrx_word' id='word_1_170' title='bbox 1140 1832 1263 1894; x_wconf 87' lang='lat' dir='ltr'>apud</span> <span class='ocrx_word' id='word_1_171' title='bbox 1291 1832 1561 1895; x_wconf 87' lang='lat' dir='ltr'>Virgilium,</span> 
     </span>
     <span class='ocr_line' id='line_1_23' title="bbox 415 1907 1061 1971; baseline -0.003 -15"><span class='ocrx_word' id='word_1_172' title='bbox 415 1909 606 1971; x_wconf 79' lang='lat' dir='ltr'>Septem</span> <span class='ocrx_word' id='word_1_173' title='bbox 631 1907 847 1969; x_wconf 74' lang='lat' dir='ltr'>subjecta</span> <span class='ocrx_word' id='word_1_174' title='bbox 873 1907 1061 1954; x_wconf 65' lang='grc' dir='ltr'>ιςἰνὶοηί.</span> 
     </span>
     <span class='ocr_line' id='line_1_24' title="bbox 150 1984 1645 2048; baseline 0 -17"><span class='ocrx_word' id='word_1_175' title='bbox 150 1985 252 2031; x_wconf 84' lang='lat' dir='ltr'>Pari</span> <span class='ocrx_word' id='word_1_176' title='bbox 291 1986 472 2031; x_wconf 87' lang='lat' dir='ltr'>ratione</span> <span class='ocrx_word' id='word_1_177' title='bbox 505 1985 551 2031; x_wconf 88' lang='lat' dir='ltr'>in</span> <span class='ocrx_word' id='word_1_178' title='bbox 582 2003 715 2031; x_wconf 89' lang='lat' dir='ltr'>versu</span> <span class='ocrx_word' id='word_1_179' title='bbox 742 1994 788 2030; x_wconf 86' lang='lat' dir='ltr'>et</span> <span class='ocrx_word' id='word_1_180' title='bbox 810 1985 1040 2048; x_wconf 90' lang='lat' dir='ltr'>Apocope</span> <span class='ocrx_word' id='word_1_181' title='bbox 1075 1993 1310 2047; x_wconf 65' lang='lat' dir='ltr'>praecepta</span> <span class='ocrx_word' id='word_1_182' title='bbox 1335 1993 1419 2040; x_wconf 88' lang='lat' dir='ltr'>est,</span> <span class='ocrx_word' id='word_1_183' title='bbox 1446 1984 1492 2030; x_wconf 91' lang='lat' dir='ltr'>id</span> <span class='ocrx_word' id='word_1_184' title='bbox 1524 1994 1608 2041; x_wconf 88' lang='lat' dir='ltr'>est,</span> <span class='ocrx_word' id='word_1_185' title='bbox 1627 2005 1645 2035; x_wconf 84' lang='lat'>8</span> 
     </span>
     <span class='ocr_line' id='line_1_25' title="bbox 149 2060 1609 2124; baseline 0 -17"><span class='ocrx_word' id='word_1_186' title='bbox 149 2061 407 2108; x_wconf 86' lang='lat' dir='ltr'>subtractio</span> <span class='ocrx_word' id='word_1_187' title='bbox 443 2061 635 2124; x_wconf 83' lang='lat' dir='ltr'>syllabae</span> <span class='ocrx_word' id='word_1_188' title='bbox 673 2061 1036 2124; x_wconf 85' lang='lat' dir='ltr'>syllabarumve,</span> <span class='ocrx_word' id='word_1_189' title='bbox 1074 2060 1329 2122; x_wconf 82' lang='lat' dir='ltr'>cujuslibet</span> <span class='ocrx_word' id='word_1_190' title='bbox 1370 2061 1609 2119; x_wconf 89' lang='lat' dir='ltr'>orationis,</span> 
     </span>
     <span class='ocr_line' id='line_1_26' title="bbox 149 2136 1609 2200; baseline 0.001 -17"><span class='ocrx_word' id='word_1_191' title='bbox 149 2146 300 2183; x_wconf 87' lang='lat' dir='ltr'>metro</span> <span class='ocrx_word' id='word_1_192' title='bbox 324 2147 523 2200; x_wconf 84' lang='lat' dir='ltr'>cogente</span> <span class='ocrx_word' id='word_1_193' title='bbox 547 2137 686 2193; x_wconf 88' lang='lat' dir='ltr'>facta,</span> <span class='ocrx_word' id='word_1_194' title='bbox 705 2154 813 2199; x_wconf 87' lang='lat' dir='ltr'>quae</span> <span class='ocrx_word' id='word_1_195' title='bbox 840 2137 937 2183; x_wconf 89' lang='lat' dir='ltr'>sive</span> <span class='ocrx_word' id='word_1_196' title='bbox 962 2137 1010 2183; x_wconf 91' lang='lat' dir='ltr'>in</span> <span class='ocrx_word' id='word_1_197' title='bbox 1035 2137 1193 2194; x_wconf 88' lang='lat' dir='ltr'>verbo,</span> <span class='ocrx_word' id='word_1_198' title='bbox 1219 2136 1315 2183; x_wconf 90' lang='lat' dir='ltr'>sive</span> <span class='ocrx_word' id='word_1_199' title='bbox 1342 2137 1388 2183; x_wconf 90' lang='lat' dir='ltr'>in</span> <span class='ocrx_word' id='word_1_200' title='bbox 1415 2138 1609 2184; x_wconf 89' lang='lat' dir='ltr'>nomine</span> 
     </span>
     <span class='ocr_line' id='line_1_27' title="bbox 148 2213 1498 2277; baseline -0.001 -17"><span class='ocrx_word' id='word_1_201' title='bbox 148 2213 384 2270; x_wconf 89' lang='lat' dir='ltr'>acciderit,</span> <span class='ocrx_word' id='word_1_202' title='bbox 410 2231 495 2277; x_wconf 92' lang='lat' dir='ltr'>pro</span> <span class='ocrx_word' id='word_1_203' title='bbox 520 2214 703 2276; x_wconf 84' lang='lat' dir='ltr'>integra</span> <span class='ocrx_word' id='word_1_204' title='bbox 727 2222 860 2277; x_wconf 92' lang='lat' dir='ltr'>parte</span> <span class='ocrx_word' id='word_1_205' title='bbox 884 2213 1108 2259; x_wconf 87' lang='lat' dir='ltr'>orationis</span> <span class='ocrx_word' id='word_1_206' title='bbox 1135 2213 1407 2276; x_wconf 86' lang='lat' dir='ltr'>accipietur,</span> <span class='ocrx_word' id='word_1_207' title='bbox 1433 2222 1498 2267; x_wconf 82' lang='lat' dir='ltr'>ut,</span> 
     </span>
    </p>
   </div>
   <div class='ocr_carea' id='block_1_3' title="bbox 147 2348 1604 2508">
    <p class='ocr_par' dir='ltr' id='par_1_3' title="bbox 147 2348 1604 2508">
     <span class='ocr_line' id='line_1_28' title="bbox 200 2348 1604 2403; baseline 0.001 -17"><span class='ocrx_word' id='word_1_208' title='bbox 200 2348 220 2377; x_wconf 76' lang='lat' dir='ltr'>d</span> <span class='ocrx_word' id='word_1_209' title='bbox 249 2350 494 2400; x_wconf 83' lang='lat' dir='ltr'>simplicium]</span> <span class='ocrx_word' id='word_1_210' title='bbox 531 2351 742 2402; x_wconf 81' lang='lat' dir='ltr'>simplicum</span> <span class='ocrx_word' id='word_1_211' title='bbox 775 2353 814 2388; x_wconf 89' lang='lat' dir='ltr'>P.</span> <span class='ocrx_word' id='word_1_212' title='bbox 980 2359 995 2378; x_wconf 85' lang='lat' dir='ltr'>e</span> <span class='ocrx_word' id='word_1_213' title='bbox 1025 2353 1244 2403; x_wconf 74' lang='lat' dir='ltr'>appellatio]</span> <span class='ocrx_word' id='word_1_214' title='bbox 1284 2352 1534 2403; x_wconf 83' lang='lat' dir='ltr'>appellatione</span> <span class='ocrx_word' id='word_1_215' title='bbox 1566 2354 1604 2389; x_wconf 89' lang='lat' dir='ltr'>P.</span> 
     </span>
     <span class='ocr_line' id='line_1_29' title="bbox 147 2402 1604 2456; baseline 0.001 -16"><span class='ocrx_word' id='word_1_216' title='bbox 147 2402 163 2429; x_wconf 83' lang='lat' dir='ltr'><strong>f</strong></span> <span class='ocrx_word' id='word_1_217' title='bbox 179 2405 346 2453; x_wconf 87' lang='lat' dir='ltr'>syncere]</span> <span class='ocrx_word' id='word_1_218' title='bbox 370 2403 512 2441; x_wconf 76' lang='lat' dir='ltr'>sincera</span> <span class='ocrx_word' id='word_1_219' title='bbox 531 2405 571 2441; x_wconf 87' lang='lat' dir='ltr'>P.</span> <span class='ocrx_word' id='word_1_220' title='bbox 682 2413 702 2440; x_wconf 83' lang='lat' dir='ltr'>g</span> <span class='ocrx_word' id='word_1_221' title='bbox 722 2419 765 2443; x_wconf 87' lang='lat' dir='ltr'>ea</span> <span class='ocrx_word' id='word_1_222' title='bbox 785 2407 846 2453; x_wconf 86' lang='lat' dir='ltr'>ex]</span> <span class='ocrx_word' id='word_1_223' title='bbox 872 2419 915 2441; x_wconf 83' lang='lat' dir='ltr'>ex</span> <span class='ocrx_word' id='word_1_224' title='bbox 935 2419 977 2442; x_wconf 87' lang='lat' dir='ltr'>ea</span> <span class='ocrx_word' id='word_1_225' title='bbox 999 2407 1038 2441; x_wconf 85' lang='lat' dir='ltr'>P.</span> <span class='ocrx_word' id='word_1_226' title='bbox 1127 2405 1148 2432; x_wconf 90' lang='lat' dir='ltr'>h</span> <span class='ocrx_word' id='word_1_227' title='bbox 1169 2407 1425 2456; x_wconf 83' lang='lat' dir='ltr'>Bustropben]</span> <span class='ocrx_word' id='word_1_228' title='bbox 1451 2407 1604 2442; x_wconf 90' lang='lat' dir='ltr'>Bostro-</span> 
     </span>
     <span class='ocr_line' id='line_1_30' title="bbox 147 2457 1603 2508; baseline 0.002 -15"><span class='ocrx_word' id='word_1_229' title='bbox 147 2457 247 2506; x_wconf 88' lang='lat' dir='ltr'>phen</span> <span class='ocrx_word' id='word_1_230' title='bbox 269 2458 308 2494; x_wconf 88' lang='lat' dir='ltr'>P.</span> <span class='ocrx_word' id='word_1_231' title='bbox 358 2458 673 2507; x_wconf 85' lang='lat' dir='ltr'>Boustrophedon</span> <span class='ocrx_word' id='word_1_232' title='bbox 696 2458 878 2495; x_wconf 85' lang='lat' dir='ltr'>Valesius.</span> <span class='ocrx_word' id='word_1_233' title='bbox 1044 2457 1054 2486; x_wconf 78' lang='grc' dir='ltr'><strong>ἱ</strong></span> <span class='ocrx_word' id='word_1_234' title='bbox 1085 2460 1184 2508; x_wconf 85' lang='lat' dir='ltr'>quae]</span> <span class='ocrx_word' id='word_1_235' title='bbox 1220 2459 1280 2508; x_wconf 87' lang='lat' dir='ltr'>qui</span> <span class='ocrx_word' id='word_1_236' title='bbox 1302 2461 1340 2495; x_wconf 93' lang='lat' dir='ltr'>P.</span> <span class='ocrx_word' id='word_1_237' title='bbox 1371 2468 1409 2496; x_wconf 86' lang='lat' dir='ltr'>et</span> <span class='ocrx_word' id='word_1_238' title='bbox 1432 2459 1484 2496; x_wconf 85' lang='lat' dir='ltr'>sic</span> <span class='ocrx_word' id='word_1_239' title='bbox 1505 2472 1603 2496; x_wconf 78' lang='lat' dir='ltr'>mOX.</span> 
     </span>
    </p>
   </div>
   <div class='ocr_carea' id='block_1_4' title="bbox 147 2508 558 2558">
    <p class='ocr_par' dir='ltr' id='par_1_4' title="bbox 147 2508 558 2558">
     <span class='ocr_line' id='line_1_31' title="bbox 147 2508 558 2558; baseline 0.005 -12"><span class='ocrx_word' id='word_1_240' title='bbox 147 2508 168 2536; x_wconf 86' lang='lat' dir='ltr'>k</span> <span class='ocrx_word' id='word_1_241' title='bbox 189 2510 336 2558; x_wconf 89' lang='lat' dir='ltr'>Trioni]</span> <span class='ocrx_word' id='word_1_242' title='bbox 360 2511 498 2548; x_wconf 85' lang='lat' dir='ltr'>Trione</span> <span class='ocrx_word' id='word_1_243' title='bbox 518 2512 558 2548; x_wconf 91' lang='lat' dir='ltr'>P.</span> 
     </span>
    </p>
   </div>
   <div class='ocr_carea' id='block_1_5' title="bbox 148 2637 1605 2951">
    <p class='ocr_par' dir='ltr' id='par_1_5' title="bbox 148 2637 1605 2951">
     <span class='ocr_line' id='line_1_32' title="bbox 201 2637 1605 2690; baseline 0.004 -19"><span class='ocrx_word' id='word_1_244' title='bbox 201 2647 236 2684; x_wconf 85' lang='lat'>5.</span> <span class='ocrx_word' id='word_1_245' title='bbox 271 2638 346 2672; x_wconf 77' lang='lat' dir='ltr'>liris</span> <span class='ocrx_word' id='word_1_246' title='bbox 380 2649 446 2686; x_wconf 85' lang='lat' dir='ltr'>pro</span> <span class='ocrx_word' id='word_1_247' title='bbox 479 2638 609 2672; x_wconf 70' lang='lat' dir='ltr'>litteris</span> <span class='ocrx_word' id='word_1_248' title='bbox 639 2649 711 2673; x_wconf 86' lang='lat' dir='ltr'>em.</span> <span class='ocrx_word' id='word_1_249' title='bbox 736 2637 846 2674; x_wconf 83' lang='lat' dir='ltr'>Vale·</span> <span class='ocrx_word' id='word_1_250' title='bbox 905 2637 998 2681; x_wconf 83' lang='lat' dir='ltr'>talis,</span> <span class='ocrx_word' id='word_1_251' title='bbox 1021 2646 1060 2674; x_wconf 76' lang='lat' dir='ltr'>ut,</span> <span class='ocrx_word' id='word_1_252' title='bbox 1080 2651 1101 2675; x_wconf 88' lang='lat' dir='ltr'>a</span> <span class='ocrx_word' id='word_1_253' title='bbox 1121 2639 1192 2676; x_wconf 87' lang='lat' dir='ltr'>fine</span> <span class='ocrx_word' id='word_1_254' title='bbox 1209 2643 1387 2690; x_wconf 85' lang='lat' dir='ltr'>cujusque</span> <span class='ocrx_word' id='word_1_255' title='bbox 1408 2653 1529 2677; x_wconf 86' lang='lat' dir='ltr'>versus</span> <span class='ocrx_word' id='word_1_256' title='bbox 1550 2639 1605 2676; x_wconf 80' lang='lat' dir='ltr'>in-</span> 
     </span>
     <span class='ocr_line' id='line_1_33' title="bbox 148 2690 1605 2742; baseline 0.002 -16"><span class='ocrx_word' id='word_1_257' title='bbox 148 2690 223 2726; x_wconf 89' lang='lat' dir='ltr'>sius</span> <span class='ocrx_word' id='word_1_258' title='bbox 245 2690 289 2725; x_wconf 90' lang='lat' dir='ltr'>ad</span> <span class='ocrx_word' id='word_1_259' title='bbox 313 2690 538 2738; x_wconf 87' lang='lat' dir='ltr'>Harpocrat.</span> <span class='ocrx_word' id='word_1_260' title='bbox 559 2703 593 2739; x_wconf 92' lang='lat' dir='ltr'>p.</span> <span class='ocrx_word' id='word_1_261' title='bbox 613 2690 807 2738; x_wconf 84' lang='lat'>138=56.</span> <span class='ocrx_word' id='word_1_262' title='bbox 903 2690 1088 2740; x_wconf 85' lang='lat' dir='ltr'>ciperetur</span> <span class='ocrx_word' id='word_1_263' title='bbox 1103 2692 1294 2729; x_wconf 84' lang='lat' dir='ltr'>exordium</span> <span class='ocrx_word' id='word_1_264' title='bbox 1312 2692 1472 2737; x_wconf 88' lang='lat' dir='ltr'>alterius,</span> <span class='ocrx_word' id='word_1_265' title='bbox 1495 2702 1605 2742; x_wconf 88' lang='lat' dir='ltr'>atque</span> 
     </span>
     <span class='ocr_line' id='line_1_34' title="bbox 201 2743 1604 2795; baseline 0.002 -17"><span class='ocrx_word' id='word_1_266' title='bbox 201 2743 238 2779; x_wconf 91' lang='lat'>6.</span> <span class='ocrx_word' id='word_1_267' title='bbox 298 2743 554 2792; x_wconf 84' lang='lat' dir='ltr'>Bustrophen]</span> <span class='ocrx_word' id='word_1_268' title='bbox 617 2745 850 2792; x_wconf 70' lang='grc' dir='ltr'>βουστροφηδὲν</span> <span class='ocrx_word' id='word_1_269' title='bbox 905 2743 956 2780; x_wconf 86' lang='lat' dir='ltr'>ita</span> <span class='ocrx_word' id='word_1_270' title='bbox 977 2754 1190 2789; x_wconf 85' lang='lat' dir='ltr'>recurreret,</span> <span class='ocrx_word' id='word_1_271' title='bbox 1208 2754 1385 2795; x_wconf 84' lang='lat' dir='ltr'>tanquam</span> <span class='ocrx_word' id='word_1_272' title='bbox 1400 2747 1522 2795; x_wconf 84' lang='lat' dir='ltr'>spacia</span> <span class='ocrx_word' id='word_1_273' title='bbox 1538 2747 1604 2782; x_wconf 90' lang='lat' dir='ltr'>du-</span> 
     </span>
     <span class='ocr_line' id='line_1_35' title="bbox 148 2795 1603 2847; baseline 0.002 -16"><span class='ocrx_word' id='word_1_274' title='bbox 148 2795 366 2845; x_wconf 81' lang='lat' dir='ltr'>scripturam</span> <span class='ocrx_word' id='word_1_275' title='bbox 415 2805 599 2832; x_wconf 83' lang='lat' dir='ltr'>exaratam</span> <span class='ocrx_word' id='word_1_276' title='bbox 648 2796 847 2833; x_wconf 82' lang='lat' dir='ltr'>Pausanias</span> <span class='ocrx_word' id='word_1_277' title='bbox 902 2796 1036 2846; x_wconf 87' lang='lat' dir='ltr'>plicata</span> <span class='ocrx_word' id='word_1_278' title='bbox 1066 2811 1148 2847; x_wconf 88' lang='lat' dir='ltr'>quae</span> <span class='ocrx_word' id='word_1_279' title='bbox 1179 2807 1281 2840; x_wconf 88' lang='lat' dir='ltr'>sunt,</span> <span class='ocrx_word' id='word_1_280' title='bbox 1311 2807 1352 2835; x_wconf 84' lang='lat' dir='ltr'>ut</span> <span class='ocrx_word' id='word_1_281' title='bbox 1382 2798 1502 2835; x_wconf 85' lang='lat' dir='ltr'>Graeci</span> <span class='ocrx_word' id='word_1_282' title='bbox 1535 2811 1603 2834; x_wconf 93' lang='lat' dir='ltr'>vo-</span> 
     </span>
     <span class='ocr_line' id='line_1_36' title="bbox 148 2848 1384 2892; baseline 0.002 -8"><span class='ocrx_word' id='word_1_283' title='bbox 148 2857 420 2885; x_wconf 85' lang='lat' dir='ltr'>commemorat</span> <span class='ocrx_word' id='word_1_284' title='bbox 447 2848 560 2885; x_wconf 85' lang='lat' dir='ltr'>fuisse</span> <span class='ocrx_word' id='word_1_285' title='bbox 579 2849 616 2885; x_wconf 89' lang='lat' dir='ltr'>in</span> <span class='ocrx_word' id='word_1_286' title='bbox 639 2862 722 2886; x_wconf 87' lang='lat' dir='ltr'>arca</span> <span class='ocrx_word' id='word_1_287' title='bbox 741 2849 846 2886; x_wconf 88' lang='lat' dir='ltr'>aedri-</span> <span class='ocrx_word' id='word_1_288' title='bbox 901 2858 1002 2892; x_wconf 81' lang='lat' dir='ltr'>cant,</span> <span class='ocrx_word' id='word_1_289' title='bbox 1018 2854 1155 2887; x_wconf 58' lang='grc' dir='ltr'>διαύλου.</span> <span class='ocrx_word' id='word_1_290' title='bbox 1187 2853 1384 2888; x_wconf 78' lang='lat' dir='ltr'>CAMER.</span> 
     </span>
     <span class='ocr_line' id='line_1_37' title="bbox 150 2901 849 2951; baseline 0.003 -14"><span class='ocrx_word' id='word_1_291' title='bbox 150 2915 196 2937; x_wconf 86' lang='lat' dir='ltr'>na</span> <span class='ocrx_word' id='word_1_292' title='bbox 216 2902 361 2951; x_wconf 87' lang='lat' dir='ltr'>Cypseli</span> <span class='ocrx_word' id='word_1_293' title='bbox 392 2901 559 2938; x_wconf 84' lang='lat' dir='ltr'>heliacon</span> <span class='ocrx_word' id='word_1_294' title='bbox 581 2905 627 2944; x_wconf 85' lang='grc' dir='ltr'>α’,</span> <span class='ocrx_word' id='word_1_295' title='bbox 648 2916 730 2951; x_wconf 81' lang='lat' dir='ltr'>quae</span> <span class='ocrx_word' id='word_1_296' title='bbox 750 2912 849 2939; x_wconf 87' lang='lat' dir='ltr'>esset</span> 
     </span>
    </p>
   </div>
   <div class='ocr_carea' id='block_1_6' title="bbox 965 2983 993 3012">
    <p class='ocr_par' dir='ltr' id='par_1_6' title="bbox 965 2983 993 3012">
     <span class='ocr_line' id='line_1_38' title="bbox 965 2983 993 3012; baseline 0 0"><span class='ocrx_word' id='word_1_297' title='bbox 965 2983 993 3012; x_wconf 94' lang='lat' dir='ltr'>L</span> 
     </span>
    </p>
   </div>
  </div>
 </body>
</html>
