1962 3355
129 224 235 256 CAP.
256 219 297 257 5.
687 203 770 248 De
796 201 1021 264 Syllabis.
1513 206 1575 256 37

291 327 398 374 Nec
422 332 527 372 erat
551 324 679 371 alma
698 340 880 386 parens
898 341 912 368 .·

289 403 396 449 Nec
420 403 491 448 ait
508 420 522 447 :

127 479 332 542 speciem
375 495 507 523 suam
548 493 708 523 versus
746 473 938 530 amittit,
973 489 1083 518 cum
1118 487 1252 532 aeque
1287 477 1333 515 et
1369 469 1491 514 hanc
1532 477 1579 515 et

126 554 256 600 illam
283 553 514 616 syllabam
541 559 726 597 constet
749 566 848 595 esse
874 556 1125 610 correptas.
1192 545 1322 608 Ergo
1357 544 1448 590 illae
1482 561 1577 589 non
1597 560 1639 594 49

126 629 232 675 ideo
255 629 407 691 longae
432 629 569 683 fiunt,
592 625 718 688 quod
744 642 849 688 pars
874 623 1098 669 orationis
1123 622 1300 679 finitur,
1326 630 1380 667 ut
1409 629 1580 684 putant

125 704 333 767 plurimi,
359 721 467 749 nam
496 702 621 748 idem
649 710 696 746 et
726 700 773 745 in
801 701 888 746 hac
914 699 1034 745 effici
1068 707 1242 763 posset,
1268 697 1363 752 sed,
1387 706 1442 743 ut
1465 697 1580 754 dixi,

125 781 170 826 in
198 779 559 844 pronominibus
586 794 609 823 c
633 777 786 823 littera
811 793 978 822 sonum
1007 783 1024 804 e
1040 775 1184 821 efficit
1219 774 1509 831 crassiorem,
1533 784 1580 820 et

125 865 340 902 naturam
382 856 399 901 ἰ
435 855 604 900 litterae
654 853 776 898 inter
821 852 1005 898 vocales
1047 851 1229 914 positae,
1270 868 1323 897 ac
1363 868 1447 914 per
1488 850 1578 897 hoc

126 949 293 978 sonum
338 930 624 995 geminantis
666 929 892 985 imitatur,
914 929 1087 990 quibus
1127 926 1294 990 primae
1334 927 1579 989 potestatis

125 1009 336 1071 quinque
367 1007 550 1053 vocales
586 1005 848 1051 fexsistunt
872 1022 902 1050 α
928 1021 951 1050 e
975 1004 992 1049 ἱ
1015 1020 1040 1049 ο
1064 1020 1111 1059 u,
1135 1019 1242 1064 quae
1277 1002 1468 1065 gemina
1491 1003 1582 1048 vir-

124 1093 226 1130 tute
251 1093 522 1146 temporum
560 1081 769 1144 praeditae
793 1080 906 1125 dum
939 1079 1257 1142 corripiuntur
1288 1089 1367 1126 aut
1405 1096 1582 1125 acuun-

125 1169 201 1205 tur
226 1160 388 1222 longas
414 1168 460 1204 et
497 1159 658 1203 breves
694 1157 897 1220 syllabas
930 1155 1089 1200 metris
1123 1162 1362 1217 praestant.
1434 1154 1579 1200 Unde
1600 1171 1642 1201 50

125 1253 202 1281 eas
237 1243 261 1274 g
277 1234 402 1280 haud
436 1233 675 1279 immerito
704 1231 850 1277 nostri
892 1229 1142 1275 hauctores
1168 1230 1418 1276 dichronas
1448 1229 1458 1259 ³
1475 1248 1582 1293 pro-

124 1309 418 1366 nuntiarunt,
448 1326 599 1371 eoque
634 1308 702 1364 fit,
733 1315 787 1352 ut
827 1305 1006 1352 Graecis
1042 1304 1337 1362 kvocalibus,
1362 1305 1580 1367 quamvis

124 1403 323 1432 numero
348 1385 604 1438 inferiores,
629 1390 862 1447 potestate
885 1390 1046 1427 tamen
1072 1398 1128 1427 ex
1162 1398 1297 1443 aequo
1329 1381 1581 1445 responde-

125 1471 219 1509 ant.
285 1461 459 1508 Omnis
485 1470 642 1507 autem
678 1460 859 1523 syllaba
884 1475 991 1505 cum
1019 1466 1232 1521 correpta
1256 1458 1300 1503 in
1329 1476 1376 1503 se
1404 1458 1579 1504 vocalis
1600 1472 1637 1502 51

125 1548 194 1584 est
217 1539 356 1584 unius
381 1537 625 1601 temporis,
649 1553 757 1582 cum
796 1534 1027 1598 producta
1061 1534 1263 1580 duorum
1300 1534 1473 1597 accipit
1496 1552 1581 1598 po-

125 1623 359 1660 testatem.
443 1614 656 1673 Tempus
698 1621 856 1658 autem
906 1621 976 1657 est
1022 1610 1254 1674 1spatium
1304 1627 1450 1657 morae
1496 1628 1582 1671 per

125 1690 250 1752 quod
277 1691 457 1754 syllaba
480 1691 622 1753 longa
645 1688 934 1745 extenditur,
959 1688 1112 1734 brevis
1137 1705 1246 1733 vero
1271 1687 1580 1734 contrahitur.

127 1766 237 1829 Ipsa
273 1775 496 1829 praeterea
530 1766 705 1812 vocalis
738 1783 821 1828 per
857 1783 919 1822 se,
943 1765 989 1810 id
1016 1774 1101 1819 est,
1125 1765 1225 1810 sine
1261 1765 1484 1811 societate
1514 1774 1581 1811 at·
1601 1787 1640 1818 52

126 1860 216 1904 que
241 1842 532 1889 adminiculo
563 1841 879 1898 consonantis,
904 1840 1032 1886 vocis
1065 1840 1345 1886 orationisve
1371 1841 1582 1903 qualibet

127 1927 258 1980 parte
282 1918 535 1981 completa,
562 1917 753 1963 abusive
779 1917 962 1980 syllaba
986 1926 1019 1946 ¹¹¹
1035 1926 1352 1979 nuncupatur.

192 1995 248 2040 In
275 2011 305 2040 a
324 1994 496 2049 littera,

521 2069 572 2115 A
598 2069 737 2133 virgo
762 2067 947 2133 infelix.

127 2135 184 2182 In
212 2153 250 2190 e,

259 2212 313 2257 E
333 2217 469 2258 terra
491 2228 722 2275 magnum
748 2211 953 2258 alterius
975 2217 1195 2272 spectare
1219 2210 1444 2257 laborem.

127 2278 184 2324 In
210 2278 243 2334 i,

259 2354 293 2399 Ι
309 2370 435 2399 mmo
457 2354 668 2417 ingratis
692 2352 816 2418 (ffir
840 2359 885 2399 te
909 2352 1052 2398 irrise
1071 2351 1283 2414 periclis.

128 2431 182 2475 In
209 2447 249 2486 0,

263 2504 309 2551 Ο
331 2505 449 2551 mihi
464 2505 736 2567 praeteritos
757 2503 943 2568 referat
967 2505 1010 2551 εἰ
1032 2505 1265 2568 Juppiter
1289 2521 1452 2551 armos.

128 2602 222 2648 nIn
257 2620 304 2660 u,
341 2603 533 2649 affectus
572 2603 927 2666 ingemiscentis
967 2621 1047 2650 seu
1083 2603 1332 2666 ⁰ejulantis
1369 2620 1582 2667 personae
1601 2626 1644 2656 53

182 2768 198 2788 e
217 2761 347 2809 efficit]
370 2759 451 2798 effiE
477 2762 524 2799 P.
647 2761 662 2789 f
678 2763 862 2811 existunt]
884 2763 1066 2801 exsistunt
1085 2765 1124 2800 P.
1249 2771 1271 2799 g
1290 2764 1407 2811 haud]
1433 2765 1522 2800 haut
1542 2764 1582 2799 P.

126 2813 147 2840 h
167 2815 356 2861 authores]
379 2823 549 2851 auctores
569 2816 612 2851 P.
706 2815 713 2837 i
736 2816 1049 2866 pronunciarunt]
1073 2816 1362 2866 pronuntiarunt
1381 2818 1421 2853 P.
1478 2815 1499 2842 k
1521 2829 1583 2851 vo-

128 2867 285 2914 calibus]
308 2867 497 2904 vocabulis
513 2869 554 2904 P.
625 2867 636 2895 1
655 2869 839 2919 spacium]
865 2870 1024 2920 spatium
1046 2871 1086 2906 P.
1155 2877 1186 2896 m
1207 2870 1461 2918 nuncupatur]
1487 2881 1582 2904 nun-

129 2927 265 2969 cupata
283 2920 325 2956 P.
402 2927 422 2946 n
443 2921 614 2971 affectus]
638 2921 675 2958 in
696 2937 719 2959 ιι
740 2923 892 2960 affectus
913 2925 952 2960 P.
1027 2930 1046 2949 o
1066 2922 1256 2972 ejulantis]
1280 2922 1350 2959 heu
1366 2920 1522 2972 Julantis
1542 2921 1581 2956 P.
