1962 3355
365 214 454 251 140
867 202 1025 249 Marii
1053 201 1299 249 Victorini
1609 215 1706 246 LIB.
1733 214 1807 245 111.

359 325 484 373 haud
510 326 646 373 facile
669 324 965 388 copulantur.
1019 323 1108 369 Est
1131 323 1256 369 enirn
1284 321 1630 383 conjunctionis
1657 337 1808 384 genus

359 402 500 448 nimis
536 402 754 448 scabrum
792 410 932 462 atque
964 417 1198 463 asperum,
1225 409 1276 446 ut
1302 408 1412 444 sunt
1438 397 1591 443 ionica
1620 396 1696 442 ἀπὸ
1720 394 1811 457 μεί-

360 486 460 536 ζονος
482 496 589 525 curn
616 477 846 531 iambicis,
867 477 936 523 vel
958 477 1192 540 dactylica
1212 492 1320 521 curn
1347 472 1597 519 trochaicis
1624 489 1812 535 semper

359 554 681 600 dissentientia
705 553 826 598 inter
846 570 893 598 se
920 562 1059 615 atque
1085 550 1401 605 abhorrentia,
1426 548 1553 594 unde
1578 556 1624 593 et
1643 545 1812 609 ἀσυνάρ-

359 653 464 688 τητα
488 649 512 676 a
540 630 732 684 Graecis,
760 629 803 674 id
831 638 901 675 est
927 630 1197 681 inconnexa,
1224 625 1545 689 appellantur:
1583 631 1637 669 ut
1661 632 1745 677 est,

494 708 680 754 Beatus
704 706 787 752 ille
807 706 887 769 qui
910 705 1107 752 fvacans
1130 710 1283 750 mente
1303 702 1420 749 vivit
1444 702 1649 764 integra.

324 784 490 830 6Nam
528 783 819 845 compositus
855 792 1049 845 apparet
1080 797 1238 826 versus
1271 796 1329 824 ex
1367 777 1570 823 dimetro
1606 776 1810 822 iambico

363 859 618 905 acatalecto
651 867 697 903 et
726 857 928 902 dimetro
953 856 1194 902 trochaico
1219 854 1493 901 catalectico
1526 872 1585 900 ex
1617 853 1811 899 diversis

361 943 408 979 et
432 932 672 979 contrariis
709 932 1120 994 amplexionibus:
1160 931 1207 977 hi
1245 931 1391 986 enim,
1418 929 1604 976 etiamsi
1641 946 1811 993 genere

362 1015 645 1071 congruunt,
688 1008 844 1070 specie
885 1017 1044 1053 tamen
1087 1007 1369 1071 discrepant.
1442 1006 1564 1052 Item
1603 1023 1662 1052 ex
1704 1023 1814 1052 ana-

361 1096 508 1150 paesto
548 1084 805 1131 acatalecto
845 1093 891 1130 et
939 1084 1143 1130 iambico
1186 1084 1389 1130 dimetro
1430 1082 1720 1140 catalectico,
1761 1091 1812 1128 ut

361 1172 446 1219 est,

417 1239 509 1294 Age
528 1251 639 1277 nunc
658 1238 822 1278 comites
842 1238 1001 1277 rabiclae
1025 1237 1193 1293 Cybeles
1215 1243 1362 1278 vocant
1381 1237 1523 1277 choros
1543 1236 1599 1276 ad
1618 1250 1734 1276 aras.

326 1329 341 1361 7
362 1310 604 1373 Intellegis
628 1310 786 1371 igitur,
802 1319 943 1372 atque
970 1310 1069 1372 ipso
1090 1328 1229 1356 sensu
1249 1309 1606 1355 abhorrentium
1627 1309 1809 1355 aurium

361 1388 578 1452 percipis,
612 1387 707 1433 duo
743 1397 1004 1433 metrorum
1047 1387 1149 1433 cola
1187 1385 1464 1432 dissidentia
1506 1386 1627 1431 inter
1663 1403 1710 1431 se
1750 1385 1814 1430 ita

362 1464 634 1526 confragose
660 1472 801 1525 atque
830 1480 990 1526 aspere
1025 1463 1171 1508 coisse
1198 1463 1244 1508 in
1272 1462 1504 1508 unitatem
1531 1461 1815 1508 gconnexio-

362 1557 582 1602 nemque,
613 1549 664 1585 ut
701 1539 940 1603 superiora
976 1537 1116 1585 l¹lcnc
1149 1557 1202 1586 ac
1237 1539 1473 1601 liquidum
1512 1555 1811 1601 nequaquam

362 1616 637 1664 convenisse
673 1616 949 1662 ivideantur.
1022 1616 1145 1662 Item
1185 1616 1220 1661 si
1248 1625 1472 1678 quattuor
1496 1614 1696 1678 dactylis
1722 1624 1814 1660 tres

362 1694 608 1749 trochaeos,
651 1692 806 1754 kquod
848 1703 1019 1738 vocant
1067 1692 1455 1755 ithypliallicuin,
1488 1692 1678 1755 jungaS,
1727 1691 1815 1737 erit

360 1769 638 1832 ἀσυνάρτητον,
664 1778 715 1814 ut
740 1778 809 1814 est
837 1768 966 1824 illud,

367 1847 499 1892 Tunc
524 1852 569 1892 et
593 1845 768 1892 amoris
793 1863 925 1891 amor
948 1846 1078 1891 venit
1103 1845 1345 1907 improbus
1370 1845 1528 1909 aliger
1555 1844 1753 1907 Cupido,

362 1923 594 1968 Praeterea
618 1939 700 1985 per
727 1922 978 1967 mixtiones
1000 1922 1227 1978 colorum,
1246 1921 1292 1967 id
1314 1932 1386 1968 est
1405 1923 1748 1978 membrorum,
1767 1922 1813 1967 in

363 2000 524 2045 metris
549 1998 912 2062 lquadripartita
938 2008 1035 2044 cst:
1073 2007 1154 2044 aut
1189 2015 1246 2044 ex
1274 1998 1461 2045 duobus
1501 1998 1615 2045 colis
1641 1998 1817 2061 imper-

363 2075 497 2121 fectis
522 2074 847 2129 conciliantur,
864 2085 943 2121 aut
962 2075 1148 2121 duobus
1168 2075 1403 2138 perfectis,
1430 2085 1511 2122 aut
1529 2092 1587 2120 ex
1606 2074 1816 2138 perfecto

364 2161 411 2198 et
436 2152 727 2214 imperfectQ
754 2162 833 2197 aut
859 2163 1035 2209 contra,
1060 2153 1105 2199 id
1141 2162 1212 2198 est
1237 2169 1294 2197 ex
1339 2151 1618 2214 imperfecto
1643 2159 1689 2196 et
1714 2167 1817 2213 per-

365 2228 503 2284 fecto,
527 2227 653 2289 quod
678 2228 940 2289 ἀσυνάρτητον
967 2230 1309 2292 appellavimus
1340 2238 1560 2285 metrum,
1584 2228 1722 2290 quale
1746 2236 1818 2273 est

365 2320 423 2349 ex
448 2303 651 2349 iambico
676 2302 878 2349 dimetro
902 2306 1177 2352 catalectico
1203 2314 1249 2352 et
1276 2304 1594 2369 ithyphallico
1620 2321 1817 2367 compo-

367 2388 508 2425 S1tum
536 2387 617 2433 lta,

498 2454 661 2500 Jubar
683 2472 887 2516 superne
892 2454 1105 2520 fulgida
1132 2457 1257 2504 lucet
1282 2474 1393 2503 arce
1417 2457 1529 2503 eceli.

330 2550 350 2582 9
367 2531 467 2577 Aut
490 2539 667 2587 contra,
691 2547 748 2575 ex
772 2532 1010 2579 trochaico
1034 2534 1237 2580 dimetro
1263 2534 1521 2580 acatalecto
1546 2542 1592 2579 et
1611 2532 1818 2579 iambico

368 2608 570 2654 dimetro
595 2606 883 2663 catalectico,
908 2609 1050 2665 velut,

422 2764 438 2792 f
454 2765 609 2815 vagans]
632 2777 766 2800 vacans
788 2765 826 2800 P.
1055 2773 1075 2800 g
1095 2768 1388 2814 connexionum]
1411 2767 1759 2814 connexionemque
1780 2767 1818 2801 P.

368 2818 390 2846 h
410 2819 493 2855 lene
514 2831 555 2854 ac
573 2817 776 2866 liquidum]
798 2818 920 2853 lenem
942 2830 982 2853 ac
1002 2818 1178 2866 liquidam
1201 2820 1239 2854 P.
1323 2818 1333 2845 i
1355 2820 1564 2866 videantur]
1589 2819 1759 2855 videntur
1780 2820 1819 2854 P.

369 2871 389 2898 k
419 2872 538 2921 quod]
574 2883 666 2920 quos
693 2871 732 2906 P.
899 2869 909 2895 1
939 2871 1203 2920 quadripartita
1223 2885 1242 2908 e
1263 2873 1281 2894 *
1303 2874 1364 2919 ex]
1399 2872 1667 2922 quadripertita
1687 2880 1742 2908 est
1758 2880 1821 2908 ant

369 2939 416 2962 ex
435 2926 476 2962 P.
