1962 3355
333 299 351 328 8

313 1531 351 1552 10

312 1836 345 1856 11

373 170 468 217 460
975 174 1223 222 Diomedis
1623 190 1719 220 LIB.
1746 190 1821 221 111.

736 295 820 342 De
844 295 1051 342 ablativo
1076 313 1187 342 casu
1212 295 1469 358 singulari.

439 388 615 436 Omnia
641 391 837 437 nomina
863 382 1006 438 trium
1033 409 1259 455 generum
1287 392 1491 438 ablativo
1523 410 1631 439 casu
1666 394 1825 456 singu-

371 465 470 520 lari,
509 466 720 529 quinque
758 468 997 513 vocalibus
1041 468 1187 521 finita,
1228 467 1566 530 producuntur.
1636 469 1711 515 Ex
1752 469 1822 515 his

370 559 479 588 vero
512 560 536 589 e
566 544 720 589 littera
756 552 852 588 tarn
892 542 1142 605 corripitur
1176 560 1317 605 quam
1338 600 1341 601 ⁷
1362 544 1652 607 producitur.
1721 546 1825 593 nEt

371 618 499 681 prius
538 619 730 680 quidem
771 619 863 664 sic:
908 618 1185 674 masculina,
1223 620 1281 665 ab
1318 619 1408 666 hoc
1445 630 1651 667 oratore:
1689 621 1824 667 femi-

371 695 497 751 nina,
524 704 590 748 ut,
617 695 674 739 ab
715 694 803 740 hac
838 696 1056 740 Junone:
1095 704 1277 754 neutra,
1305 705 1400 751 ⁰ut,
1438 698 1496 743 ab
1531 698 1623 744 hoc
1657 698 1821 744 sidere.

371 770 606 816 Posterius
639 788 748 816 vero
784 770 877 824 sic;
915 771 1192 827 masculina,
1227 782 1292 830 ut,
1329 774 1387 819 ab
1427 774 1516 820 hoc
1550 774 1650 820 die:
1689 775 1824 820 femi-

370 846 497 901 nina,
523 855 590 900 ut,
618 847 675 891 ab
714 846 803 892 hac
841 864 904 903 re,
930 856 975 892 et
1006 847 1190 894 similia.
1260 848 1500 896 Neutrum
1536 851 1662 896 enim
1699 851 1774 896 Pin
1801 868 1825 896 e

370 921 523 967 littera
547 921 793 985 producta,
821 932 1082 969 memorato
1108 942 1233 981 casu,
1260 926 1475 972 qnullum
1504 927 1800 973 terminatur.

718 1053 800 1099 De
824 1054 1113 1101 nominativo
1138 1071 1252 1101 casu
1271 1055 1475 1117 plurali.

435 1151 612 1198 Omnia
637 1153 832 1199 nomina
857 1171 968 1200 casu
994 1154 1287 1201 nominativo
1308 1156 1494 1219 plurali,
1515 1165 1612 1203 tam
1641 1173 1825 1203 mascu-

368 1228 462 1274 lina
510 1246 652 1290 quam
701 1230 945 1284 feminina,
994 1249 1278 1294 quacunque
1320 1233 1500 1296 syllaba
1542 1233 1825 1279 rterminata

368 1304 706 1367 producuntur,
733 1307 943 1369 exceptis
977 1307 1073 1353 Shis
1099 1326 1203 1370 quae
1230 1309 1396 1355 Graeca
1430 1319 1554 1367 sunt,
1579 1319 1631 1356 ut
1661 1310 1823 1366 Tmes,

368 1381 622 1443 tPhryges,
649 1381 934 1445 Delphines

763 1512 848 1559 De
868 1513 1088 1577 genetivo
1114 1531 1226 1560 casu
1246 1514 1445 1577 plurali.

436 1605 613 1651 Omnia
645 1606 839 1652 nomina
875 1606 1019 1652 trium
1056 1624 1299 1670 generum,
1325 1627 1434 1655 casu
1466 1608 1684 1671 genetivo
1719 1609 1826 1672 plu-

369 1683 450 1728 rali
477 1682 841 1745 quibuscunque
867 1684 1059 1747 syllabis
1085 1685 1337 1731 terminata
1362 1685 1690 1749 corripiuntur.

781 1813 866 1860 De
890 1815 1049 1862 dativo
1074 1832 1188 1862 casu
1208 1815 1412 1879 plurali.

435 1912 613 1957 Omnia
638 1911 832 1958 nomina
862 1912 1003 1958 trium
1039 1931 1282 1976 generum,
1309 1931 1419 1961 casu
1443 1913 1601 1960 dativo
1626 1923 1673 1960 et
1697 1914 1824 1960 abla-

368 1988 465 2035 tivo
498 1998 725 2036 Vnumero
761 1991 929 2054 plurali
964 1999 1060 2037 tam
1100 1991 1425 2055 producuntur
1465 2008 1532 2048 ea,
1558 2008 1664 2053 quae
1700 1990 1746 2036 in
1784 1991 1826 2037 z's

370 2065 549 2129 syllaba
581 2067 828 2124 finiuntur,
863 2084 1005 2129 quam
1041 2067 1360 2131 corripiuntur
1389 2085 1458 2122 ea,
1483 2085 1588 2130 quae
1615 2067 1699 2114 bas
1731 2066 1826 2130 syl-

369 2142 492 2197 laba,
521 2143 792 2189 memoratis
817 2143 1017 2198 casibus,
1044 2144 1374 2190 terminantur.

426 2333 445 2351 n
466 2333 503 2361 et
524 2324 641 2374 prius]
667 2326 708 2361 C.
729 2338 845 2372 marg.
868 2325 915 2361 al.
936 2330 988 2360 ut.
1138 2331 1156 2351 ⁰
1178 2332 1217 2359 ut
1235 2324 1298 2369 ab]
1321 2324 1366 2358 ab
1385 2323 1532 2358 A.B.C.
1682 2328 1702 2356 P
1724 2320 1760 2357 in
1782 2323 1819 2370 e]

372 2392 390 2413 e
409 2379 506 2414 AB.
666 2385 685 2411 q
708 2377 850 2413 nullum
872 2377 1104 2426 producitur]
1126 2379 1265 2413 nullum
1287 2378 1503 2412 terminatur
1524 2376 1565 2411 A.
1587 2375 1727 2410 nullum
1750 2381 1822 2411 ter-

371 2435 481 2468 mitur
500 2431 546 2466 B.
659 2439 672 2457 r
693 2429 907 2476 terminata]
932 2443 1006 2466 om.
1029 2431 1071 2465 C.
1202 2436 1216 2455 s
1237 2429 1307 2476 eis]
1335 2430 1388 2464 his
1407 2429 1549 2465 A.B.C.
1675 2428 1690 2454 t
1710 2428 1824 2477 Phry-

370 2484 454 2534 ges]
478 2482 642 2530 etfriges
662 2484 805 2531 delfines
824 2484 916 2519 AB.
939 2488 979 2518 ut
1001 2488 1116 2530 troyes
1135 2484 1277 2530 delfines
1297 2483 1339 2518 C.
1471 2489 1491 2507 v
1513 2480 1653 2517 numeri
1674 2481 1824 2529 pluralis

373 2546 447 2572 tam
469 2536 736 2585 producuntur,
761 2543 800 2571 ut
829 2548 884 2577 ea,
907 2548 988 2584 quae
1018 2535 1055 2571 in
1083 2535 1262 2584 syllabam
1293 2532 1527 2583 finitimum&
1559 2533 1823 2583 corripiuntur,

373 2598 413 2626 ut
439 2601 492 2631 ea,
515 2601 596 2637 quae
621 2596 694 2624 tres
715 2588 854 2637 syllaba
882 2587 1097 2624 memoratis
1124 2589 1268 2625 casibus
1289 2588 1484 2634 finiuntur]
1515 2600 1662 2622 numero
1686 2588 1826 2634 pluralz

371 2643 673 2690 —producuntur
688 2657 699 2676 .·
729 2654 771 2677 ea
793 2654 869 2689 quae
896 2643 928 2676 in
960 2644 988 2677 is
1013 2643 1151 2688 syllaba
1169 2644 1356 2691 finiuntur
1376 2654 1480 2689 quam
1512 2642 1757 2687 corripiantur
1784 2653 1826 2676 ea

373 2709 449 2744 quae
475 2696 536 2731 bus
561 2695 700 2742 syllaba
725 2696 929 2730 memoratis
949 2696 1086 2730 casibus
1108 2697 1347 2730 terminantur
1365 2695 1505 2731 A.B.C.
1529 2698 1667 2729 tantum
1686 2695 1823 2741 produ-

374 2754 506 2785 cuntur
525 2749 651 2784 ea—-is
670 2748 1148 2795 syllabam—corripiuntur
1169 2761 1210 2784 ea
1232 2749 1328 2785 Ven.
