1962 3355
150 186 247 212 CAP.
269 186 332 212 xi.
575 172 643 212 De
663 174 801 213 [Metro
824 174 969 213 Ionzco
989 176 1163 214 minore.
1516 176 1601 217 557

148 298 304 333 sumus,
326 284 383 325 ita
404 295 449 325 ut
467 284 722 325 diversorum
743 284 849 325 inter
869 299 911 324 se
931 293 1156 324 metrorum
1176 285 1257 325 qsit
1277 294 1373 340 apta
1393 295 1433 327 et
1453 286 1600 327 decora

147 351 394 406 conjunctio.
454 352 521 391 De
540 361 627 391 arte
646 365 744 405 ergo
765 350 932 391 metrica
953 360 966 379 r
979 350 1078 390 nihil
1100 351 1320 392 desiderari
1342 368 1366 392 a
1386 368 1596 408 quoquam

148 419 262 468 scias,
285 428 443 459 servata
462 433 486 458 a
505 417 622 458 nobis
651 417 847 458 Sdocendi
868 417 1024 458 ratione
1044 418 1307 473 prespiciens,
1330 424 1402 459 tut
1422 435 1482 468 ea,
1505 436 1598 475 quae

147 485 229 535 alii,
250 485 323 540 qui
343 485 483 525 eadem
506 484 558 524 de
577 499 620 524 re
641 484 904 540 scripserunt,
927 484 1097 525 confusa
1116 495 1157 525 et
1186 485 1390 540 permixta
1417 486 1600 527 conloca-

146 552 295 604 verint,
328 568 401 593 nos
440 561 531 593 octo
566 561 726 592 tantum
766 552 1001 606 generibus,
1038 552 1191 607 quibus
1225 552 1405 608 exceptis
1441 553 1598 593 nullum

146 619 318 660 inveniri
339 632 516 661 metrum
547 618 688 674 possit,
709 619 1149 674 comprehenderemus,
1171 635 1350 675 quaeque
1370 620 1490 660 etiam
1523 629 1542 648 v
1558 621 1597 661 in

148 701 399 742 unoquoque
427 701 576 742 genere
607 686 804 741 Wspecies
836 696 1071 728 emanarent
1098 702 1145 728 ac
1176 686 1440 743 profluerent,
1463 697 1598 728 osten-

146 753 350 802 deremus,
372 764 550 810 Xeasque
570 770 650 795 non
669 754 708 794 in
729 755 960 795 inmensum
982 754 1310 804 extenderemus,
1335 769 1467 810 neque
1489 755 1600 796 novi-

147 822 240 862 tatis
269 832 342 863 aut
371 822 608 878 cupiditatis
638 822 789 878 potius,
812 837 938 877 quam
969 822 1181 863 suavitatis
1205 821 1365 877 judicio
1395 822 1596 864 yducere-

146 905 253 930 mur.
315 890 462 939 ZQuod
493 889 550 930 ita
582 889 641 930 usi
673 905 831 938 sumus,
856 899 900 930 ut
921 905 983 940 ea,
1006 905 1101 945 quae
1129 899 1261 931 essent
1281 889 1322 929 in
1350 890 1600 931 carminibus

145 958 251 999 dura
285 967 410 1013 atque
444 973 599 1013 aspera,
636 957 824 1013 quamvis
858 973 883 998 a
911 957 1159 1013 quibusdam
1191 956 1322 1013 poetis
1352 971 1433 997 non
1467 968 1600 998 essent

146 1025 375 1080 repudiata,
396 1024 815 1081 praetermitteremus.
848 1024 918 1065 aSi
940 1024 1012 1079 qui
1034 1034 1167 1065 tamen
1190 1024 1473 1075 inveniuntur,
1493 1024 1596 1080 bqui

200 1167 280 1201 qsz't
299 1171 387 1212 apta
408 1171 442 1201 et
461 1167 607 1212 decora]
642 1167 700 1202 Ita
713 1179 843 1203 emen-
901 1167 929 1202 Ι.
950 1179 1013 1213 42.
1073 1168 1203 1203 Partes
1234 1173 1354 1203 autem
1393 1172 1487 1210 sunt,
1522 1181 1598 1216 quae

144 1219 291 1261 dabam,
331 1232 445 1267 quum
486 1219 522 1255 in
563 1220 723 1268 Guelph.
758 1232 842 1256 cor-

146 1281 253 1321 rupte
287 1274 466 1321 scriptum
498 1281 596 1308 esset
627 1274 696 1307 sita
724 1274 845 1320 placet

145 1327 287 1362 deeora.
345 1324 502 1361 Accedit
523 1325 712 1374 utriusque
730 1325 841 1362 Paris.

145 1378 358 1414 auctoritas.
392 1379 545 1414 HEUS.

200 1438 215 1456 r
240 1432 330 1466 nihil
358 1433 571 1480 desiderari]
604 1431 719 1469 MSS.
750 1434 841 1468 desi-

144 1486 283 1520 derare.
316 1484 471 1520 HEUS.

199 1543 214 1562 s
254 1539 402 1573 docendi
436 1540 575 1573 ratione
609 1539 841 1585 prespiciens]

145 1591 270 1629 Quum
292 1591 388 1627 hanc
407 1591 625 1640 scripturam
653 1590 690 1626 in
715 1590 844 1627 codice

145 1644 307 1693 Guelph.
331 1643 559 1693 reperissem,
582 1657 650 1680 nec
667 1644 839 1687 viderem,

145 1709 219 1745 quo
250 1697 425 1732 referatur
455 1697 675 1733 vocabulum
701 1700 840 1745 prespi-

145 1752 249 1791 ciens,
269 1749 304 1785 id
325 1763 371 1785 an
393 1758 531 1786 temere
552 1751 623 1786 buc
644 1749 842 1799 irrepserit,

146 1803 374 1839 dubitabam.
408 1802 584 1838 Klotzius
605 1801 841 1849 conjiciebat,

142 1858 357 1903 perspiciens
405 1856 614 1905 legendum,
666 1861 705 1891 ut
754 1869 839 1892 vero

146 1910 354 1959 proximum
378 1921 441 1958 per
462 1911 636 1956 quomodo
652 1909 840 1957 explican-

146 1962 234 1998 dum
257 1974 348 1998 esse.
406 1961 500 1997 Mihi
524 1962 625 1998 valde
654 1962 842 1998 blanditur

144 2015 409 2065 elegantissimi
439 2015 598 2051 Gruneri
633 2015 703 2051 mei
733 2017 839 2058 ratio,

145 2068 207 2116 qui
238 2068 480 2104 Theodorum
508 2070 697 2116 perspicua
726 2069 839 2118 scrip-

145 2121 235 2157 sisse
255 2120 451 2157 existimat.
494 2122 605 2157 Hanc
626 2134 750 2157 vocem
774 2135 841 2172 po-

145 2187 245 2210 scere
265 2175 298 2210 ei
320 2173 502 2216 videntur,
521 2187 602 2223 quae
624 2183 840 2223 sequuntur,

146 2227 253 2263 verba
273 2227 421 2276 confusa
441 2234 475 2263 et
494 2229 684 2275 permixta.
729 2228 840 2264 Paris.

144 2280 236 2316 alter
266 2283 470 2328 ργθερίοἱαδ,
505 2280 597 2317 alter
626 2283 841 2329 prcespicias.

197 2386 212 2412 t
232 2392 272 2422 ut
294 2400 347 2429 ea,
379 2400 455 2434 quae
479 2388 554 2431 alii,
576 2389 636 2435 qui
656 2389 778 2423 euclem
799 2389 842 2423 (le

144 2452 183 2474 re
210 2441 446 2488 scripserunt]
486 2440 628 2476 Locum
662 2441 760 2476 hunc
788 2441 841 2476 ita

144 2491 446 2528 constituendum
468 2494 604 2541 putavi,
627 2507 738 2543 quum
761 2492 840 2530 sine

144 2558 256 2580 sensu
277 2544 311 2580 in
333 2545 445 2581 MSS.
469 2545 649 2595 legeretur
670 2553 709 2582 ut
730 2560 841 2594 eaque

144 2600 220 2640 alii,
242 2599 302 2644 qui
322 2599 443 2633 eadem
461 2600 586 2634 (locere
609 2601 837 2647 scripserunt.

198 2712 215 2730 V
236 2705 273 2739 in
291 2716 500 2750 unoquoque
518 2706 663 2752 genere]
704 2704 839 2741 Ruhn-

144 2757 274 2793 lzeuius
306 2757 349 2792 V.
381 2758 423 2792 C.
456 2756 654 2806 legendum
685 2770 764 2793 esse
799 2771 841 2794 ex

145 2822 355 2857 unoquoque
380 2822 509 2856 genere
542 2809 755 2846 acutissime
786 2810 839 2846 vi-

144 2863 212 2905 dit,
246 2865 574 2912 conjecturamque
605 2875 710 2899 suam
749 2876 840 2900 con-

147 2917 268 2952 firmat
298 2928 341 2952 ex
371 2915 433 2952 illo
455 2915 645 2953 Ciceronis
673 2916 717 2952 de
745 2924 838 2954 orat.

896 1221 1081 1267 generibus
1110 1223 1162 1263 iix,
1186 1234 1227 1256 ex
1256 1222 1381 1268 quibus
1414 1227 1596 1264 emanant,

899 1272 1149 1319 subjiciuntur.
1181 1273 1340 1310 HEUS.

952 1333 982 1351 w
1001 1328 1130 1373 species
1149 1327 1377 1373 emanarent]
1394 1327 1452 1363 Ita
1471 1339 1597 1363 emen-

899 1378 1031 1414 dabam
1061 1378 1213 1415 Codicis
1244 1379 1407 1429 Guelph.
1439 1379 1596 1428 scriptu—

900 1444 975 1467 ram
995 1433 1108 1479 speeie
1128 1444 1182 1468 me
1199 1438 1395 1469 manerent.
1426 1433 1597 1469 Proxime

898 1485 942 1520 ad
972 1498 1099 1521 verum
1131 1485 1315 1522 accedunt
1347 1486 1460 1522 MSS.
1482 1486 1596 1523 Paris.

899 1539 938 1574 in
973 1538 1106 1586 quibus
1139 1546 1195 1575 est
1225 1541 1338 1587 specie
1376 1545 1597 1576 emanarent.

951 1651 970 1670 X
1016 1657 1144 1692 easque
1181 1658 1250 1680 non
1292 1648 1327 1681 in
1370 1647 1594 1693 immensum]

900 1697 1012 1734 Paris.
1034 1699 1133 1746 prior
1149 1711 1261 1746 eaque
1277 1712 1346 1734 non
1363 1701 1595 1735 immensum:

899 1750 993 1786 alter
1039 1763 1098 1787 eas
1144 1764 1221 1798 quae
1267 1764 1337 1787 non
1384 1754 1594 1789 inmensum.

900 1804 1055 1840 HEUS.

950 1864 969 1890 y
1013 1857 1239 1904 duceremur]
1301 1857 1416 1894 MSS.
1465 1871 1597 1895 omnes

897 1911 1115 1953 duceremus,
1135 1909 1244 1946 solita
1265 1910 1471 1947 litterarum
1492 1925 1511 1947 r
1525 1920 1562 1948 et
1581 1925 1597 1948 s

897 1962 1127 2004 confusione,
1143 1964 1188 1999 de
1214 1977 1287 2012 qua
1312 1964 1452 2000 dictum
1475 1973 1530 2001 est
1551 1965 1594 2001 ad

897 2028 976 2064 cap.
999 2016 1087 2051 VII.
1109 2028 1146 2063 3.
1180 2017 1334 2053 HEUS.

952 2076 969 2094 Ζ
994 2069 1098 2110 Quod
1120 2071 1172 2105 ita
1200 2072 1254 2105 usi
1281 2071 1417 2117 sumus]
1449 2070 1595 2107 Priscos

898 2120 1033 2158 imitari
1078 2121 1220 2158 videtur
1265 2123 1430 2159 Mallius.
1505 2124 1595 2160 Illos

899 2188 982 2211 vero
1004 2176 1155 2211 verbum
1180 2181 1263 2211 utor
1283 2175 1594 2223 accusativojun-

898 2241 984 2277 gere
1004 2228 1134 2264 solitos
1155 2242 1246 2272 esse,
1270 2228 1404 2266 scimus
1425 2242 1445 2266 e
1465 2229 1594 2266 Nonio

899 2282 945 2318 de
982 2289 1102 2318 contr.
1142 2295 1264 2331 gener.
1302 2283 1403 2319 verb.
1443 2296 1479 2332 p.
1501 2283 1593 2330 481.

899 2334 1041 2370 Charis.
1081 2335 1104 2370 l.
1136 2334 1185 2371 V.
1216 2349 1250 2384 p.
1274 2346 1363 2383 257.
1419 2336 1593 2373 Diomed.

898 2401 934 2436 p.
956 2400 1046 2435 300.
1106 2387 1282 2424 Plautum
1305 2388 1356 2425 ita
1375 2402 1471 2438 saepe
1491 2389 1592 2426 locu-

896 2449 974 2476 tum
1006 2454 1097 2484 esse,
1128 2441 1294 2477 ostendit
1324 2443 1459 2478 Pareus
1490 2443 1595 2480 lexic.

896 2493 976 2530 crit.
1016 2506 1182 2544 p.1333.
1239 2496 1345 2531 Adde
1382 2496 1592 2532 Buneman.

896 2547 939 2583 ad
962 2547 1133 2584 Lactant.
1157 2548 1201 2584 de
1223 2549 1372 2586 mortib.
1395 2562 1533 2598 persec.
1560 2563 1591 2586 c.

896 2602 940 2636 V.
967 2613 999 2636 2.
1033 2601 1189 2638 HEUS.

950 2661 969 2680 a
990 2655 1031 2689 Si
1051 2656 1112 2702 qui
1133 2655 1268 2701 tamen]
1294 2655 1505 2691 Pronomen
1532 2657 1593 2702 qui

897 2706 1008 2742 Paris.
1044 2707 1226 2755 posterior
1257 2708 1353 2743 haud
1385 2708 1521 2744 inscite
1550 2721 1591 2743 o-

897 2759 1020 2795 mittit.
1055 2761 1208 2797 HEUS.

949 2812 965 2835 b
987 2814 1048 2860 qui
1076 2815 1109 2849 in
1140 2814 1193 2849 his
1221 2814 1430 2860 metrorum]
1479 2814 1590 2850 Uter-

897 2877 968 2913 que
998 2865 1125 2902 Codex
1159 2865 1272 2902 Paris.
1303 2868 1362 2913 qui
1389 2868 1424 2902 in
1455 2866 1589 2903 hisdem

894 2923 1102 2956 metrorum.
1135 2919 1291 2955 HEUS.

1622 370 1660 397 ¹4

1620 908 1655 938 Ι5

1619 1035 1657 1066 16
