1962 3355
345 221 436 258 110
851 209 1008 257 Marii
1036 210 1269 257 Victorini
1613 226 1710 257 LIB.
1738 226 1791 257 11.

338 332 472 379 nistri
510 332 672 387 iambi,
709 331 752 377 id
789 340 873 386 est,
901 331 1175 393 ,disparibus
1212 347 1346 394 pares
1383 330 1573 376 subditi.
1633 331 1793 392 HuJus

339 409 631 472 exemplum,

535 484 691 531 ffilasoe
713 485 885 531 Jovem
910 483 1106 529 laudate
1131 488 1357 527 concentu
1383 481 1513 527 bono.

278 573 319 602 24
338 560 591 606 Comicum
619 569 793 615 autem,
818 558 942 621 quod
980 566 1275 620 anapaestum
1304 565 1351 602 et
1374 557 1648 621 tribrachyn
1675 576 1792 621 prae-

335 636 475 682 dictis
500 635 743 691 admiscet,
768 643 837 690 ut,

467 711 618 774 Agite
642 710 760 772 quid
782 709 1034 755 fdubitatis
1059 708 1214 773 agiles
1239 709 1356 755 dare
1378 726 1503 755 mmo
1528 710 1706 756 choros.

336 787 604 833 Iambicum
634 794 793 831 autem
819 785 977 848 gquod
1007 803 1065 831 ex
1091 786 1312 832 omnibus
1350 786 1520 831 iambis
1555 787 1686 832 nullo
1712 786 1792 832 ad-

336 864 486 909 mixto
512 862 742 918 subsistit,
768 880 864 924 quo
891 862 1217 925 iambographi
1247 862 1456 908 maxime
1480 862 1704 924 gaudent,
1726 872 1792 919 ut,

465 938 650 984 Beatus
676 937 758 984 ille
782 939 865 1001 qui
882 938 1058 1000 procul
1080 939 1301 1001 negotiis.

276 1029 311 1059 ²5
334 1015 557 1077 Superest
594 1015 867 1077 satyricum,
892 1014 1019 1077 quod
1057 1014 1178 1059 inter
1210 1012 1443 1076 tragicum
1483 1022 1529 1059 et
1553 1013 1789 1059 comicum

334 1091 508 1154 stylum
538 1090 747 1136 medium
776 1100 860 1136 est.
933 1091 1053 1137 Haec
1079 1089 1204 1153 apud
1231 1089 1422 1135 Graecos
1450 1089 1586 1135 metri
1614 1089 1791 1153 species

332 1167 550 1229 frequens
587 1177 658 1213 est
694 1167 781 1212 sub
817 1167 905 1212 hac
938 1165 1224 1212 conditionis
1257 1165 1374 1227 lege,
1410 1175 1460 1211 ut
1493 1183 1586 1211 non
1625 1165 1791 1211 heroas

334 1253 413 1289 aut
459 1262 604 1307 reges,
652 1243 730 1290 sed
780 1253 959 1306 satyros
1008 1242 1215 1297 inducat,
1266 1241 1457 1287 ludendi
1502 1241 1792 1303 jocandique

333 1338 488 1377 causa,
530 1338 624 1382 quo
666 1318 941 1383 spectatoris
985 1318 1170 1364 animus
1219 1317 1342 1363 inter
1387 1318 1542 1363 tristes
1589 1335 1659 1363 res
1701 1327 1793 1364 tra-

333 1396 459 1458 gicas
497 1405 758 1459 satyrorum
785 1396 908 1457 jocis
933 1403 980 1440 et
1003 1394 1184 1440 lusibus
1211 1394 1458 1451 relaxetur,
1483 1394 1608 1456 quod
1637 1394 1788 1440 Hora—

333 1472 426 1517 tius
454 1471 525 1517 his
551 1472 761 1517 versibus
788 1480 1001 1525 testatur,

473 1548 699 1594 Carmine
724 1548 807 1611 qai
831 1547 1019 1610 tragico
1042 1545 1182 1592 vilem
1209 1547 1411 1593 certavit
1435 1546 1490 1592 ob
1515 1547 1715 1603 hircum,

467 1624 590 1670 Mox
615 1625 757 1670 etiam
783 1623 994 1687 agrestis
1016 1629 1204 1684 satyros
1229 1622 1442 1679 nudavit,
1466 1630 1511 1669 et
1535 1639 1677 1684 asper

466 1699 701 1745 Incolumi
720 1700 969 1763 gravitate
976 1699 1146 1762 jocum
1172 1699 1438 1760 temptavit,
1462 1717 1512 1744 eo
1537 1699 1663 1762 quod

467 1775 712 1822 Illecebris
736 1783 855 1831 erat,
882 1782 927 1822 et
946 1782 1097 1840 grata
1122 1775 1332 1821 novitate
1356 1775 1614 1821 morandus

468 1851 733 1913 Spectator.

278 1937 316 1968 26
336 1927 477 1979 Quod
514 1945 661 1990 genus
696 1929 839 1974 nostri
868 1930 915 1974 in
941 1927 1172 1974 Atellanis
1211 1927 1402 1972 liabent.
1463 1927 1686 1973 Gaudent
1711 1946 1792 1973 au-

335 2013 430 2048 tem
470 2004 714 2067 trisyllabo
748 2004 882 2067 pede,
906 2014 952 2050 et
990 2004 1198 2050 maxime
1235 2003 1546 2049 ggtribracho.
1614 2004 1793 2050 Exem-

334 2079 466 2142 plum
495 2080 651 2141 liujus,

468 2155 623 2204 Mum
646 2158 819 2204 Jovem
845 2157 1041 2204 laudate
1066 2164 1109 2204 et
1133 2155 1288 2220 agiles
1313 2156 1423 2201 date
1448 2155 1624 2202 choros.

278 2247 315 2279 27
404 2231 533 2278 Inter
559 2234 659 2279 liaec
685 2252 778 2279 non
805 2233 1145 2297 supersederim
1174 2250 1324 2296 pauca
1350 2231 1490 2277 etiam
1519 2231 1577 2277 de
1598 2231 1789 2277 chorico

336 2317 488 2354 metro
520 2308 687 2363 dicere,
714 2309 840 2372 quod
877 2319 947 2355 est
981 2310 1201 2371 frequens
1232 2309 1280 2354 in
1313 2308 1586 2371 tragoediis:
1624 2308 1791 2371 incipit

336 2394 495 2430 autem
523 2402 547 2430 a
571 2384 819 2439 hdimetro‚
845 2395 1107 2448 tamquam,

468 2465 582 2512 ivon
607 2466 652 2512 la
659 2467 741 2513 bor
749 2466 877 2530 jam.

387 2596 402 2623 f
420 2597 598 2634 dubitatis
617 2597 729 2648 agiles
745 2598 830 2635 dare
850 2600 967 2646 nuuc]
988 2598 1159 2635 dubitant
1180 2612 1279 2634 nunc
1300 2598 1412 2648 agiles
1430 2598 1515 2634 dare
1533 2599 1571 2634 P.
1628 2606 1649 2633 g
1665 2599 1783 2647 quod]

334 2660 396 2710 qui
416 2661 456 2697 P.
566 2668 609 2696 gg
630 2662 831 2708 tribracho]
856 2662 1040 2711 tribracliy
1062 2663 1102 2698 P.
1213 2661 1233 2688 h
1255 2663 1432 2709 dimetro]
1455 2662 1634 2699 dimetros
1654 2664 1694 2699 P.

392 2759 451 2795 26.
473 2758 674 2806 Atellanis]
699 2758 903 2795 Diomedes
923 2759 1031 2796 docet
1089 2760 1191 2797 sonis
1238 2762 1453 2810 Satyrorum
1495 2768 1532 2797 et
1572 2761 1786 2797 Faunorum

334 2812 512 2848 interesse
533 2813 604 2848 hoc
631 2811 728 2848 inter
747 2820 905 2860 satyram
926 2813 1029 2849 Grae-
1087 2814 1264 2857 studeret,
1305 2815 1361 2850 hae
1391 2814 1436 2850 ad
1473 2814 1632 2851 eundem
1675 2815 1786 2850 finem

333 2878 414 2901 cam
435 2874 473 2901 et
491 2864 693 2907 Atellanas,
715 2865 812 2914 quod
835 2865 898 2900 illa
918 2866 1028 2901 risum
1088 2867 1333 2914 producerent
1354 2880 1529 2916 personas
1547 2867 1643 2904 leves
1663 2874 1700 2904 et
1719 2868 1786 2903 ob-

334 2930 480 2955 movere
494 2918 714 2955 introductis
727 2917 931 2968 agrestibus
948 2931 1030 2967 per·
1087 2931 1242 2956 scoenas.
1275 2921 1473 2957 CAMER.
