1962 3355
120 192 224 223 CAP.
251 187 295 223 4.
597 174 679 220 De
708 171 1088 235 Ortlzograplzia.
1510 183 1568 220 25

116 296 388 358 ¹”sequentis
419 295 466 341 in
507 294 746 358 superiore
781 301 913 356 parte
945 309 1105 338 versus
1140 300 1372 355 punctum
1414 293 1576 355 ponite

117 373 242 419 aliud
288 382 462 435 0quam
504 370 631 434 quod
672 369 888 416 librarius
929 372 1050 414 inter
1089 368 1184 414 duo
1217 369 1357 414 verba
1392 370 1576 432 posuit:

117 451 337 511 quotiens
363 457 518 494 autem
547 456 655 493 ante
682 445 961 491 distinctum
984 463 1113 491 mora
1137 445 1278 491 fuerit
1304 445 1578 501 necessaria,

118 525 338 571 similiter
379 525 501 570 inter
525 523 641 569 duas
678 522 857 567 litteras
882 524 1011 578 ἁπλῆν
1039 538 1266 577 aversam,
1290 521 1338 566 id
1363 529 1434 567 est
1459 520 1581 567 Sici-

120 601 278 658 licum,
315 602 506 664 ponite:
561 600 598 646 si
639 616 748 645 vero
785 598 926 644 fuerit
958 598 1274 661 hyperbaton,
1313 609 1358 642 et
1396 596 1580 658 longior

119 694 295 733 sensus,
322 686 368 723 at
391 694 472 722 vos
499 677 546 722 in
574 676 671 722 ima
696 683 827 738 parte
851 692 1011 721 versus
1047 674 1170 719 inter
1194 673 1310 719 duas
1347 672 1579 728 similiter,

118 762 171 800 ut
196 771 352 816 supra,
377 753 556 800 litteras
584 752 762 798 clarum
800 759 1067 814 Ppunctum
1095 750 1271 813 ponite,
1298 757 1345 794 et
1377 749 1413 794 si
1452 748 1580 812 prius

118 846 259 892 quam
294 828 572 874 distinctum
612 827 928 884 concluditur,
954 844 1085 872 mora
1114 826 1285 872 iterum
1324 825 1465 871 fuerit
1500 842 1581 871 ne-

118 905 333 959 cessaria,
373 908 503 961 ἁπλῆν
538 921 765 959 aversam,
801 902 847 948 id
881 910 952 948 est
989 901 1251 959 Sicilicum,
1283 901 1500 947 similiter
1531 901 1579 947 in

117 982 215 1027 ima
233 990 366 1044 parte
382 997 541 1026 versus
566 979 743 1043 ponite.
785 994 862 1035 PR,
879 978 1100 1040 quotiens
1126 987 1145 1018 ‘1
1154 985 1409 1041 praetorem
1435 978 1468 1024 si
1475 978 1581 1041 gni·
1597 993 1638 1025 93

118 1058 259 1104 ficare
294 1057 453 1113 vultis,
477 1056 622 1102 nolite
657 1055 1007 1118 interpungere,
1043 1072 1103 1100 ne
1133 1056 1217 1100 fiat
1241 1054 1449 1117 populus
1482 1054 1582 1100 Ro-

118 1151 289 1180 manus
304 1153 319 1179 .-
352 1150 440 1179 nec
465 1133 745 1195 composita,
765 1131 923 1194 qualia
949 1140 1073 1187 sunt,
1094 1130 1363 1188 levianima,
1383 1131 1583 1177 biduan-

120 1209 244 1266 cula,
279 1208 573 1272 tardigrada
594 1227 609 1254 .·
665 1207 771 1253 haec
813 1208 939 1252 enim
985 1207 1109 1252 fiunt
1142 1207 1298 1270 specie
1345 1216 1392 1252 et
1436 1205 1581 1269 signi-

119 1285 341 1331 ficatione
379 1302 545 1330 unum.
615 1283 708 1330 Sed
746 1301 806 1328 ne
843 1300 898 1328 ea
933 1282 1143 1344 quidem,
1169 1292 1303 1346 squae
1329 1300 1437 1329 cum
1468 1300 1581 1346 prae-
1599 1301 1640 1333 94

118 1361 357 1425 positione
389 1359 627 1417 dicuntur,
663 1359 1086 1422 circumpungetis,
1112 1368 1164 1406 ut
1195 1359 1500 1415 circumduci,
1535 1368 1584 1405 et

122 1437 471 1493 circumveniri,
512 1445 560 1482 et
605 1435 947 1498 circumplecti,
983 1445 1030 1482 et
1066 1436 1300 1494 nonnulli,
1335 1449 1382 1482 et
1416 1435 1587 1498 paulo-

112 1521 255 1577 post:
307 1531 393 1560 nec
430 1513 547 1570 haec,
578 1521 632 1558 ut
668 1513 718 1559 z'n
762 1511 993 1570 Galliam,
1030 1513 1078 1559 z‘n
1112 1513 1345 1560 Italiam:
1395 1512 1584 1567 nechao,

119 1589 344 1647 necillad,
369 1599 498 1653 Squae
524 1590 710 1636 infinite
735 1590 973 1636 dicuntur.

189 1668 472 1731 Repertores
498 1667 760 1713 litterarum
788 1666 1000 1712 Cadmus
1034 1683 1093 1712 ex
1123 1665 1354 1712 Phoenice
1378 1664 1425 1710 in
1450 1664 1583 1711 Grae-
1601 1684 1640 1717 95

121 1744 241 1791 ciam
270 1753 317 1790 et
349 1743 571 1790 Evander
604 1743 660 1790 ad
701 1761 784 1789 nos
820 1743 1163 1790 transtulerunt
1189 1760 1217 1789 a
1244 1743 1269 1790 b
1295 1759 1319 1788 c
1344 1742 1376 1788 d
1397 1759 1421 1787 e
1445 1742 1491 1787 ti
1514 1741 1543 1787 Is
1568 1740 1586 1786 l

120 1839 167 1868 m
191 1839 223 1867 n
247 1838 272 1867 ο
290 1838 326 1883 p
352 1838 380 1884 q
403 1838 430 1866 r
452 1838 475 1866 s
501 1827 519 1867 t
543 1820 721 1866 litteras
747 1837 946 1866 numero
972 1836 1078 1875 XVI,
1102 1829 1265 1883 postea
1301 1817 1531 1880 quasdam
1558 1834 1584 1863 a

122 1896 392 1953 Palamede,
416 1906 463 1942 et
496 1897 609 1942 alias
647 1913 672 1941 a
707 1895 956 1941 Simonide
995 1895 1199 1957 adjectas
1237 1895 1459 1957 implesse
1498 1910 1584 1938 nu-

123 1990 305 2018 merum
328 1988 502 2018 XXIIII.
556 1972 613 2018 In
634 1970 904 2017 ucomoedia
924 1970 1152 2034 scriptum
1173 1979 1272 2016 erat
1292 1969 1462 2016 ellam.-
1488 1986 1582 2014 non
1603 1980 1645 2023 96

120 2058 247 2095 recte
271 2066 352 2095 vos
378 2048 569 2105 fecistis,
594 2047 762 2094 Xillam
780 2067 794 2094 .·
833 2056 904 2093 est
938 2047 1082 2102 enim,
1109 2064 1166 2092 en
1190 2046 1340 2092 illam.
1412 2045 1585 2091 Gram-

122 2125 283 2171 matici
322 2134 545 2188 praeterea
576 2124 855 2170 Demetrius
892 2132 911 2161 ,v
930 2123 1203 2176 Phalereus,
1230 2122 1586 2177 Hermocrates,

122 2219 181 2247 ex
208 2201 378 2247 nostris
405 2211 564 2247 autem
591 2200 804 2257 Cincius,
828 2199 1021 2255 Fabius,
1047 2198 1248 2255 Gellius,
1274 2196 1585 2252 tradiderunt,

122 2295 182 2324 ex
215 2278 387 2340 quibus
424 2277 662 2334 ZCincius,
693 2277 872 2340 paucis,
898 2276 1067 2338 inquit,
1092 2275 1415 2331 commutatis,
1442 2287 1493 2321 ut
1528 2272 1585 2319 ad

125 2354 338 2417 linguam
360 2362 568 2399 nostram
595 2353 909 2417 pervenirent,
933 2370 1010 2398 eas
1048 2370 1256 2414 namque
1291 2351 1503 2397 Cadmus
1528 2367 1586 2396 ex

124 2431 354 2476 Phoenice
378 2429 426 2474 in
452 2439 470 2459 ³
487 2429 738 2486 Graeciam,
763 2429 889 2475 unde
914 2428 970 2475 ad
997 2446 1083 2474 nos
1108 2427 1331 2474 Evander
1354 2428 1589 2474 btranstu-

125 2507 254 2554 lerat.
325 2507 616 2570 Scripseram
661 2515 818 2553 autem
864 2505 1013 2561 vobis,
1054 2514 1287 2567 quantum
1331 2513 1506 2567 repetO,
1541 2512 1587 2548 et
1605 2519 1646 2553 97

179 2620 461 2670 ninsequentis]
486 2620 674 2669 sequentis
694 2620 735 2657 P.
803 2627 821 2646 o
842 2621 973 2668 quam]
994 2632 1104 2668 quam
1123 2619 1222 2667 quod
1244 2620 1283 2654 P.
1365 2626 1384 2653 P
1405 2626 1587 2667 punctum

125 2673 285 2720 clarum]
309 2673 448 2710 clarum
472 2681 653 2723 punctum
678 2674 720 2709 P.
831 2680 851 2707 q
870 2673 1089 2722 praetoreni]
1116 2680 1299 2721 pretorem
1325 2673 1365 2708 P.
1452 2678 1467 2696 ¹·
1487 2682 1588 2719 quae-

126 2727 290 2776 cunque]
314 2739 397 2776 quae
417 2727 458 2762 P.
548 2731 563 2751 ³
584 2727 690 2774 quia]
716 2739 799 2775 quae
818 2727 861 2762 P.
973 2725 988 2751 t
1010 2727 1021 2760 i
1042 2727 1064 2760 Ic
1086 2727 1114 2772 l]
1138 2726 1161 2760 h
1182 2728 1193 2760 i
1214 2727 1237 2760 lc
1260 2726 1300 2760 P.
1411 2731 1432 2749 u
1452 2736 1589 2759 comoe-

126 2779 205 2826 dia]
229 2779 396 2816 comedia
416 2780 457 2815 P.
568 2786 589 2805 X
609 2779 733 2827 illum]
757 2779 868 2815 ellum
897 2779 938 2815 Ρ.
1044 2785 1063 2813 Y
1084 2778 1300 2824 Phalereus]
1327 2776 1522 2813 Phalereos
1546 2776 1586 2810 P.

127 2839 145 2859 Ζ
165 2831 334 2879 Cincius]
360 2833 508 2869 Cintius
528 2833 570 2869 P.
680 2839 700 2859 a
720 2831 926 2880 Graeciam]
946 2831 1116 2867 Greci-am
1138 2832 1179 2868 P.
1290 2828 1309 2856 b
1331 2827 1586 2873 transtulerat]

129 2885 402 2922 transtulerunt
422 2886 464 2921 P.

848 2963 877 2992 E
