1962 3355
59 199 163 230 CAP.
189 190 233 241 7.
516 182 600 228 De
623 181 789 228 ionicis
814 198 843 227 a
866 182 1053 228 minori.
1410 189 1506 240 373

59 305 436 352 Anacreontiam
458 311 642 350 constat
666 302 880 349 trimetro
904 302 1206 357 kacatalecto,
1232 311 1284 349 ut
1307 311 1378 350 est
1402 303 1509 359 hoc,
1528 326 1546 348 2

287 382 426 422 Caras
446 381 537 420 miti
569 384 665 420 cant
684 377 809 419 ldona
828 378 934 434 lyrae
953 378 1098 419 dulcis.

59 463 312 511 Alcaicam
347 471 531 510 constat
565 470 882 509 mtetrametro
907 462 1334 525 brachycatalecto,
1359 471 1411 509 ut
1439 472 1510 509 est
1527 482 1546 511 3

60 539 165 596 hoc,

284 604 342 644 M
342 618 496 645 cecenas
515 604 668 654 atavis,
689 603 829 659 Lydia
849 616 949 659 quos
951 604 1066 659 fert,
1082 605 1242 659 genite.

1529 710 1550 739 ..a

57 684 316 732 Alcaieam
341 696 526 733 constat
549 693 822 733 tetrametro
847 686 1118 744 acatalecto,
1142 696 1195 734 ut
1219 695 1290 733 est
1314 686 1429 733 hoc:

227 773 460 827 Irffizrzdum
481 774 621 829 tetigit
639 773 790 828 sydera
810 786 976 813 carmen
997 775 1184 830 ”magici
1205 774 1329 815 vatis.

309 960 442 1012 CAP.
470 961 600 1013 VII.
666 963 752 1014 De
777 962 963 1013 ionicis
987 980 1020 1013 a
1046 962 1256 1013 minori.

123 1066 282 1112 Metra
308 1066 460 1112 ionica
492 1085 518 1112 a
542 1067 724 1112 minore
755 1065 1078 1129 principaliter
1111 1065 1321 1128 gaudent
1355 1064 1510 1111 ionico

56 1160 155 1199 suo,
180 1151 257 1188 Οθῖ
283 1160 384 1188 raro
411 1143 599 1189 alterius
624 1142 758 1205 pedis
782 1141 1029 1205 patiuntur
1063 1149 1351 1188 Paccessum.
1417 1140 1510 1187 Sed

55 1234 113 1263 ex
138 1218 383 1281 qplurimis
409 1237 489 1266 sex
517 1219 622 1265 usui
648 1217 874 1264 tradenda
899 1217 1092 1280 subjeci.

121 1295 520 1342 ‘quimocra-tium
556 1303 741 1341 constat
781 1293 984 1340 dimetro
1020 1293 1310 1352 catalectico,
1348 1302 1401 1340 ut
1441 1302 1512 1340 est
1534 1315 1545 1335 1

56 1371 161 1428 hoc,

396 1437 511 1477 Rosa
533 1437 664 1477 rveris
684 1436 899 1492 specimen.

54 1514 470 1561 “Anacreontium
496 1522 680 1561 constat
698 1514 902 1561 dimetro
922 1514 1196 1571 acatalecto,
1220 1522 1273 1560 ut
1297 1522 1369 1560 est
1394 1513 1499 1569 hoc,

394 1591 637 1646 sSapientes
658 1605 776 1631 amor
795 1591 892 1631 odit.

1533 1537 1549 1558 N

55 1674 370 1737 tSapphieum
395 1684 582 1722 constat
606 1675 819 1722 trimetro
846 1674 1135 1730 catalectico,
1162 1684 1215 1722 ut
1239 1684 1310 1722 est
1335 1675 1441 1733 hoc,
1530 1694 1548 1722 3

283 1762 326 1800 F
327 1776 423 1817 nge,
445 1763 584 1817 virgo,
584 1762 707 1817 fizge
727 1777 880 1803 munus
909 1764 1087 1803 Veneris.

60 1846 350 1909 Sapphicam
374 1856 559 1893 constat
583 1847 797 1893 trimetro
820 1848 1127 1904 uacatalecto,
1151 1857 1203 1893 ut
1228 1856 1298 1894 est
1324 1848 1430 1904 hoc,
1530 1867 1551 1896 4

283 1925 418 1965 Sonat
437 1924 524 1964 alta
545 1925 790 1980 trabefloeus
810 1925 885 1965 tibi
907 1925 1044 1965 nidus.

55 1988 430 2072 ‘'Phrynichiam.
472 2018 657 2055 constat
702 2017 976 2055 tetrametro
1017 2008 1307 2066 catalectico,
1348 2018 1402 2055 ut
1441 2019 1546 2056 est5

58 2084 147 2131 hoc

149 2123 162 2142 ⁹
234 2151 331 2191 Tz‘bz‘
353 2160 376 2176 W
386 2152 496 2191 veris
497 2152 604 2205 jero
623 2151 791 2200 donam,
813 2151 903 2191 sola
923 2150 1031 2205 quod
1049 2149 1153 2191 dant
1180 2151 1336 2190 Veneri.

108 2316 128 2344 k
150 2318 366 2364 acatalecto]
388 2319 597 2354 catalectico
618 2319 768 2354 Putsch.
909 2316 920 2343 l
940 2319 1034 2353 dona
1056 2319 1142 2364 Zyroe
1161 2318 1293 2365 dulcis]
1319 2319 1412 2353 dona
1434 2320 1511 2367 lyccz'

58 2372 209 2408 Putsch.
232 2373 325 2406 (lona
348 2372 407 2406 liei
428 2372 473 2407 B.
494 2373 588 2407 (Iona
610 2373 694 2419 lyrae
713 2371 771 2408 M.
897 2378 928 2397 m
950 2376 1158 2406 tetrametro
1180 2372 1507 2419 brachycatalecto]

55 2425 237 2459 omittunt
257 2425 336 2459 Per.
358 2424 506 2461 Putsch.
530 2430 568 2460 ut
589 2431 640 2460 est
662 2426 992 2460 hoc—acatalecto.
1104 2429 1121 2446 ¹¹
1150 2427 1284 2472 magici
1302 2426 1412 2474 vatis]
1434 2439 1510 2461 ma-

53 2479 212 2523 gicorum
230 2478 273 2512 B.
297 2477 447 2514 Putsch.
469 2491 655 2525 magorum
678 2479 757 2514 Per.
847 2485 865 2504 0
886 2491 929 2514 ac
948 2480 1050 2526 raro]
1074 2483 1107 2513 et
1129 2491 1210 2513 raro
1231 2478 1322 2514 Call.
1416 2486 1435 2513 P
1449 2493 1508 2515 ac-

55 2532 206 2578 cessum]
231 2543 388 2566 accessus
408 2531 557 2567 Putsch.
682 2539 703 2566 q
717 2533 886 2579 plurimis
903 2532 979 2579 sex]
997 2532 1163 2579 pluribus
1183 2533 1338 2579 quinque
1357 2532 1509 2568 Putscli.

55 2590 95 2617 qq
122 2584 397 2631 Timocratiam]
426 2583 721 2621 Timocreontium
748 2584 932 2635 Bergkius
961 2584 1062 2634 praef.
1084 2587 1307 2621 Anacreont.
1327 2598 1364 2633 p.
1382 2597 1446 2632 47.
1468 2598 1510 2621 ex

57 2637 251 2686 Hepliaest.
273 2649 305 2672 c.
326 2635 388 2671 xii.
410 2650 444 2685 p.
465 2647 527 2681 71.
603 2644 617 2663 Γ
636 2637 744 2683 veris]
773 2638 918 2674 Veneris
938 2638 1088 2674 Putsch.
1162 2645 1194 2664 rr
1207 2640 1504 2685 Anacreontium]

56 2691 286 2726 Alcmanium
307 2688 506 2725 Santenius
525 2691 610 2726 Ter.
633 2692 757 2728 Maur.
775 2705 810 2741 p.
831 2693 921 2738 336.
1047 2697 1061 2717 S
1089 2692 1281 2739 sapientes]
1304 2693 1444 2739 sapiens
1465 2693 1509 2727 B.

56 2744 144 2780 hinc
166 2756 282 2792 usque
302 2743 346 2778 ad
356 2742 453 2790 fuge
473 2755 548 2778 orn.
569 2744 719 2779 Putscli.
810 2744 825 2770 t
847 2745 1085 2793 Sapphicam]
1110 2747 1390 2780 Anacreontium
1414 2747 1508 2780 San-

57 2795 189 2832 tenius.
300 2803 320 2821 u
336 2796 553 2842 acatalecto]
576 2798 751 2832 catalecto
771 2798 919 2834 Putscli.
1043 2805 1058 2823 V
1081 2798 1358 2845 Plirynicht'am]
1388 2799 1506 2832 Trini-

57 2851 148 2886 cium
170 2849 264 2885 Call.
289 2850 518 2885 Frininicz'am
539 2849 593 2885 M.
752 2858 778 2877 W
798 2852 905 2898 veris]
915 2851 1030 2900 fenus
1050 2852 1093 2888 B.
1117 2852 1266 2888 Putsch.
1293 2844 1429 2886 veneris
1450 2851 1507 2886 M.

56 2904 138 2938 solae
161 2903 309 2939 Putsch.
352 2903 446 2938 Tum
468 2904 643 2950 quoddam
667 2905 786 2939 veneri
806 2904 851 2940 B.
