1962 3355
320 215 412 253 208
827 207 983 255 Marii
1011 207 1249 255 Victorini
1580 222 1678 254 mn.
1698 222 1767 255 1v.

317 327 554 391 prosecuti
590 336 713 385 sunt,
738 328 986 393 Priapeum
1022 338 1227 376 metrum
1265 335 1614 390 nuncuparunt,
1639 328 1766 389 quod

319 421 466 466 genus
504 405 763 451 hexametri
790 405 905 451 adeo
930 405 1150 451 abhorret
1175 406 1232 450 ab
1259 403 1387 449 heroi
1425 403 1541 465 lege,
1566 412 1620 449 ut
1642 412 1765 449 utra-

319 496 410 541 que
444 498 550 544 pars
587 482 833 527 commatis
869 498 1211 541 nonnunquam
1244 478 1463 525 trochaeis
1500 488 1546 525 et
1580 479 1765 534 iambis,

319 568 399 601 aut
423 573 507 618 pro
527 556 734 619 spondeo
754 558 1000 620 anapaestis
1021 556 1284 612 inchoetur,
1300 564 1380 601 aut
1396 555 1575 601 metiam
1595 558 1766 602 cretico

317 630 447 692 prius
483 648 671 678 comma
706 650 791 696 pro
826 633 1015 696 dactylo
1040 633 1333 686 terminetur,
1356 639 1411 677 ut
1434 640 1505 677 est
1529 630 1652 695 apud
1677 630 1768 677 Ca-

316 707 504 765 tullum,

644 773 777 820 lVam
803 780 849 820 te
863 774 1109 836 prcecipue
1132 773 1182 819 in
1205 773 1320 828 suis,

316 846 503 904 dehinc,

646 924 984 988 Hellespontia
1009 927 1194 973 ceteris.

260 1024 298 1066 76
316 1009 534 1072 ¹”quaudo
577 1011 685 1057 bina
727 1023 836 1058 sunt
876 1014 992 1067 cola,
1035 1030 1165 1059 mora
1206 1012 1522 1060 distinctionis
1569 1013 1768 1060 interce-

315 1086 484 1140 dente3
521 1087 646 1149 quod
683 1105 830 1151 genus
866 1106 1086 1135 versuum
1120 1089 1243 1152 apud
1278 1089 1468 1135 Graecos
1507 1089 1767 1136 comoedia-

315 1180 419 1209 rum
443 1172 654 1209 veterum
692 1166 938 1228 scriptores
976 1166 1235 1228 plurimum
1271 1174 1355 1222 est,
1380 1174 1427 1211 et
1454 1166 1603 1228 magis
1640 1165 1766 1228 apud

316 1258 394 1286 eos
418 1241 497 1303 qui
524 1241 722 1304 satyrica
749 1242 1048 1305 scripserunt,
1070 1241 1193 1287 unde
1219 1259 1244 1287 a
1265 1241 1503 1287 nonnullis
1530 1242 1765 1305 satyricon

316 1317 443 1380 prius
469 1318 736 1375 vocabatur,
755 1335 916 1364 verum
944 1329 1108 1382 postea
1131 1318 1274 1364 oabiit
1298 1318 1345 1363 in
1372 1316 1764 1364 consuetudinem

258 1413 296 1445 77
316 1400 369 1438 ut
392 1393 643 1456 Priapeum
664 1394 992 1458 appellaretur.
1049 1395 1148 1441 Sub
1167 1412 1221 1440 ea
1240 1412 1351 1457 ergo
1371 1393 1686 1457 percussione,
1707 1393 1766 1438 de

316 1486 409 1532 qua
435 1470 754 1533 supradictum
783 1480 867 1527 est,
903 1471 1042 1535 primi
1080 1471 1328 1517 commatis
1353 1470 1519 1516 divisio
1543 1478 1590 1515 et
1613 1469 1767 1515 chori-

317 1547 458 1592 ambo
485 1547 640 1593 medio
663 1548 921 1593 subsistens
946 1564 1132 1594 versum
1157 1548 1216 1593 ab
1242 1546 1637 1609 hendecasyllabo
1661 1562 1767 1609 pro-

316 1622 494 1669 fectum
521 1623 791 1679 declarabit,
816 1633 883 1679 ut,

580 1699 748 1745 Sulcos
773 1707 885 1746 tunc
906 1707 1136 1764 retegunt
1160 1717 1310 1747 comoe.

314 1775 455 1830 Item,

575 1850 872 1898 Jamdudum
898 1852 985 1898 tibi
1010 1852 1258 1899 disserens.

312 1925 442 1972 Nam
468 1927 559 1973 tale
584 1937 668 1983 est,
693 1928 845 1990 quale,

582 2003 673 2050 Cui
696 2022 788 2051 non
812 2004 968 2050 dictus
992 2003 1158 2067 Hylas
1175 2021 1314 2067 puer.

257 2078 484 2141 781taque
522 2080 557 2125 si
594 2088 841 2142 tamquam
868 2080 1157 2142 Glyconium
1184 2080 1421 2137 dividitur,
1446 2080 1532 2126 erit
1555 2080 1766 2144 primum

313 2172 501 2201 comma
525 2156 884 2218 octasyllabum,
911 2157 959 2203 in
989 2174 1084 2218 quo
1119 2157 1247 2220 prior
1281 2156 1532 2220 spondeus,
1566 2174 1766 2218 sequens

313 2231 630 2288 choriambUS,
655 2232 820 2277 tertius
847 2233 1126 2296 tribrachys,
1160 2232 1315 2295 Pquod
1353 2237 1402 2278 in
1433 2233 1762 2278 hexametrum

313 2307 563 2370 Priapeum
602 2308 807 2354 converti
847 2308 913 2354 sic
949 2309 1146 2372 poterit:
1184 2309 1314 2355 solvo
1347 2308 1694 2364 choriambum,
1720 2318 1767 2354 et

312 2384 616 2429 novissimam
664 2384 763 2446 ejus
810 2385 1037 2447 syllabam
1086 2384 1269 2431 duabus
1321 2384 1498 2430 ultimis
1546 2383 1765 2429 brevibus

313 2459 566 2522 conjungo,
605 2468 656 2506 ut
697 2477 756 2506 ex
801 2460 1077 2506 choriambo
1118 2470 1164 2506 et
1199 2460 1467 2507 qtribracho
1502 2460 1766 2506 efficiantur

313 2535 487 2599 dactyli
514 2535 623 2589 duo,
649 2536 734 2581 erit
760 2536 893 2581 colon
927 2537 1204 2594 hexametri,
1228 2536 1304 2583 cui
1342 2537 1377 2582 si
1409 2536 1762 2582 Pherecratium

314 2612 695 2675 heptasyllabum
734 2613 1021 2676 apposueris,
1057 2613 1387 2659 hexametrum
1417 2631 1605 2659 versum
1635 2631 1766 2659 com-

367 2761 398 2780 m
417 2754 471 2799 et]
494 2755 606 2790 etiam
623 2754 662 2790 P.
832 2761 852 2779 n
873 2754 1040 2803 quando]
1065 2768 1176 2804 quam
1194 2757 1233 2792 P.
1409 2765 1426 2783 0
1447 2756 1553 2804 abiit]
1578 2757 1624 2793 ab
1644 2757 1700 2792 his
1720 2757 1761 2793 P.

313 2814 334 2842 P
354 2807 472 2857 quod]
496 2808 558 2856 qui
580 2807 618 2843 P.
729 2814 749 2840 q
770 2806 953 2843 tribracho
973 2809 1235 2856 conficiantur]
1258 2808 1431 2845 tribrachi
1450 2810 1656 2847 efficiantur
1672 2810 1711 2845 P.

485 2921 547 2969 78.
568 2920 789 2970 tribrachys]
813 2920 1006 2970 dibrachys
1027 2922 1179 2958 Santen.
1200 2922 1285 2958 Ter.
1307 2922 1428 2958 Maur.
1450 2935 1485 2970 p.
1507 2922 1597 2969 368.
