1962 3355
381 217 466 256 534

822 215 893 255 Fl.
915 214 973 255 M
972 215 1101 255 allius
1126 210 1367 255 Theodorus

380 327 626 384 aptaverint,
645 325 835 367 videlicet
864 326 975 382 quod
1007 325 1178 367 canendi
1208 324 1384 366 dulcedo
1413 323 1497 364 sine
1527 321 1603 362 hac
1632 321 1826 362 varietate

380 395 572 436 exsistere
592 394 706 435 nulla
724 394 875 449 possit:
909 394 985 443 qis,
1007 393 1078 449 qui
1100 408 1148 433 ex
1172 392 1235 432 his
1258 391 1447 447 pedibus,
1467 399 1480 418 r
1487 389 1559 444 qui
1590 388 1693 429 solas
1721 388 1827 428 inter

381 463 538 511 breves,
555 471 627 502 aut
648 461 751 502 solas
772 461 914 516 longas
933 460 1108 516 syllabas
1125 458 1350 506 habebunt,
1367 455 1491 496 Seffici
1511 470 1629 510 posse
1649 465 1826 495 metrum

382 529 660 577 texistimavit,
695 528 747 568 ab
782 527 893 568 omni
933 526 1088 567 musica
1122 524 1307 565 doctrina
1339 534 1592 564 transversus
1621 522 1754 562 fertur
1787 532 1828 562 et

344 616 364 642 4
382 596 539 638 devius.
566 598 650 636 VAt
667 610 762 635 vero
777 610 827 634 ex
841 593 987 649 viginti
1007 602 1048 632 et
1066 600 1159 632 octo
1179 590 1332 646 pedum
1352 604 1537 639 numero,
1555 597 1688 644 unot
1704 603 1828 643 supra

381 662 690 710 declaravimus,
704 660 806 715 xqui
826 659 965 700 metris
986 658 1106 699 utiles
1123 657 1217 707 sint,
1231 667 1279 697 ut
1298 665 1516 713 appareat:
1539 656 1627 711 ipsa
1646 656 1827 712 primum

382 740 603 770 metrorum
633 742 783 783 genera
813 741 907 781 quae
939 726 1032 775 sint,
1054 724 1421 767 demonstrandum
1450 723 1569 764 nobis
1598 734 1682 773 est3
1719 732 1826 777 post,

382 796 452 851 qui
474 795 612 836 metris
634 804 704 835 aut
724 793 982 843 conveniant,
1000 804 1072 833 aut
1092 792 1144 833 ab
1164 792 1228 832 his
1248 791 1492 847 discrepent,
1510 790 1810 846 explicandum.

384 952 456 989 qua
487 937 636 987 copiose
673 945 827 987 egerunt
860 936 924 973 viri
961 936 1075 978 docti,

384 1005 476 1041 quos
506 991 630 1027 laudat
661 999 812 1040 patruus
843 1003 947 1026 meus
972 991 1011 1025 in
1038 1002 1075 1025 e-

385 1043 668 1081 mendationum
702 1043 796 1079 libro
831 1044 881 1079 11.
914 1056 945 1078 c.
968 1043 1004 1079 6.
1039 1055 1076 1092 p.

388 1098 473 1134 218.
512 1096 556 1133 ad
596 1097 719 1133 locum
758 1095 878 1132 Curtii
916 1096 986 1132 IV.
1017 1108 1075 1131 10.

384 1151 489 1187 Adde
527 1150 586 1187 Cl.
622 1148 788 1186 Leisneri
828 1148 994 1185 adnotat.
1033 1148 1077 1184 ad

384 1204 517 1240 Lamb.
548 1204 624 1239 Bos
644 1202 682 1239 in
705 1201 824 1251 ellipsi
843 1215 925 1238 voc.
940 1200 1079 1249 ’Ἄνθρω-

384 1273 446 1301 ποι,
471 1264 522 1297 et,
553 1255 582 1291 si
613 1268 667 1292 res
697 1256 793 1291 tanti
821 1256 901 1297 erit,
924 1268 978 1298 ea,
999 1267 1079 1303 quae

385 1308 460 1346 dixi
490 1308 535 1344 ad
565 1308 754 1345 Plutarch.
776 1308 822 1344 de
847 1308 949 1344 liber.
971 1308 1077 1344 educ.

386 1375 418 1399 c.
453 1362 567 1398 XlII.
605 1373 665 1407 14.
722 1362 804 1398 Nec
845 1368 970 1398 movet
1008 1372 1077 1403 me,

386 1416 485 1464 quod
506 1415 655 1451 verbum
675 1413 882 1460 adjunxerit
905 1413 1081 1463 singulari

386 1481 541 1505 numero
573 1468 611 1503 in
643 1467 843 1503 Theodoro
879 1465 1078 1516 praecessit.

387 1521 518 1557 Solent
546 1520 648 1556 enim
674 1520 808 1568 optimi
837 1519 1032 1569 scriptores
1058 1531 1078 1555 e

386 1574 563 1624 singulari
610 1573 646 1609 in
692 1572 872 1622 pluralem
912 1571 1077 1608 transire.

387 1627 537 1663 Sallust.
559 1626 668 1662 Catil.
689 1626 843 1662 XXIII.
867 1626 903 1661 6.
937 1626 1076 1661 Nobili-

386 1686 441 1716 tas
461 1681 596 1715 ‘invidia
615 1680 801 1720 (estuabat,
825 1684 858 1713 et
879 1680 981 1725 quasi
999 1678 1079 1724 pol-

385 1735 436 1769 lui
457 1734 679 1768 consulatum
701 1732 900 1767 credebant.
934 1730 1015 1766 Vid.
1033 1730 1078 1765 ad

385 1787 421 1822 h.
443 1786 464 1821 l.
486 1798 567 1834 quae
595 1784 782 1834 congessit
802 1784 951 1820 Cortius
976 1791 1014 1819 et
1033 1783 1079 1818 ad

384 1838 560 1887 Jugurth.
582 1838 689 1874 XIV.
711 1849 769 1884 13.
801 1837 956 1873 HEUS.

438 1899 458 1926 q
486 1893 526 1932 is,
550 1892 610 1938 qui
639 1904 680 1926 ea·
701 1891 754 1926 his
773 1890 938 1937 pedibus]
963 1890 1077 1926 MSS.

386 1946 439 1980 his
459 1946 518 1991 qui
538 1957 580 1979 ea:
593 1945 647 1980 his
661 1945 822 1991 pedibus.
852 1944 897 1979 In
915 1943 1076 1992 Guelph.

359 2014 364 2017 ’
384 2006 583 2038 corrector,
623 1996 741 2045 priore
780 1997 832 2031 his
877 2004 1077 2044 expuncto,

385 2049 519 2086 stolide
540 2062 581 2085 ex
602 2051 663 2096 qui
683 2048 770 2086 fecit
790 2051 887 2096 quia.
912 2049 1065 2085 HEUS.

437 2110 453 2129 Υ
483 2105 544 2150 qm·
571 2104 665 2138 solas
695 2105 787 2138 inter
814 2103 948 2150 breves]
982 2103 1079 2137 Prae-

385 2155 561 2206 positioni
582 2158 675 2191 inter
693 2155 795 2191 locus
815 2154 875 2190 hic
896 2168 970 2191 non
991 2154 1080 2191 satis

385 2209 605 2245 commodus
634 2221 714 2244 esse
735 2207 885 2251 videtur,
905 2209 1017 2244 etiam
1047 2207 1077 2243 si

385 2263 535 2298 verbum
553 2263 732 2297 habebunt
744 2262 959 2297 Graecorum
975 2273 1077 2296 more

385 2314 555 2351 absolute
578 2314 834 2363 accipiendum
855 2326 936 2350 esse
956 2321 1076 2362 putes.

386 2368 475 2404 Ideo
506 2367 724 2416 particulam
759 2368 853 2403 hauc
881 2366 1077 2402 delendam

385 2433 464 2456 esse
493 2419 749 2465 conjiciebam.
790 2419 906 2455 Nunc
927 2419 1078 2468 propius

385 2486 470 2509 vero
501 2471 658 2514 videtur,
688 2471 929 2507 Theodorum
962 2470 1078 2519 scrip-

385 2526 476 2562 sisse
502 2527 562 2571 (μα’
589 2526 684 2560 solas
712 2526 806 2560 inter
823 2537 860 2559 se
885 2525 1014 2565 breves,
1042 2523 1078 2559 id

385 2586 454 2620 est,
488 2579 548 2626 qui
580 2575 770 2626 conjuncti
808 2577 884 2612 sive
921 2575 1078 2612 universi

384 2633 479 2667 solas
499 2632 628 2672 breves,
649 2634 714 2665 aut
741 2630 836 2665 solas
862 2630 987 2676 longas
1006 2630 1078 2676 syl-

386 2686 486 2720 labas
530 2684 719 2718 habebunt.
787 2683 846 2718 Ita
891 2681 1079 2732 eleganter

385 2735 518 2787 optimi
541 2735 737 2785 scriptores
757 2737 850 2770 inter
868 2748 904 2770 se
923 2742 1079 2770 utuntur

385 2803 453 2840 pro
473 2792 626 2837 utrique.
654 2788 743 2824 Vid.
764 2787 912 2824 Cortius
933 2787 977 2823 ad
1000 2788 1078 2824 Sal-

386 2843 472 2880 lust.
493 2844 582 2892 Jug.
603 2855 635 2878 c.
657 2841 764 2878 XLI.
789 2853 823 2877 2.
857 2840 1013 2878 HEUS.

439 2903 454 2923 S
483 2896 588 2945 effici]
612 2895 703 2931 Post
723 2895 793 2930 hoc
814 2894 964 2930 verbum
994 2906 1077 2930 cor-

1133 944 1252 972 rector
1285 935 1424 972 codicis
1458 935 1622 984 Guelph.
1655 933 1827 984 imperite

1132 988 1235 1025 addit
1254 1002 1335 1025 non.
1366 989 1522 1024 HEUS.

1186 1042 1200 1068 t
1232 1043 1457 1084 existimavit,
1486 1042 1530 1077 ab
1558 1042 1669 1088 omni]
1700 1040 1826 1078 Quum

1135 1094 1171 1130 in
1204 1095 1366 1144 Guelph.
1398 1095 1613 1143 reperissem
1646 1095 1826 1129 existima·

1133 1150 1196 1189 vit,
1228 1153 1270 1184 ut
1298 1149 1343 1183 ab
1372 1150 1492 1183 omni:
1522 1146 1826 1196 conjunctionem

1134 1206 1175 1236 ut
1212 1200 1427 1243 tollendam,
1466 1208 1504 1236 et
1540 1201 1753 1236 existimavit
1788 1198 1827 1235 in

1135 1255 1349 1290 existimabit
1378 1253 1596 1289 mutandum
1627 1265 1707 1289 esse
1731 1252 1827 1288 arbi—

1134 1308 1270 1343 trabar.
1328 1307 1388 1342 De
1430 1305 1697 1353 conjunctione
1742 1318 1826 1354 pro-

1135 1359 1330 1396 scribenda
1361 1358 1551 1396 consensit
1578 1358 1694 1394 Paris.
1723 1358 1826 1402 liber,

1135 1413 1197 1449 sed
1218 1413 1330 1455 idem,
1348 1412 1446 1461 quod
1464 1413 1598 1448 attinet
1613 1411 1659 1448 ad
1675 1411 1826 1448 verbum

1135 1468 1361 1508 existimavit,
1392 1465 1429 1501 in
1458 1465 1530 1501 alia
1558 1463 1684 1500 omnia
1711 1463 1829 1500 disce-

1135 1518 1199 1555 dit.
1267 1520 1398 1567 Itaque
1432 1516 1555 1553 invitis
1592 1517 1694 1553 libris
1731 1530 1826 1566 prae-

1135 1571 1282 1608 teritum
1313 1580 1461 1619 tempus
1491 1579 1635 1606 mutare
1661 1583 1735 1605 non
1762 1583 1826 1605 au-

1135 1625 1217 1666 deo,
1241 1625 1339 1673 quod
1360 1623 1447 1660 satis
1467 1631 1552 1672 apte
1572 1624 1736 1672 positum
1758 1630 1826 1665 est,

1135 1677 1164 1713 si
1175 1678 1394 1714 Theodorus
1408 1676 1526 1725 tangit
1538 1676 1697 1725 aliquem
1713 1674 1826 1724 scrip-

1134 1739 1251 1767 torem
1285 1731 1330 1765 de
1365 1729 1502 1772 metris,
1524 1729 1586 1777 qui
1615 1729 1827 1770 tradiderat,

1134 1796 1176 1820 ex
1204 1782 1291 1818 solis
1312 1783 1495 1824 brevibus,
1518 1790 1581 1818 aut
1600 1781 1687 1817 solis
1708 1780 1828 1830 longis

1136 1835 1283 1885 syllabis
1303 1835 1396 1872 effici
1419 1843 1577 1871 metrum
1599 1847 1718 1883 posse.
1748 1835 1826 1870 Ad-

1134 1890 1279 1925 firmare
1319 1890 1412 1925 hanc
1449 1887 1734 1937 explicationem
1773 1886 1829 1923 vi-

1134 1942 1280 1985 dentur,
1309 1956 1389 1991 quae
1418 1941 1463 1978 de
1491 1940 1680 1976 trochaico
1710 1948 1829 1976 metro

1134 1995 1308 2044 leguntur
1341 1995 1436 2031 infra
1473 2007 1552 2043 cap.
1585 1994 1652 2030 Vl.
1683 2003 1718 2041 5.
1751 2006 1827 2042 seq.

1139 2049 1292 2085 HEUS.

1188 2109 1208 2127 v
1244 2103 1295 2138 At
1341 2102 1441 2148 vero]
1490 2101 1617 2139 Quum
1658 2100 1695 2135 in
1742 2099 1828 2134 MS.

1136 2154 1299 2204 Guelph.
1322 2161 1496 2202 corrupte
1525 2158 1590 2188 aut
1617 2165 1700 2188 vero
1728 2152 1828 2201 lege-

1134 2216 1246 2249 retur,
1269 2207 1511 2243 emendabam
1541 2205 1603 2248 ita,
1627 2214 1667 2241 ut
1689 2217 1788 2241 nunc
1808 2217 1829 2240 e

1133 2261 1248 2296 Paris.
1271 2259 1399 2296 codice
1419 2258 1573 2308 reposui.
1605 2258 1762 2293 HEUS.

1186 2320 1215 2338 w
1240 2317 1325 2360 quot
1342 2324 1452 2359 supra
1472 2311 1750 2357 declaravimus]
1774 2310 1828 2346 U-

1133 2374 1262 2413 terque
1281 2366 1366 2400 MS.
1388 2366 1495 2411 quod,
1517 2375 1622 2399 more
1648 2372 1826 2405 veterum,

1133 2419 1198 2466 qui
1234 2430 1331 2466 saepe
1368 2418 1462 2464 quod
1499 2429 1565 2465 pro
1603 2421 1700 2464 quot,
1736 2417 1830 2464 quod

1133 2471 1236 2506 annis
1265 2483 1330 2519 pro
1359 2475 1444 2517 quot
1472 2471 1576 2506 annis
1604 2468 1827 2505 scribebant.

1134 2523 1216 2559 Nec
1249 2531 1373 2559 tamen
1407 2523 1647 2565 contendam,
1679 2522 1709 2558 si
1749 2521 1829 2570 quis

1134 2575 1253 2626 legere
1276 2575 1445 2612 maluerit
1465 2589 1551 2624 quos
1577 2587 1700 2622 supra.
1756 2575 1828 2610 Pro

1133 2631 1394 2665 declaravimus
1421 2628 1458 2665 in
1491 2630 1606 2665 Paris.
1636 2639 1827 2677 perperam

1133 2690 1189 2718 est
1209 2683 1481 2719 declarabimus.
1514 2682 1670 2718 HEUS.

1186 2742 1207 2761 X
1227 2738 1289 2782 qui
1306 2738 1427 2771 metris
1439 2737 1544 2771 utiles
1557 2735 1645 2781 sint]
1666 2732 1827 2782 Guelph.

1134 2789 1222 2824 utile
1241 2790 1322 2825 sint.
1368 2788 1477 2824 Paris.
1499 2790 1560 2836 qui
1577 2788 1699 2823 metris
1723 2786 1829 2821 utiles

1133 2843 1216 2884 sint,
1236 2847 1278 2878 ut
1297 2847 1510 2889 appareant.
1543 2840 1695 2877 HEUS.
