1962 3355
155 176 261 207 CAP.
288 166 359 218 17.
396 159 481 207 De
491 160 693 223 pedibus
711 159 925 205 metricis
943 158 1042 205 sive
1058 157 1476 222 significationum.
1514 157 1610 217 469

156 281 220 327 ita
254 290 431 335 tamen,
457 289 539 326 Put
570 296 653 343 per
677 278 837 324 omnia
861 277 950 323 ista
974 276 1232 333 intervalla,
1257 294 1362 339 quae
1386 276 1610 331 diximus,

154 375 260 421 pars
280 356 502 403 orationis
522 354 726 401 finiatur.
764 353 1055 401 Remanebit
1073 371 1178 416 pars
1198 371 1372 410 versus,
1387 371 1492 415 quae
1513 353 1612 399 qdi-

155 433 277 479 citur
299 442 540 485 rcomma;
577 431 668 477 hoc
693 448 882 477 comma
906 429 943 475 si
973 431 1177 494 priorem
1207 429 1425 476 habuerit
1448 429 1612 493 dacty-

156 509 273 565 lum,
298 508 481 555 dicetur
504 506 811 570 dactylicum,
835 514 888 553 ut
912 518 997 561 est,

559 584 692 624 Orsus
712 584 763 623 ab
784 583 882 624 alto.

157 657 192 703 si
221 656 501 720 spondeum,
526 655 846 720 Sspondaizon
873 656 1151 720 appellatur,
1176 664 1227 702 ut
1250 664 1335 711 est,

330 740 502 779 Cornua
522 738 754 778 velatarum
774 739 1023 779 obvertimus
1043 744 1351 779 antemnarum.

226 817 320 864 Hae
358 816 625 873 incisiones,
651 834 766 878 quas
801 817 951 863 Graeci
991 817 1139 878 ι-ι-ομιῖις
1175 817 1431 881 appellant,
1451 817 1614 880 figuris
1636 833 1652 865 7

158 894 423 940 formantur
446 893 612 950 tribus,
637 892 857 957 simplici,
878 893 1156 957 composita,
1181 894 1450 956 conjuncta.
1491 893 1617 940 Sim-

159 970 270 1034 plex
297 978 380 1023 θεῖ,
406 986 513 1015 cum
542 969 779 1015 invenitur
802 969 850 1015 in
877 987 1012 1016 versu
1037 988 1132 1016 una
1156 969 1336 1025 incisio,
1361 980 1414 1017 ut
1438 979 1525 1026 est,

274 1051 489 1091 Panditur
509 1052 668 1091 interea
688 1051 832 1092 domus
852 1053 1142 1107 omnipotentis
1165 1052 1346 1108 Olympi.

161 1129 454 1192 Composita‚
480 1138 620 1176 ucumn
648 1129 752 1176 duae
777 1129 1095 1187 inveniuntur,
1121 1138 1173 1176 ut
1198 1139 1284 1184 est,

274 1210 507 1265 Infandum
527 1212 683 1267 regina
687 1212 816 1266 jubes
841 1212 1061 1265 [renovare
1080 1211 1289 1266 dolorem]

162 1289 445 1351 Conjuncta‚
470 1307 579 1335 cum
608 1298 700 1335 tres
727 1290 1046 1347 inveniuntur,
1073 1297 1125 1335 ut
1148 1298 1236 1347 est,

282 1377 458 1417 Talibus
478 1377 681 1426 Ilioneus,
703 1377 839 1417 cuncti
859 1377 986 1417 simul
1004 1391 1074 1418 ore
1074 1377 1323 1432 fremebant

274 1445 552 1485 Dardanidae.

162 1598 330 1645 XVII.
371 1598 482 1645 νΒΕ
508 1613 724 1645 PEDIBUS
750 1614 988 1645 METRICIS
1013 1614 1123 1645 SIVE
1149 1614 1618 1647 SIGNIFICATIONUM.

229 1703 510 1766 vvOptimus
541 1720 700 1749 versus
735 1703 856 1750 dena
891 1704 1176 1767 proprietate
1213 1714 1464 1768 spectatur,
1493 1705 1621 1768 prin-

166 1780 290 1843 cipio
334 1789 386 1825 ut
420 1780 515 1825 sint
551 1779 735 1836 illibati,
770 1778 968 1842 injuges,
1005 1780 1322 1842 aequiformes,
1360 1781 1621 1844 uninqui-

166 1864 337 1919 partes,
372 1854 654 1918 partipedes‚
688 1855 935 1911 fistulares,
971 1856 1205 1919 aequidici,
1230 1866 1413 1912 teretes,
1449 1858 1621 1915 sonori,

222 2041 240 2069 P
261 2033 288 2070 si
311 2034 393 2084 per]
416 2040 458 2069 ut
472 2047 539 2081 per
559 2033 652 2070 A.B.
675 2035 770 2070 Ven.
866 2041 887 2069 q
906 2036 1045 2070 dicetur
1063 2035 1108 2072 A.
1199 2043 1213 2063 Γ
1233 2048 1381 2073 comma.
1399 2037 1463 2073 hoc
1483 2050 1620 2074 comma

167 2089 196 2123 si
221 2090 378 2135 priorem
408 2088 572 2123 habuerit
601 2089 783 2135 dactylum
806 2089 938 2124 dicitur
959 2088 1053 2124 AB.
1100 2089 1178 2124 Hoc
1201 2102 1339 2125 comma
1363 2089 1497 2140 repetit
1523 2092 1619 2127 Ven.

168 2148 183 2168 s
202 2141 451 2188 spondiacum]
476 2143 692 2188 spondiazon
709 2142 802 2177 AB.
822 2143 1054 2189 sponclaiczcm
1069 2142 1167 2179 Ven.
1197 2143 1295 2178 Tum
1316 2145 1560 2192 appellabitur
1575 2145 1620 2180 A.

167 2194 182 2221 t
202 2194 406 2240 commata]
431 2199 544 2230 tomas
559 2195 606 2231 A..
669 2201 689 2220 u
703 2196 806 2242 cum]
826 2200 866 2230 ut
881 2195 979 2231 Ven.
1047 2202 1066 2220 V
1086 2194 1231 2234 Quibus
1252 2203 1289 2231 et
1303 2205 1395 2245 quot
1415 2197 1619 2247 proprieta-

169 2247 268 2284 tibus
290 2260 414 2283 versus
434 2248 641 2296 spectetur]
668 2248 726 2284 De
736 2249 888 2295 pedibus
902 2249 1058 2284 metricis
1071 2250 1144 2284 sive
1158 2250 1457 2298 significationum
1478 2252 1522 2286 In
1539 2279 1547 2287 .
1563 2279 1570 2287 .
1587 2279 1594 2287 .
1612 2279 1620 2287 .

169 2306 220 2338 ta.
251 2302 414 2348 Optimus
432 2313 553 2337 versus
572 2302 903 2349 (Iena—spectatur
916 2302 1013 2338 AB.
1105 2309 1146 2328 VV
1161 2302 1346 2351 Primum]
1364 2305 1504 2351 primus
1523 2305 1621 2341 Ven.

167 2361 197 2380 W
220 2353 525 2403 Quinquipartes,
557 2354 767 2404 ParipedeS‚
798 2353 1011 2397 Fistulares,
1039 2354 1248 2405 Aequidici,
1277 2357 1443 2401 Teretes,
1475 2357 1620 2401 Sonori,

169 2407 340 2443 Vocales.
369 2408 499 2456 Itaque
519 2415 557 2443 et
573 2408 694 2444 Graeei
714 2408 783 2444 hos
804 2414 1023 2457 nuncupant
1041 2411 1228 2457 ἀπηλεγεῖς,
1248 2412 1395 2457 ἀζύγους,
1416 2411 1621 2457 ἷσοσχῆμους,

169 2464 387 2507 πενταμερεῖς,
410 2461 568 2503 ico-ntem,
595 2463 795 2509 πηδωμερεῒς,
826 2464 1019 2504 ἶσολεκτοὺς,
1047 2467 1253 2510 κυκλοτερεῖς,
1281 2464 1458 2508 ἠχετικοὺς,
1481 2470 1622 2513 φωνητι-

170 2515 249 2553 κούς.
297 2512 370 2550 Qui
393 2525 479 2549 vero
499 2511 538 2548 in
558 2513 643 2561 hac]
668 2516 948 2562 quinquipertes,
974 2517 1193 2563 partipedeS,
1211 2517 1411 2564 fistulares,
1432 2519 1623 2565 aequidicti,

174 2570 312 2607 teretes,
332 2578 485 2608 sonores,
506 2568 655 2603 vocales.
676 2570 797 2615 itaque
816 2573 850 2604 et
871 2569 1002 2604 Graecz's
1016 2581 1077 2605 vos
1096 2575 1307 2617 nuncupant
1325 2572 1469 2618 apleges
1488 2573 1622 2618 azigys,

172 2619 403 2666 aprosclzemi,
430 2621 659 2665 pentameris,
683 2623 896 2668 pmiomeris,
923 2623 1108 2670 sizopodis,
1136 2623 1280 2666 isolecti,
1310 2625 1499 2671 cyclotelss,
1521 2625 1623 2659 echo-

174 2674 271 2714 tz'cee,
280 2671 470 2720 fonastici.
510 2672 551 2707 Si
568 2685 648 2708 vero
664 2673 730 2709 hac
749 2675 786 2709 in
804 2675 847 2710 A.
877 2677 1031 2722 quinque
1051 2678 1181 2723 partis,
1198 2678 1408 2724 partipedis,
1426 2678 1622 2725 fistularis,

172 2727 332 2772 —graeci
351 2738 432 2760 suos
456 2731 665 2772 nuncupant
693 2728 837 2773 apleges
865 2729 988 2774 azygis
1013 2730 1234 2776 aproschemi
1258 2731 1485 2777 pentemerisi
1510 2731 1624 2776 podo-

173 2779 278 2814 meris
304 2780 487 2826 syropedis
514 2779 650 2814 isolecti
680 2781 858 2826 cyclotelis
888 2781 1084 2818 echeticeae
1101 2783 1290 2831 fonasticy
1308 2811 1316 2820 .
1339 2811 1345 2819 .
1368 2784 1417 2818 sic
1445 2794 1527 2817 vero
1559 2782 1626 2817 hac

175 2834 211 2867 in
232 2832 275 2868 B.
306 2834 468 2879 apeleges
487 2834 606 2878 atigus
625 2833 847 2880 aproschenii
871 2838 1104 2881 pentametris
1128 2838 1331 2884 podomeris
1353 2837 1527 2883 sii-opodis
1555 2837 1624 2870 iso-

176 2886 237 2920 leti
256 2886 434 2931 cyclotelis
456 2890 489 2920 et
510 2885 657 2921 bereche
672 2886 869 2932 planastici
890 2887 983 2923 Ven.
