1962 3355
333 242 427 280 250
883 229 1043 277 Marii
1067 228 1223 275 Plotii

297 373 312 393 2
332 352 665 410 chilochicam‚
684 352 983 415 dactylicam,
1003 350 1309 413 Sapphicam,
1329 346 1579 393 Simmiam
1598 365 1607 392 ε
1643 354 1781 392 tetra-

334 439 504 476 metras
555 429 686 483 duas,
736 429 1002 475 bucolicam
1047 433 1387 478 tetrametram,
1428 423 1501 468 vel
1543 422 1780 468 heroicam

334 505 732 551 Anacreontiam:
783 504 1018 549 trimetras
1066 511 1175 556 tres,
1222 498 1558 554 hemidexiam,
1605 498 1784 561 Glyco-

335 583 479 637 niam,
537 580 885 627 Pherecratiam
935 578 1119 624 tertiam
1169 575 1490 622 trochaicam:
1559 573 1783 620 dimetras

332 668 440 714 tres,
466 657 729 712 Adoneam,
757 653 1128 717 Hymenaicam‚
1152 650 1644 716 penthemimericam.
1692 648 1784 694 Sed

334 733 572 797 simplices
596 732 654 777 de
680 731 751 776 his
785 730 954 775 horum
990 728 1313 774 schematibus
1347 744 1428 791 per
1451 726 1671 790 exempla
1694 734 1787 771 tra-

333 817 532 855 ctemuS.

297 904 315 932 3
833 880 914 925 De
939 880 1126 926 heroico
1153 886 1317 926 metro.

402 959 668 1005 Heroicztm
703 964 904 1001 metrum
946 965 966 983 ¹³
984 965 1029 1001 et
1055 955 1347 1018 Delphicum
1376 964 1423 1001 et
1452 953 1786 1016 Theologz'cum

335 1043 650 1098 nuncupatur.
723 1032 985 1077 Hcroicum
1026 1049 1084 1077 ex
1125 1032 1355 1086 Homero,
1391 1031 1471 1093 qui
1509 1030 1599 1075 hoc
1638 1037 1788 1074 metro

335 1112 529 1156 heroum
581 1109 703 1155 facta
750 1106 1046 1170 composuit;
1116 1107 1408 1170 Delphicum
1460 1107 1519 1152 ab
1564 1104 1790 1168 Apolline

334 1185 587 1249 Delphico,
613 1185 693 1246 qui
731 1184 911 1246 primus
946 1184 1036 1229 hoc
1071 1200 1180 1228 usus
1213 1191 1283 1228 est
1321 1191 1498 1235 metro;
1534 1178 1790 1241 Theologi-

335 1281 443 1310 cum
483 1263 541 1307 ab
578 1260 773 1323 Orpheo
813 1270 860 1306 et
903 1260 1106 1314 Musaeo,
1142 1259 1221 1321 qui
1265 1259 1480 1305 Deorum
1524 1255 1787 1304 sacerdotes

300 1356 444 1389 4cum
472 1346 642 1391 essent,
669 1337 874 1399 hymnos
905 1336 996 1381 hoc
1023 1343 1172 1380 metro
1197 1335 1482 1381 cecinerunt.
1553 1333 1665 1379 Hoc
1691 1349 1791 1378 me-

338 1423 461 1460 trum
496 1412 664 1475 recipit
696 1411 839 1475 pedes
874 1413 976 1465 hos,
1003 1411 1281 1473 spondeum,
1320 1411 1579 1473 dactylum,
1615 1418 1662 1454 et
1697 1417 1792 1454 tro-

338 1490 540 1545 chaeum,
580 1488 660 1534 sed
699 1496 831 1533 sexto
864 1488 984 1541 loc0,
1016 1486 1062 1531 id
1096 1496 1166 1533 est
1201 1487 1470 1533 novissimo.
1541 1483 1791 1548 Spondeus

337 1564 482 1627 igitur
506 1573 552 1610 et
577 1563 792 1626 dactylus
818 1562 979 1609 variati
1005 1562 1186 1609 faciunt
1210 1573 1415 1608 metrum
1453 1562 1624 1607 habere
1660 1560 1793 1606 sche-

340 1649 468 1686 mata
492 1655 660 1696 XXXII,
686 1657 790 1701 quae
816 1647 897 1684 aut
921 1638 1166 1701 exemplis
1184 1647 1203 1667 0
1221 1638 1468 1685 doctorum
1507 1645 1588 1684 aut
1622 1635 1792 1684 nostris

338 1715 632 1761 docebimus.

303 1840 320 1872 5
607 1824 690 1869 De
712 1824 964 1870 schematis
988 1823 1164 1869 heroici
1188 1825 1331 1870 metri
1354 1839 1522 1870 XXXII.

408 1900 895 1946 Monoscszematistus
912 1899 1175 1963 dactylicus
1205 1899 1391 1957 dicitur,
1417 1900 1497 1963 qui
1523 1917 1688 1945 omnes
1713 1915 1793 1962 pe-

340 1977 421 2023 des
447 1977 658 2039 quinque
684 1976 898 2038 dactylos
931 1976 1089 2032 habet,
1115 1976 1243 2033 (nam
1274 1986 1434 2022 sextus
1470 1993 1552 2040 pes
1586 1993 1680 2021 non
1705 1992 1795 2021 nu-

342 2062 549 2099 meratur
573 2053 693 2098 inter
718 2051 994 2113 schemata‚)
1020 2051 1154 2113 cujus
1180 2052 1454 2115 exemplum
1482 2052 1573 2098 hoc
1597 2060 1694 2097 est:

512 2130 568 2169 At
589 2128 687 2168 tuba
709 2128 932 2168 terribilem
952 2129 1130 2167 sonitum
1151 2128 1300 2182 procul
1318 2142 1404 2168 aere
1424 2142 1586 2168 canoro.

305 2210 325 2241 6
411 2200 894 2246 Monosclzematistus
929 2200 1298 2261 rspondeadeus,
1324 2217 1433 2245 cum
1469 2199 1679 2262 quinque
1715 2215 1797 2261 pe-

343 2276 481 2322 dibus
507 2275 727 2339 spondeis
753 2292 912 2321 versus
937 2275 1078 2320 fuerit
1102 2276 1410 2338 compositus,
1439 2285 1505 2331 ut,

514 2351 814 2405 Armatumque
833 2365 940 2390 auro
959 2352 1193 2405 suspexerit
1217 2352 1388 2390 Oriona.

310 2437 326 2471 7
411 2422 895 2469 quntaschematisti
919 2421 1147 2485 dactylici
1169 2424 1292 2468 fiunt
1312 2422 1464 2468 modis
1484 2422 1709 2484 quinque.
1746 2422 1794 2467 Si

346 2499 527 2562 primus
554 2499 614 2544 sit
639 2498 870 2562 dactylus,
895 2499 1034 2545 ceteri
1060 2507 1284 2561 quattuor
1309 2497 1520 2563 spondei,
1545 2507 1599 2544 ut
1623 2498 1797 2544 Lucre-

345 2575 439 2621 tius
464 2574 582 2620 libro
606 2575 744 2620 tertio
767 2593 775 2620 ε
1827 2567 1830 2574 ’

518 2651 683 2690 Limine
703 2652 916 2706 quifinem
939 2652 1165 2703 vitaefecit.

347 2722 413 2768 Et
437 2722 513 2768 ille
537 2722 740 2787 Virgilii,

403 2844 422 2862 11
443 2836 541 2886 quod
561 2837 616 2883 et]
640 2838 734 2883 quod
753 2850 828 2873 om.
853 2837 896 2873 L.
1012 2846 1030 2865 0
1051 2838 1265 2885 doctorum]
1289 2839 1350 2876 Sic
1369 2839 1417 2877 L.
1439 2840 1565 2875 alienis
1586 2838 1796 2875 Putschius.

348 2896 368 2924 P
388 2889 664 2938 spondeadeus]
690 2888 750 2925 Sic
769 2889 815 2925 L.
834 2891 1046 2937 spomlaicus
1065 2890 1275 2928 Putschius.
1413 2899 1432 2927 <l
1453 2891 1798 2942 pentaschematisti

349 2942 538 2992 dactylici]
560 2943 918 2989 pentaschematz'stus
936 2944 1071 2990 dactyli
1092 2943 1137 2979 L.
