1962 3355
125 217 233 250 CAP.
251 212 294 250 8.
322 203 405 248 De
423 203 662 249 fllensara
681 202 939 265 longarum
959 211 1004 249 et
1025 204 1148 250 brev.
1168 204 1479 266 syllabarum.
1515 215 1577 262 49

123 323 366 385 Siquidem
405 323 515 368 artis
551 323 747 385 poeticae
784 323 829 368 in
855 341 910 369 eo
934 323 1031 369 vim
1066 324 1391 386 rationemque
1427 326 1578 371 subsi-
1595 335 1636 371 38

123 407 241 444 stere
275 398 578 444 manifestum
618 399 684 455 fit,
711 406 763 443 ut
797 399 937 444 verba
973 416 1054 444 seu
1090 399 1285 444 nomina
1320 408 1472 445 metro
1507 417 1576 446 re-

120 474 395 537 pugnantia,
426 473 497 519 vel
536 473 771 536 corripiat,
806 474 877 519 vel
915 483 1066 530 acuat,
1102 474 1339 520 interdum
1377 475 1576 530 minuat,

118 558 187 606 ut,

250 614 509 676 Apparem‘
533 614 638 660 rari
662 620 863 660 ”nantes
894 613 968 678 [in
989 615 1189 678 gurgite
1212 615 1382 679 vasta]

119 700 219 746 Aut
242 700 360 746 forte
385 699 579 757 dividat,
604 709 671 757 ut,

252 775 443 837 Septem
466 775 678 839 subjecta
702 777 858 822 trioni.

120 851 264 898 Unde
289 852 466 914 species
493 852 908 899 innumerabilium
937 853 1193 916 figurarum
1224 862 1418 916 repertae
1454 865 1577 901 sunt.

118 926 184 973 Et
205 927 357 973 Graeei
379 928 588 974 maxime
613 928 936 975 schematibus
963 929 1035 975 his
1055 937 1270 986 utuntur,
1285 930 1459 992 quibus
1481 949 1578 978 ma-

111 1003 188 1064 jor
212 1021 265 1049 ac
290 1003 544 1066 speciosior
568 1004 758 1050 licentia
782 1013 854 1050 est
877 1004 1210 1068 corrumpendi
1238 1006 1484 1052 sermonis.

144 1173 284 1225 CAP.
312 1175 474 1227 VIII.
514 1178 599 1229 De
627 1178 896 1230 Mensura
924 1179 1208 1248 longarum
1235 1189 1285 1231 et
1310 1181 1547 1232 brevium

673 1262 1017 1330 syllabarum.

184 1374 314 1420 Inter
351 1373 580 1419 Metricos
616 1382 663 1419 et
702 1374 916 1421 Musicos
950 1384 1143 1438 propter
1181 1376 1360 1439 Ospatia
1391 1385 1579 1440 tempo-

116 1467 218 1496 rum
257 1467 362 1512 quae
398 1449 590 1512 syllabis
627 1450 1124 1513 Pconprehenduntur‚
1166 1469 1260 1497 non
1304 1469 1443 1515 parva
1483 1453 1579 1499 dis-

117 1527 273 1572 sensio
297 1534 381 1572 est.
449 1526 576 1572 Nam
606 1526 783 1572 Musici
810 1543 903 1572 non
945 1534 1141 1573 ‘lomnes
1174 1527 1296 1573 inter
1332 1546 1380 1574 se
1412 1529 1577 1591 longas
1599 1546 1615 1567 2

118 1612 198 1648 aut
229 1603 416 1647 rbreves
450 1602 548 1665 pari
577 1619 796 1648 mensura
822 1602 1092 1658 consistere,
1120 1602 1351 1665 siquidem
1378 1612 1425 1649 et
1450 1605 1576 1651 brevi

118 1678 394 1735 breviorem,
423 1687 471 1724 et
506 1678 648 1741 longa
683 1678 945 1741 longiorem
980 1678 1141 1725 dicant
1173 1696 1311 1742 posse
1346 1680 1576 1743 syllabam

117 1754 215 1800 fieri
236 1773 245 1800 ε
277 1754 466 1800 Metrici
495 1763 669 1811 autem,
692 1763 834 1817 prout
854 1754 1086 1817 cujusque
1112 1755 1304 1818 syllabae
1329 1756 1578 1818 longitudo

117 1848 170 1876 ac
205 1829 408 1875 brevitas
441 1830 596 1886 fuerit,
621 1830 684 1875 ita
711 1840 980 1892 temporum
1020 1832 1170 1893 spatia
1194 1831 1396 1886 definiri,
1422 1848 1577 1893 neque

118 1905 244 1952 brevi
282 1906 557 1960 breviorem,
583 1914 664 1951 aut
689 1905 829 1967 longa
854 1906 1134 1968 longiorem,
1158 1924 1301 1969 quam
1336 1915 1502 1952 natura
1529 1907 1575 1952 in

117 1982 404 2044 syllabarum
431 1981 755 2027 enuntiatione
791 1981 1005 2043 protulit,
1029 1999 1166 2044 posse
1201 1982 1407 2044 aliquam
1447 1999 1579 2046 repe-

115 2058 207 2104 riri.
277 2057 354 2103 Ad
391 2057 508 2111 haec,
536 2056 730 2113 Musici,
768 2056 871 2117 Squi
909 2066 1179 2121 temporum
1219 2059 1410 2104 arbitrio
1436 2060 1613 2122 sylla-3

116 2135 196 2179 bas
221 2133 531 2179 committunt
564 2133 608 2177 in
637 2131 922 2194 rhythmicis
954 2133 1360 2179 modulationibus
1395 2144 1476 2180 aut
1508 2135 1578 2198 ly-

115 2210 221 2256 ricis
247 2209 562 2265 cantionibus,
589 2225 672 2271 per
696 2206 944 2254 circuitum
985 2209 1172 2272 longius
1207 2212 1435 2257 textentae
1469 2229 1579 2274 pro-

115 2285 426 2333 nuntiationis
470 2294 569 2330 tam
613 2284 765 2346 longis
805 2284 1055 2346 longiores,
1102 2303 1245 2348 quam
1288 2304 1446 2333 rursus
1494 2305 1578 2350 per

115 2363 458 2426 correptionem
491 2361 724 2407 breviores
762 2361 997 2416 brevibus,
1029 2363 1289 2424 proferunt.
1358 2364 1614 2413 Afferunt4

115 2439 257 2486 etiam
283 2439 518 2501 exempla,
538 2455 643 2499 quae
668 2437 714 2483 in
737 2437 943 2483 metricis
969 2437 1170 2501 pedibus
1198 2457 1356 2486 secum
1385 2441 1576 2500 faciant,

115 2523 371 2561 asserentes
410 2514 675 2560 accessione
712 2513 1074 2559 consonantium
1111 2526 1354 2562 momenta
1390 2526 1573 2581 tempo-

114 2608 219 2637 rum
245 2607 479 2637 crescere:
522 2598 795 2650 vtamquam
824 2589 1159 2636 leersandrus
1183 2600 1366 2638 constat
1391 2592 1574 2639 duabus

168 2708 189 2726 n
209 2708 340 2737 nautes
361 2699 396 2735 in
418 2699 563 2750 gurgite
582 2697 703 2751 vasto]
730 2708 861 2736 nantes
881 2701 923 2737 P.
1007 2707 1026 2726 ⁰
1046 2701 1188 2749 spacia]
1214 2700 1332 2750 spatia
1348 2702 1388 2738 P.
1411 2710 1448 2738 et
1468 2701 1574 2739 infra.

115 2759 135 2788 P
155 2753 537 2803 comprehenduntur]
570 2753 927 2802 conprehenduntur
947 2754 987 2789 P.
1153 2761 1173 2788 q
1201 2755 1350 2801 omnes]
1382 2755 1505 2790 omnis
1533 2756 1573 2791 P.

114 2812 130 2832 Υ
160 2807 303 2854 breves]
342 2805 464 2843 brevis
497 2807 537 2842 P.
703 2814 717 2833 S
744 2807 806 2854 qui
838 2807 1067 2855 temporum]
1101 2806 1349 2842 obelus—in
1384 2820 1500 2856 marg.
1532 2809 1572 2843 P.

115 2858 129 2885 t
148 2859 323 2905 extentae]
346 2866 494 2895 extente
516 2860 554 2895 P.
707 2866 727 2885 V
748 2867 926 2908 tanquam
944 2859 1220 2907 Thersandrus]
1248 2868 1435 2908 tamquam
1454 2860 1574 2896 Thes-

116 2912 270 2948 sandrus
293 2913 332 2948 P.

827 2990 860 3018 H
