1962 3355
364 209 449 248 540

818 211 859 249 F
856 211 882 250 l.
908 210 1096 251 Mallius
1121 211 1366 252 Theodorus

367 319 546 360 trochaeo
575 331 616 361 et
645 321 832 376 spondio,
855 322 1020 379 dactylo
1039 334 1079 364 et
1109 324 1273 364 duobus
1299 324 1500 373 trochaeis,
1523 323 1606 364 sive
1633 324 1815 365 trochaeo

366 398 407 428 et
427 389 612 443 spondio,
635 396 706 430 ⁰ut
726 399 786 430 est
806 390 918 444 apud
944 391 1188 432 Horatium:

751 459 840 495 Jam
858 462 947 496 satis
968 462 1071 496 terris
1090 461 1180 496 nivis
1200 465 1308 507 atque
1327 461 1424 496 dirce.

312 542 348 564 12
369 525 484 565 Huic
513 534 652 565 autem
684 536 813 566 metro
842 538 935 582 post
970 537 1051 567 tres
1079 541 1220 567 versus
1249 526 1418 566 additur
1457 525 1633 567 pchimis
1666 526 1816 567 heroici

369 608 523 642 versus,
541 602 586 632 ut
608 602 668 632 est
688 594 834 649 qapud
854 593 1030 634 eundem
1053 593 1300 634 Horatium:

947 663 1089 698 Terruit
1107 663 1242 698 urbem.

313 747 351 778 13
371 728 555 768 Metrum
587 727 835 784 dactylicum
866 737 1167 784 pentametrum
1190 729 1333 784 recipit
1362 728 1525 771 eosdem
1552 728 1692 784 pedes,
1713 745 1818 785 quos

368 795 651 835 hexametrum
673 795 897 835 heroicum.

961 797 1105 852 Hujus
1125 796 1359 852 exemplum
1377 813 1386 836 :

664 871 679 890 ¹·
692 865 831 901 Fronde
849 867 964 901 virere
983 878 1087 908 nova,
1110 867 1204 913 quod
1222 868 1375 901 seminat
1395 866 1513 901 arbor.

314 950 353 978 14
370 933 556 972 Metrum
578 932 827 988 dactylicum
849 942 1132 973 tetrametrum
1154 942 1312 973 constat
1332 947 1381 973 ex
1402 931 1567 988 dactylo
1587 941 1625 973 et
1648 932 1821 989 spondio

369 999 452 1040 sive
483 999 676 1050 trochaeo,
697 999 754 1040 ita
784 1009 831 1040 ut
860 1000 1002 1041 eadem
1033 1000 1121 1041 loca
1150 1000 1385 1041 Sobtineant
1413 999 1454 1039 hi
1481 999 1620 1055 pedes,
1649 1016 1754 1056 quos
1778 1000 1820 1040 in

370 1068 531 1108 heroico
552 1068 790 1108 hexametro
810 1067 1037 1108 docuimus.

425 1160 443 1179 ⁰
478 1159 518 1189 ut
544 1158 595 1189 est
623 1155 721 1201 apud
744 1154 954 1200 Horatium]
981 1153 1065 1190 Lib.

371 1208 401 1243 1.
424 1206 484 1243 od.
518 1219 550 1242 2.
607 1207 679 1242 Pro
717 1213 828 1254 atque
864 1215 987 1243 autem
1027 1207 1066 1243 in

372 1259 492 1295 Mallii
532 1259 722 1296 codicibus
762 1270 819 1297 est
856 1262 985 1308 adque,
1024 1260 1070 1296 de

373 1326 445 1362 quo
467 1312 538 1348 dixi
560 1313 605 1349 ad
627 1313 766 1362 praefat.
789 1327 827 1350 n.
846 1323 881 1361 7.
910 1314 1067 1350 HEUS.

427 1373 446 1400 P
485 1367 607 1401 chimis
637 1367 767 1402 heroici
799 1367 936 1413 versus]
998 1368 1069 1402 Pro

374 1420 498 1454 chimis
519 1420 772 1468 reponendum
795 1432 873 1456 esse
894 1419 1068 1467 conjicie-

376 1474 457 1508 bam
472 1473 573 1520 finis.
630 1474 752 1521 Atque
773 1472 823 1508 ita
845 1480 969 1508 noster
988 1486 1068 1522 cap.

375 1526 482 1561 VIII.
522 1539 558 1560 n.
600 1536 634 1572 7.
692 1538 834 1561 versum
883 1526 1070 1562 Adonium

374 1580 587 1626 dactylicum
598 1580 712 1627 finem
735 1579 942 1628 appellavit.
974 1579 1072 1618 Quia

375 1640 500 1668 tamen
532 1632 678 1668 codices
708 1631 744 1667 in
775 1632 930 1668 alteram
952 1632 1069 1681 scrip-

376 1694 496 1721 turam
517 1686 745 1734 conspirant‚
768 1697 837 1721 nec
857 1698 986 1721 caussa
1006 1698 1069 1733 ap-

375 1746 492 1787 paret,
532 1751 596 1773 cur
639 1737 776 1773 librarii
817 1737 854 1773 in
894 1738 1072 1774 vocabulo

378 1791 573 1827 notissimo
597 1790 773 1827 alucinati
799 1792 888 1833 sint,
911 1790 1072 1840 suspicio

377 1843 469 1880 mihi
491 1852 577 1879 nata
595 1852 663 1885 est,
685 1846 809 1879 cnimis
828 1852 937 1880 antea
959 1843 1069 1893 scrip-

377 1906 456 1933 tum
478 1897 602 1933 fuisse.
651 1897 709 1932 Ita
729 1896 846 1933 efferri
869 1896 991 1947 potuit
1011 1910 1072 1933 vo-

377 1950 551 1987 cabulum
587 1952 694 1995 κνημῖς
722 1951 767 1987 ab
800 1950 881 1987 istis
910 1950 1070 1986 homini-

378 2005 459 2045 bus,
482 2003 544 2052 qui
565 2004 780 2040 Graecorum
810 2001 876 2048 ἦτα
904 2004 942 2040 in
972 2004 1076 2040 Lati-

379 2070 467 2093 num
490 2059 502 2091 i
520 2064 732 2093 convertere
752 2056 941 2093 solebant:
964 2070 1074 2106 quem

379 2110 424 2146 ad
446 2109 596 2145 modum
619 2110 654 2145 in
678 2111 813 2146 nostris
839 2111 950 2146 etiam
972 2110 1074 2146 libris

381 2165 657 2210 Asclipiaclium,
706 2165 951 2211 eptimimere8‚
1011 2176 1076 2212 pro

378 2217 654 2259 Ἀσκληπιαδεῖον,
675 2217 900 2264 ἑφθημιμερὲς,
917 2225 955 2252 et
974 2216 1073 2252 Simi-

381 2268 429 2305 lia
448 2268 662 2318 reperimuS.
706 2270 821 2305 Haud
840 2269 1078 2306 incommode

382 2334 464 2357 vero
494 2321 695 2358 clausulam
727 2323 929 2359 hexametri
953 2335 1077 2358 versus

381 2374 455 2411 dici
472 2377 609 2419 κνημῖὸα
639 2376 780 2418 heroici,
802 2375 858 2411 vel
886 2375 972 2412 inde
999 2375 1078 2411 col-

383 2427 470 2477 ligo,
511 2428 608 2476 quod
656 2428 851 2474 Periegeta
898 2441 947 2464 vs,
990 2440 1077 2475 714.

382 2483 536 2525 κνημῖδας
548 2479 638 2515 dixit
652 2482 790 2529 infimas
804 2482 975 2516 montium
991 2493 1078 2528 par-

385 2538 445 2569 tes.
470 2533 587 2569 Pedes
607 2541 729 2569 autern
751 2542 960 2581 postremos
980 2541 1079 2569 recte

384 2585 561 2635 appellari
587 2586 725 2633 infimas
752 2598 918 2622 versuum
942 2591 1078 2633 parte3‚

385 2651 497 2675 nemo
545 2638 705 2688 negabit,
754 2639 817 2687 qui
858 2638 1080 2681 meminerit,

386 2691 621 2728 Victorinum
652 2691 697 2728 de
728 2693 853 2727 metris
883 2692 1018 2728 Horat.
1046 2705 1079 2740 p.

389 2745 503 2781 2610.
535 2744 673 2793 primos
701 2745 813 2793 pedes
842 2743 990 2781 iambici
1017 2758 1078 2781 ca-

381 2804 451 2846 put
497 2799 650 2833 trimetri
686 2810 829 2833 vocare.
904 2799 1084 2835 Praeterea

387 2850 654 2900 appellationes
673 2852 827 2892 dimetri,
851 2852 1013 2894 trimetri,
1031 2857 1080 2887 te-

389 2905 552 2940 trametri
580 2904 679 2940 heroi
706 2916 748 2939 ex
775 2906 954 2951 superiore
980 2912 1020 2940 et
1042 2917 1084 2940 esc

388 2957 558 2995 inferiore
598 2962 706 3005 parte
745 2957 942 2994 hexametri
986 2965 1082 2994 notae

1100 1068 1245 1124 Hujus
1265 1067 1523 1122 exemplum:

1122 1162 1210 1190 sunt
1229 1166 1248 1189 e
1275 1152 1451 1190 Diomed.
1484 1152 1545 1189 lib.
1567 1153 1638 1189 ΙΙΙ.
1669 1166 1707 1202 p.
1730 1162 1820 1200 513.

1122 1215 1160 1243 et
1184 1217 1274 1255 515.
1332 1206 1470 1243 Adonii
1501 1219 1624 1242 versus
1658 1206 1819 1255 appella-

1125 1260 1263 1296 tionem
1285 1259 1415 1296 similis
1440 1259 1669 1296 librariorum
1693 1268 1822 1309 stupor

1124 1313 1390 1350 contaminavit
1412 1313 1510 1363 apud
1531 1311 1755 1349 Diomedem
1776 1313 1822 1349 de

1126 1366 1253 1403 metris
1279 1367 1412 1402 Horat.
1443 1380 1478 1415 p.
1501 1376 1589 1414 519.
1637 1365 1700 1402 ubi
1730 1365 1822 1416 legi-

1127 1433 1210 1456 mus
1244 1419 1379 1455 hodie:
1415 1420 1596 1468 strophen,
1628 1420 1684 1454 vel
1720 1421 1822 1455 nicen

1126 1474 1257 1508 celicon
1279 1475 1475 1508 climeteon.
1517 1473 1665 1508 Wasius
1685 1473 1723 1508 in
1746 1484 1822 1508 me—

1127 1527 1192 1562 tris
1213 1526 1346 1562 Horat.
1376 1526 1563 1569 emendat,
1584 1526 1725 1573 στροφὴν
1753 1529 1821 1561 ἐπι-

1126 1580 1194 1623 κὴν,
1216 1580 1344 1622 τελικῆν
1372 1578 1534 1626 διμοιρίαν.
1592 1578 1730 1621 Placet,
1753 1578 1823 1614 nisi

1126 1632 1225 1680 quod
1249 1632 1372 1667 malim
1394 1633 1534 1681 στροφὴν
1554 1632 1673 1675 ἐπικὴν,
1699 1632 1824 1667 τελικὸν

1335 1685 1418 1721 Nec
1453 1684 1589 1720 mendo
1620 1696 1743 1720 carere
1771 1683 1823 1720 vi—

1128 1738 1261 1773 dentur
1290 1737 1361 1773 ista
1385 1736 1572 1774 Victorini
1602 1745 1670 1773 art.
1700 1750 1823 1787 gram-

1129 1800 1216 1826 mat.
1237 1790 1283 1826 L.
1305 1791 1374 1827 IV.
1403 1803 1438 1839 p.
1464 1790 1578 1827 2610.
1617 1790 1662 1826 de
1691 1791 1824 1826 eodem

1129 1844 1212 1880 colo
1234 1843 1285 1880 sic
1305 1843 1546 1893 disputantis:
1568 1844 1722 1884 Quidam
1737 1856 1826 1891 pen-

1132 1898 1331 1944 tasyllabon
1360 1898 1496 1944 epodon
1525 1898 1691 1932 dixerunt
1716 1911 1739 1932 a
1758 1909 1826 1932 nu-

1129 1963 1226 1986 mero
1263 1952 1495 1998 syllabarum,
1536 1951 1601 1985 alii
1641 1952 1826 1986 trimetron

1130 2006 1265 2051 epicon.
1307 2004 1373 2039 Est
1394 2006 1483 2039 enim
1503 2016 1589 2051 pars
1610 2005 1718 2039 tertia
1737 2004 1827 2051 epici

1130 2069 1262 2093 versus,
1319 2057 1445 2093 Verba
1479 2059 1667 2093 trimetron
1705 2058 1827 2104 epicon

1131 2110 1286 2146 fortasse
1310 2110 1405 2146 facta
1429 2118 1517 2146 sunt
1542 2123 1585 2146 ex
1606 2110 1828 2146 tritemorian

1132 2165 1266 2210 epicon.
1316 2163 1387 2199 Sed
1409 2163 1454 2199 ad
1475 2163 1648 2199 Mallium
1669 2163 1827 2199 redeun-

1133 2216 1234 2260 dum,
1258 2228 1325 2252 nec
1354 2216 1501 2252 silentio
1530 2215 1826 2265 praetereundum

1133 2278 1201 2311 est,
1228 2268 1394 2305 codicem
1423 2270 1538 2305 Paris.
1570 2267 1827 2317 posteriorem,

1133 2330 1219 2371 post
1251 2322 1363 2357 verba
1395 2323 1518 2357 chimis
1546 2323 1690 2363 heroici,
1720 2333 1828 2357 voca-

1134 2375 1262 2411 bulum
1291 2386 1422 2418 versus,
1449 2387 1523 2423 quo
1553 2373 1660 2411 facile
1688 2375 1829 2410 carebi-

1134 2440 1228 2469 mus,
1251 2427 1456 2464 excludere.
1488 2428 1644 2464 HEUS.

1189 2487 1208 2514 q
1254 2481 1351 2527 apud
1407 2482 1562 2516 eundum
1609 2481 1826 2527 Horatium]

1134 2532 1278 2569 Eadem
1299 2534 1382 2570 oda.
1416 2534 1574 2570 HEUS.

1191 2593 1206 2611 r
1228 2587 1366 2622 Fronde
1402 2589 1516 2623 virere
1548 2587 1657 2633 nova]
1692 2587 1831 2623 Versus

1137 2640 1420 2689 transfiguratus
1439 2653 1482 2676 ex
1501 2639 1564 2676 illo
1587 2640 1716 2690 virgil.
1737 2640 1830 2677 AEn.

1136 2693 1203 2728 VI.
1247 2694 1333 2729 206.
1392 2695 1530 2729 Fronde
1576 2695 1692 2730 vivere
1725 2705 1830 2736 nova,

1137 2748 1230 2792 quod
1281 2759 1352 2782 non
1405 2759 1472 2782 sua
1518 2749 1670 2782 seminat
1715 2747 1829 2782 arbos.

1141 2799 1297 2836 HEUS.

1192 2858 1206 2877 s
1241 2853 1440 2901 obtineant]
1482 2853 1597 2889 MSS.
1635 2853 1832 2899 optineant.

1137 2903 1226 2942 Vid.
1266 2918 1377 2956 supra
1414 2906 1458 2943 ad
1506 2918 1587 2955 cap.
1626 2905 1699 2943 ΙΙΙ.
1730 2918 1767 2941 n.
1796 2916 1832 2953 7.

1140 2957 1293 2995 HEUS.

1125 1687 1277 1731 ὃὶμετρον.
