1962 3355
120 227 225 259 CAP.
245 212 289 259 6.
446 211 527 257 De
550 207 897 255 Enuntiatione
923 206 1239 252 Litterarum.
1507 214 1570 262 39

122 333 279 389 mitur,
303 330 383 377 sed
420 339 466 376 et
499 347 642 377 omne
675 345 844 391 corpus
875 327 1171 372 verberatum
1209 333 1255 370 et
1290 323 1571 387 binpulsum

121 425 287 454 sonum
331 406 537 452 confusae
578 405 705 451 vocis
751 403 899 458 dabit,
941 411 987 448 et
1028 400 1252 464 equidem
1297 400 1476 446 varium
1521 417 1575 446 ac

123 481 435 544 multiplicem
468 499 553 544 pro
578 480 806 543 qualitate
835 480 1098 542 plagarum.
1168 477 1395 523 Diximus
1431 476 1611 539 igitur3

123 559 299 604 litteras
325 558 372 602 in
399 557 515 602 duas
541 556 736 620 species,
762 555 807 600 id
833 564 918 611 est,
944 555 1127 600 vocales
1154 561 1575 613 consonantesque,

121 633 387 680 ddiscerni:
425 650 625 694 quarum
654 633 780 686 alias,
808 631 906 677 sine
931 640 948 660 Ε
964 631 1136 693 quibus
1156 630 1335 693 syllaba
1354 628 1476 675 coire
1495 628 1574 674 vix

122 719 293 774 potest,
317 711 527 763 vocales3
565 709 691 764 alias,
717 726 825 770 quae
852 707 1116 769 conjunctae
1153 704 1471 769 superioribus
1496 721 1578 749 vo-

122 786 189 832 cis
221 803 387 832 sonum
429 785 666 846 adjuvent,
701 793 747 830 et
783 800 971 829 sensum
1012 782 1202 828 auribus
1239 799 1296 827 cx
1334 780 1578 842 utriusque

123 862 459 923 conjunctione
483 861 613 907 velut
651 859 895 923 geminum
928 859 1136 914 afferant,
1161 866 1474 904 consonantes
1501 855 1580 902 ad-

122 938 315 1002 pellari:
366 955 441 983 eas
482 954 672 999 quoque
711 936 758 981 in
797 935 913 981 duas
959 943 1130 998 partes,
1167 934 1212 980 id
1260 943 1344 991 est,
1380 933 1617 979 semim-4

125 1015 247 1061 cales
275 1023 542 1076 mutasque,
566 1012 758 1076 fdigeri,
784 1030 809 1057 e
834 1011 968 1074 queis
994 1010 1297 1056 semivocales
1322 1010 1369 1055 in
1396 1018 1581 1055 genun-

125 1092 319 1137 tiatione
368 1091 680 1158 propria-ore
728 1087 980 1135 semicluso
1028 1096 1260 1150 strepunt,
1309 1095 1455 1132 mutae
1499 1103 1580 1131 au-

125 1178 222 1213 tem
248 1185 335 1213 nec
360 1167 457 1212 ictu
493 1167 584 1212 oris
618 1183 704 1211 nec
739 1165 913 1226 linguae
938 1164 1043 1209 nisu
1079 1182 1248 1209 sonum
1285 1163 1460 1209 hedere
1492 1162 1578 1207 nisi

126 1243 390 1305 conjunctae
414 1242 655 1288 vocalibus
691 1252 888 1302 queunt.
947 1239 1102 1301 Igitur
1132 1240 1331 1303 singulae
1365 1256 1457 1300 qua
1490 1238 1581 1284 oris
1601 1251 1617 1282 5

126 1319 272 1365 nostri
302 1318 411 1364 sede
444 1326 699 1377 conceptae,
723 1333 818 1378 quo
851 1314 1016 1378 spiritu
1049 1315 1214 1361 nisuve
1249 1315 1478 1371 formatae,
1502 1331 1583 1360 vo-

127 1395 194 1442 cis
227 1412 322 1441 suae
355 1395 452 1440 vim
486 1401 866 1458 potestatemque
902 1391 1188 1455 exprimant,
1214 1398 1265 1436 ut
1300 1398 1478 1453 potero,
1503 1407 1584 1436 ex-

129 1471 329 1534 plicabo.

194 1547 246 1592 A
272 1546 430 1593 littera
453 1547 574 1593 rictu
598 1546 777 1610 patulo,
797 1560 1026 1607 suspensa
1046 1559 1202 1604 neque
1221 1541 1450 1605 impressa
1472 1541 1585 1587 den-
1602 1546 1621 1577 6

129 1622 255 1668 tibus
280 1622 467 1686 ilingua
491 1622 813 1669 kenuntiatur.

196 1699 258 1755 E,
297 1716 403 1761 quae
441 1699 667 1760 sequitur,
708 1696 944 1760 ¹represso
987 1696 1172 1743 modice
1208 1696 1326 1742 rictu
1370 1695 1478 1752 oris,
1518 1710 1622 1741 i·e-7

129 1774 378 1836 ductisque
402 1775 654 1821 introrsum
683 1773 818 1819 labiis
844 1773 1044 1818 effertur.

198 1853 240 1908 Ι,
265 1851 518 1897 semicluso
553 1868 646 1906 ore,
671 1849 1010 1912 impressisque
1035 1848 1207 1894 sensim
1246 1847 1408 1910 lingua
1436 1846 1586 1893 denti-
1605 1858 1624 1887 8

132 1928 236 1984 bus,
260 1945 424 1974 vocem
453 1926 597 1973 dabit.

205 2001 263 2059 Ο,
281 2011 335 2048 ut
354 2002 418 2058 Ε,
443 2001 687 2065 geminum
710 2000 837 2047 vocis
864 2017 1049 2054 sonum,
1070 2017 1155 2063 pro
1174 1999 1444 2046 conditione
1469 2009 1589 2046 tem-
1605 2013 1624 2042 9

132 2078 274 2142 poriS,
306 2078 499 2141 promit,
530 2077 653 2123 unde
684 2077 807 2123 inter
840 2085 1022 2122 nostras
1053 2076 1236 2122 vocales
1265 2098 1290 2132 η
1321 2084 1368 2121 et
1399 2097 1425 2120 ω
1460 2076 1591 2121 Grae-

134 2171 313 2209 corum,
331 2163 383 2200 ut
402 2170 720 2217 supervacuae,
739 2152 1066 2217 praetermissae
1086 2160 1222 2198 sunt:
1258 2150 1403 2215 igitur
1420 2159 1488 2198 Ῑῃο
1507 2150 1588 2213 qui

188 2305 209 2333 b
229 2306 450 2356 impulsum]
476 2306 667 2355 inpulsum
689 2308 729 2343 P.
855 2313 872 2333 ⁰
891 2306 1058 2355 quidem]
1081 2306 1181 2354 quod
1202 2306 1242 2341 Ρ.
1368 2303 1388 2332 d
1408 2305 1585 2354 discerni]

135 2359 283 2397 decerni
304 2361 343 2396 P.
442 2366 458 2386 e
478 2360 631 2408 quibus]
656 2359 737 2409 quis
758 2360 798 2395 P.
908 2358 924 2385 f
942 2358 1058 2409 digeri
1078 2372 1098 2395 e
1118 2360 1241 2407 queis]
1267 2357 1389 2395 dicere
1408 2372 1428 2395 e
1447 2359 1529 2408 quis
1550 2360 1589 2395 P.

138 2414 182 2449 In
206 2425 320 2463 marg.
341 2421 428 2449 ante
448 2415 485 2448 id
505 2418 568 2453 est,
587 2411 868 2462 conspiciuntur
887 2412 961 2449 duo
980 2420 1119 2461 puncta
1138 2411 1191 2448 sic
1223 2438 1231 2446 .
1261 2439 1268 2446 .
1377 2419 1399 2447 g
1417 2414 1590 2448 enuntia-

137 2465 256 2512 tione]
279 2465 536 2502 enuntiatione
556 2466 595 2501 P.
706 2463 728 2491 h
744 2465 879 2512 aedere]
903 2465 1013 2502 edere
1033 2466 1071 2501 P.
1092 2464 1155 2514 qui
1176 2471 1263 2501 ante
1280 2477 1311 2500 v,
1329 2477 1404 2514 seq.
1420 2465 1458 2501 in
1475 2478 1589 2515 marg.

138 2529 246 2579 ponit
265 2530 414 2566 obelum
436 2551 489 2557 —
507 2559 512 2566 .
617 2527 628 2554 i
649 2527 792 2579 lingua]
815 2523 951 2577 lingu&
971 2530 1011 2565 P.
1133 2526 1154 2554 k
1175 2530 1415 2576 enunciatur]
1441 2529 1591 2565 nuntia-

139 2591 199 2618 tur
219 2583 260 2618 P.
370 2581 382 2608 1
403 2582 644 2632 reprehenso]
668 2594 834 2631 represso
856 2582 894 2618 P.
1008 2589 1039 2607 m
1060 2594 1080 2617 ο
1099 2580 1179 2630 qui]
1206 2581 1267 2630 qui
1288 2582 1330 2617 P.

195 2712 229 2749 5.
251 2703 363 2737 aedere
375 2700 589 2747 conjunctae]
616 2700 711 2750 lego,
725 2702 838 2736 cedere
949 2711 984 2747 7.
1025 2700 1267 2749 reprehenso]
1309 2700 1431 2750 legere
1463 2700 1589 2736 malim

139 2756 207 2790 nisi
237 2754 432 2800 conjunctae
451 2755 600 2790 vocalib.
642 2753 837 2789 Terentia·
893 2766 978 2789 cum
1012 2751 1241 2789 Terentiano
1275 2755 1449 2801 depresso.
1518 2753 1590 2789 Sed

141 2820 223 2849 nus,
260 2807 410 2843 Vocalia
447 2809 577 2842 rictum
614 2808 682 2842 nisi
704 2805 836 2851 juncta
893 2805 984 2842 nihil
1015 2813 1131 2842 muto.
1195 2804 1292 2842 Vide
1321 2805 1589 2842 Terentianum

141 2861 365 2948 {issaar—int.
409 2860 581 2897 COMM.
649 2858 709 2895 Sic
738 2858 840 2895 dedit
895 2873 930 2909 p.
951 2871 1009 2896 10.
1033 2872 1062 2894 v.
1084 2870 1144 2895 22.
1170 2860 1221 2905 (v.
1242 2859 1344 2904 116.)
1377 2858 1550 2894 COMM.

177 2920 256 2950 utsc
285 2925 353 2948 lus.
