1962 3355
336 213 397 249 42
840 202 996 249 Marii
1025 201 1267 250 Victorini
1632 217 1730 248 Lm.
1749 217 1782 248 1.

335 323 468 369 dium
501 322 721 369 dentibus
760 325 937 387 superis
976 333 1059 381 est,
1082 325 1244 387 lingua
1280 323 1554 380 ntrudente,
1591 322 1786 369 diducto

280 412 317 442 18
336 417 413 445 ore
438 401 723 462 personabit.
787 402 854 446 At
881 401 1200 465 fllimpressis
1226 400 1429 446 invicem
1457 399 1608 455 labiis,
1634 399 1790 462 mugi-

335 484 439 521 tum
465 476 700 538 quendam
738 477 858 522 intra
894 477 984 522 oris
1021 494 1216 540 specum
1252 475 1459 522 attractis
1493 476 1684 521 naribus
1709 475 1790 520 da-

337 550 418 596 bit.
488 551 549 596 N
581 568 689 597 vero
737 553 824 597 sub
867 570 1079 598 convexo
1124 551 1267 615 palati
1310 551 1472 613 lingua
1513 551 1788 606 inhaerente,

335 627 526 688 gemino
557 626 680 672 naris
706 637 753 673 et
777 627 867 672 oris
894 627 1057 690 spiritu
1085 625 1412 689 explicabitur.
1466 626 1700 687 Sequetur
1724 626 1787 682 R,

335 719 441 764 quae
471 703 766 748 ⁰vibratione
790 702 918 748 vocis
954 701 1037 747 Pin
1073 702 1231 765 palato
1267 702 1442 764 linguae
1476 701 1664 764 fastigio
1700 701 1790 747 fra-

280 804 315 835 ¹9
335 794 497 839 gorem
521 778 735 824 tremulis
760 778 933 823 ictibus
958 777 1125 823 reddit.
1195 777 1389 824 Dehinc
1415 777 1521 823 duae
1559 794 1790 840 supremae

336 851 375 897 S
395 861 443 898 et
467 853 642 914 Xjure
664 852 941 915 jungentur,
962 871 1069 898 nam
1098 854 1253 899 vicino
1278 854 1398 899 inter
1423 871 1471 899 se
1495 862 1515 892 ‘l
1532 872 1697 900 sonore
1723 863 1792 899 at-

335 937 484 974 tracto
521 929 711 974 sibilant
751 929 887 984 rictu,
920 929 982 974 ita
1015 938 1192 985 tamen,
1229 929 1263 974 si
1307 929 1471 992 prioris
1509 929 1629 975 ictus
1667 946 1791 992 pone

335 1004 499 1050 dentes
524 1004 788 1050 rexcitatus
815 1005 870 1050 ad
898 1005 1109 1050 medium
1136 1005 1254 1050 lenis
1285 1006 1513 1068 agitetur:
1552 1005 1790 1068 sequentis

336 1091 492 1127 autem
529 1098 683 1127 crasso
725 1081 890 1145 spiritu
940 1082 1181 1145 hispidum
1224 1092 1371 1139 sonet,
1407 1083 1519 1144 Squi
1559 1100 1642 1145 per
1681 1099 1793 1127 con-

327 1157 626 1218 junctionem
668 1174 691 1203 c
726 1167 772 1203 et
806 1175 843 1213 S,
881 1176 1081 1220 quarum
1120 1167 1167 1203 et
1205 1159 1362 1204 locum
1406 1158 1571 1218 implet
1613 1169 1658 1202 et
1694 1157 1789 1202 vim

277 1259 318 1279 20
336 1233 577 1296 exprimit,
597 1242 651 1278 ut
674 1235 688 1261 t
705 1251 843 1279 sensu
864 1233 1046 1279 aurium
1070 1233 1313 1289 ducamur,
1334 1234 1549 1280 efficitur.
1597 1234 1641 1279 Z
1665 1232 1789 1295 apud

337 1327 421 1355 nos
459 1309 642 1366 ultima,
673 1309 717 1354 in
753 1327 847 1371 qua
883 1327 977 1354 non
1015 1327 1155 1355 sonus
1191 1310 1357 1356 litterae
1395 1309 1474 1355 sed
1509 1309 1789 1355 vocabulum

337 1396 384 1431 et
418 1385 595 1448 duplex
633 1385 813 1448 syllaba
849 1394 933 1440 est,
959 1385 1138 1430 Graecis
1178 1395 1380 1441 tantum,
1417 1402 1525 1430 cum
1566 1385 1614 1430 in
1651 1402 1792 1430 usum

337 1461 563 1516 venerint,
589 1470 697 1523 apta
722 1460 932 1517 vocibus,
956 1470 1007 1507 ut
1031 1479 1066 1524 y
1090 1462 1301 1524 superius
1326 1471 1516 1524 propter
1547 1462 1793 1524 peregrina

337 1536 566 1582 vocabula
593 1537 887 1599 recipiemus.

338 1669 473 1718 CAP.
496 1667 616 1719 Vll.
677 1670 760 1721 De
784 1671 1121 1738 Syllabarum
1148 1679 1341 1720 mltum
1359 1679 1409 1721 et
1434 1670 1792 1721 acomzeoez'one.

405 1765 496 1812 Sed
524 1776 577 1811 ut
609 1766 664 1812 ad
697 1767 991 1830 propositum
1026 1767 1163 1813 nobis
1199 1767 1402 1824 redeam,
1426 1767 1636 1813 discussa
1671 1767 1796 1812 litte-

339 1860 493 1889 rarum
531 1853 629 1888 tani
667 1843 993 1889 enuntiatione
1035 1861 1178 1905 quam
1224 1853 1470 1907 potestate,
1507 1843 1670 1905 bquod
1714 1862 1796 1890 cu-

342 1923 471 1968 mulo
513 1920 801 1985 plenissimae
848 1920 1125 1966 eruditionis
1174 1931 1336 1984 aptum
1385 1938 1438 1966 ac
1479 1919 1795 1966 necessarium

340 2000 574 2061 praeterire
609 1996 865 2042 absurdum
893 1996 1027 2053 foret,
1053 2014 1344 2059 consequens
1380 1996 1468 2041 erit
1500 1996 1557 2041 de
1596 1996 1798 2059 syllaba-

305 2100 320 2120 2
341 2091 446 2119 rum
477 2085 644 2119 natura
675 2082 722 2117 et
755 2072 1051 2117 connexione
1087 2082 1298 2118 tractare.
1368 2071 1497 2116 Nan]
1531 2071 1636 2116 ideo
1672 2071 1798 2118 dicta

342 2159 413 2195 est
437 2150 633 2212 syllaba,
658 2148 783 2210 quod
824 2166 848 2193 a
874 2149 1130 2202 vocalibus,
1157 2148 1256 2193 sine
1291 2147 1452 2209 cqueis
1483 2147 1647 2192 eadem
1675 2147 1798 2193 coire

342 2242 436 2270 non
474 2233 644 2288 potest,
680 2223 871 2285 reliquae
908 2223 1073 2269 litterae
1114 2228 1187 2283 (ut
1224 2223 1339 2268 fides
1380 2223 1532 2268 Graeci
1569 2223 1796 2269 sermonis

343 2301 556 2363 indicat,)
590 2299 1116 2363 dcomprehendantur3
1153 2299 1202 2344 id
1225 2310 1310 2356 est,
1333 2300 1441 2361 παρὰ
1475 2298 1518 2345 τὸ
1545 2301 1798 2360 συλλαμβά-

306 2407 324 2435 3
344 2401 414 2426 vecv
437 2379 489 2425 τὰ
511 2381 749 2440 γράμματα.
788 2376 1000 2428 Quarum
1031 2375 1259 2439 tripartita
1284 2375 1461 2438 species
1481 2384 1565 2433 est,
1590 2393 1798 2438 namque

398 2533 419 2551 n
440 2525 627 2571 trudente]
653 2522 846 2559 trudentes
867 2523 908 2559 P.
1031 2528 1049 2547 o
1069 2522 1292 2569 vibratione]
1318 2522 1457 2559 vibrato
1479 2523 1523 2559 P.
1635 2530 1654 2558 P
1676 2523 1714 2559 in
1735 2537 1800 2573 pa-

345 2579 420 2615 lato
441 2578 464 2614 l.
487 2577 651 2627 fastigio]
676 2575 840 2625 palatum
863 2575 886 2611 l.
910 2574 1054 2624 fastigia
1074 2575 1115 2611 P.
1231 2582 1251 2609 q
1271 2588 1363 2611 sono
1380 2576 1555 2622 attracto]
1587 2589 1722 2612 sonore
1741 2585 1799 2613 at-

347 2639 463 2667 tractu
487 2632 526 2667 P.
650 2636 665 2654 r
685 2627 854 2675 excitati]
880 2627 1059 2664 excitatus
1082 2628 1121 2663 P.
1248 2633 1261 2652 s
1282 2627 1361 2676 qui]
1387 2642 1467 2676 quae
1489 2629 1530 2665 P.
1653 2629 1667 2655 ἵ
1686 2642 1799 2666 sensu

347 2698 378 2721 a.
396 2683 591 2729 ducamur]
614 2681 1000 2718 sensum—ducemur
1019 2681 1058 2716 P.
1220 2687 1238 2706 a
1258 2681 1508 2729 connexione]
1532 2680 1736 2718 conexione
1756 2683 1797 2719 P.

347 2747 385 2774 et
405 2737 456 2773 sic
476 2737 581 2772 infra.
690 2734 706 2757 ἲ)
729 2734 845 2783 quod]
873 2747 944 2782 que
967 2734 1005 2769 Ρ.
1125 2737 1138 2753 ⁶
1160 2733 1309 2781 quibus]
1339 2733 1418 2783 quis
1439 2735 1478 2770 P.
1588 2731 1608 2759 d
1628 2746 1798 2784 compre-

348 2790 572 2836 hendantur]
598 2787 920 2838 couiphendantur
939 2787 978 2822 P.

620 2917 677 2942 22.
699 2904 810 2952 lenis]
836 2918 864 2941 s.
888 2906 970 2940 levis
990 2905 1144 2940 Santen.
1162 2904 1249 2940 Ter.
1271 2903 1392 2940 Maur.
1413 2917 1447 2953 p.
1465 2905 1527 2952 38.
