1962 3355
288 348 496 409 ARS
583 346 1388 409 GRAMMATICA

462 515 713 568 MARH
754 513 1199 568 VICTORINI

812 676 864 698 DE

130 796 647 838 ORTHOGRAPHIA
679 796 763 836 ET
797 796 881 836 DE
914 795 1205 835 METRICA
1240 796 1542 836 RATIONE.

649 956 969 982 *ff

731 1081 864 1132 CAP.
895 1081 936 1132 I.

106 1161 416 1233 ARTIUM
475 1186 889 1249 grammaticarum
952 1187 1200 1249 scriptores
1248 1187 1442 1248 quidam
1505 1189 1563 1233 ab

105 1271 203 1307 arte
228 1269 520 1325 acoeperunt,
546 1262 739 1325 quidam
775 1280 800 1308 a
836 1263 1165 1325 grammatica,
1191 1263 1387 1324 quidam
1426 1282 1450 1309 a
1485 1264 1565 1310 de-

106 1336 334 1395 finitione,
365 1338 560 1401 quidam
592 1357 617 1385 a
654 1356 785 1395 voce,
823 1339 1018 1402 quidam
1058 1357 1082 1384 a
1120 1340 1288 1386 littera.
1357 1340 1479 1396 Ανε,
1513 1350 1601 1392 ut2

104 1412 343 1460 bAristoni
379 1416 549 1478 placet,
577 1415 790 1462 collectio
817 1423 888 1462 est
916 1433 973 1462 θα]
1000 1416 1387 1478 perceptionibus
1417 1423 1463 1463 et
1488 1434 1565 1462 θαπ-

104 1490 466 1538 ‹er-citationibus
491 1493 555 1538 ad
594 1492 803 1556 aliquem
839 1490 1017 1555 {finem
1055 1493 1160 1539 vitoe
1196 1493 1479 1554 pertinens:
1518 1493 1564 1538 id

103 1576 187 1623 est,
232 1569 511 1630 generaliter
547 1587 691 1616 omne
739 1568 995 1631 dquicquid
1038 1569 1176 1616 certis
1219 1569 1465 1633 praeceptis
1507 1569 1563 1615 ad

104 1643 356 1690 utilitatem
395 1655 603 1691 nostram
645 1645 817 1691 format
863 1645 1059 1691 animos.
1130 1645 1406 1691 Aristoteles
1446 1663 1560 1707 quo-

104 1721 279 1767 modo?
315 1724 436 1784 τέχνη
461 1721 549 1769 ἐστὶ
575 1723 768 1783 σύστημα
804 1722 847 1768 ἐκ
882 1723 1171 1779 θΙ(οιταλήι,ῑ)εων
1197 1723 1565 1784 συγγεγυμνασμέ-

102 1819 166 1843 νων
189 1797 282 1859 πρὸς
317 1801 431 1851 τέλος
468 1799 685 1862 εὔχρηστον
708 1805 763 1862 τῷ
794 1799 871 1862 βίῳ
902 1798 1204 1845 ἕσυντεινουσῶν.
1275 1799 1378 1844 NOS
1413 1799 1564 1861 quall-

102 1874 203 1920 ter?
240 1875 330 1920 Ars
356 1886 426 1922 est
452 1893 640 1921 summa
666 1893 821 1922 rerum
850 1874 995 1920 dictio
1015 1875 1467 1938 comprehensarum
1496 1885 1564 1921 at-

102 1967 196 2012 que
221 1952 582 1998 exercitatarum
617 1952 675 1998 ad
712 1952 916 2013 aliquem
944 1952 1050 1997 vitae
1076 1953 1220 1997 finem
1249 1951 1561 1999 tendentium.

105 2027 235 2074 Huic
282 2029 367 2075 arti
411 2040 529 2092 quot
569 2029 800 2076 contraria
841 2028 1178 2092 opponuntur?
1224 2028 1349 2073 Tria.
1407 2028 1560 2080 Quae?

101 2104 354 2166 κακοτεχνία,
386 2105 660 2167 ψευδοτεχνία,
685 2105 990 2166 ματαιοτεχνία.
1049 2104 1376 2150 Grammatica
1402 2114 1560 2150 autem

102 2198 173 2226 ars
199 2198 304 2244 quae
329 2182 430 2228 est?
463 2182 733 2245 Spectativa
759 2181 983 2228 orationis
1009 2191 1054 2227 et
1080 2184 1368 2244 gpoematos.
1440 2182 1561 2227 Haec

101 2267 217 2320 quot
243 2259 395 2306 modis
420 2259 762 2306 hdiseernitur?
798 2259 986 2305 Tribus.
1048 2258 1264 2310 Quibus?
1306 2259 1560 2304 Intellectu

98 2345 363 2398 poetarum,
378 2348 425 2384 et
447 2347 571 2384 recte
591 2336 815 2400 loquendi
839 2335 1171 2397 scribendique
1196 2336 1394 2382 ratione.
1451 2337 1560 2382 Hu-

92 2410 172 2472 jus
187 2413 400 2476 plerique
417 2425 532 2477 quot
548 2423 704 2478 partes
721 2412 1046 2459 tradiderunt?
1065 2412 1216 2458 Duas.
1252 2412 1414 2465 Quas?
1439 2413 1560 2468 Ἐξη-

152 2533 222 2568 Ars
250 2534 494 2582 grammatica
522 2535 632 2571 Marii
662 2534 844 2571 Victorini
873 2534 919 2571 de
952 2533 1116 2570 metricis
1145 2533 1394 2581 didascalicis]
1423 2534 1560 2583 Incipit

99 2596 156 2620 ars
184 2587 388 2635 gramatice.
408 2588 590 2625 Victorini
620 2588 717 2624 Mari
749 2589 794 2624 de
822 2589 1021 2637 ortografia
1043 2596 1080 2623 et
1108 2588 1153 2623 de
1179 2587 1332 2624 metrica
1352 2587 1495 2624 ratione
1517 2589 1557 2623 P.

99 2644 119 2663 a
137 2637 375 2688 inceperunt]
399 2651 593 2691 coeperunt
612 2643 652 2678 P.
797 2640 816 2669 b
837 2641 958 2690 placet
979 2640 1160 2688 Aristoni]
1186 2640 1351 2677 Aristoni
1373 2640 1495 2690 placet
1514 2642 1556 2677 Ρ.

99 2696 116 2716 0
135 2692 266 2739 finem]
290 2694 401 2729 finem
423 2694 506 2730 vitae
526 2695 566 2731 P.
589 2704 627 2731 et
646 2694 697 2732 sic
717 2694 928 2731 Putschius.
1071 2692 1090 2720 d
1110 2695 1207 2743 quod
1230 2693 1356 2740 certis]
1381 2693 1556 2743 quicquid

98 2744 207 2780 certis
229 2746 269 2782 P.
368 2753 384 2773 e
403 2749 641 2796 καταλήψεων]
665 2751 883 2791 καταληῲεως
902 2748 942 2783 Ρ.
1040 2745 1056 2772 f
1072 2748 1313 2794 συντεινουσῶν]
1337 2763 1496 2783 συνουσιον
1518 2747 1557 2782 P.

98 2803 119 2831 g
139 2798 339 2846 po'e’matis]
360 2806 554 2849 poematos
574 2803 615 2838 P.
645 2806 647 2809 ”
724 2799 746 2827 h
766 2799 1044 2846 discernuntur]
1069 2799 1290 2837 discernitur
1308 2801 1349 2836 P.

100 2937 109 2972 Ι
155 2897 176 2931 3
209 2887 443 2934 καταλήψεων]
473 2887 559 2925 Vid.
581 2887 705 2925 Schol.
724 2886 915 2936 Aristoph.
936 2887 1039 2923 Nnb.
1062 2897 1153 2936 517.
1174 2895 1211 2923 et
1230 2886 1384 2923 Kuster.
1405 2885 1449 2922 ad
1470 2897 1554 2921 eum

113 2950 235 2974 ocum.

138 3035 201 3066 κ·
814 3019 842 3047 Β

1584 1678 1602 1707 3
