1962 3355
107 185 217 217 CAP.
241 180 284 216 5.
586 171 672 217 De
697 170 906 217 Plzilicio
931 178 1095 218 metro.
1460 180 1552 217 321

107 292 275 338 eodem
315 292 457 338 modo
483 292 780 338 Galliambus
816 293 859 338 in
888 291 1164 338 Sotadeum.
1228 292 1304 338 Ex
1332 292 1561 338 Galliam-

108 368 169 413 bo
195 368 242 413 in
268 368 542 426 Sotadeum,
568 368 694 425 hinc,

279 444 545 500 rPhrgygz'nm
565 458 709 485 nemus
729 446 853 485 citato
873 445 1021 500 cupide
1037 444 1139 500 pede
1160 445 1313 500 tetigit.

109 565 148 610 C
277 511 521 567 Phrygium
542 512 688 568 cupide
699 512 807 567 pede
829 513 971 568 tetigit
989 525 1133 552 nemus
1153 512 1290 552 citato.

153 575 287 613 ontra
305 589 315 621 ;

281 643 393 684 Galli
416 645 552 685 timidi
572 646 833 685 semianimes
855 651 1028 702 tergora
1049 650 1229 685 versant.

283 711 393 751 Galli
415 718 586 767 tergora
608 718 778 753 versant
796 713 953 753 stimidi
973 713 1249 754 semianimes.

176 776 390 840 Septima
414 778 582 825 divisio
608 779 989 842 hendecasyllabi
1014 780 1121 826 talis
1145 788 1231 835 est,

289 854 415 904 Vivis,
438 855 562 904 ludis,
585 855 721 904 habes,
743 870 876 904 amas,
899 857 1071 897 amaris.

111 925 238 972 Nam
266 936 489 989 quattuor
513 929 725 992 tsyllabis
758 929 993 993 prioribus
1030 928 1267 985 detractis,
1292 945 1398 991 quae
1438 944 1571 974 acce-

111 1002 220 1048 dere
246 1003 390 1049 heroo
416 1004 660 1068 incipienti
689 1005 897 1060 cuilibet,
925 1005 1219 1067 relinquitur,

284 1080 444 1130 Habes,
466 1095 602 1129 amas,
625 1082 797 1120 amaris.

110 1151 240 1197 Nam
268 1161 491 1214 quattuor
516 1152 707 1215 syllabis
748 1152 985 1215 prioribus
1023 1153 1385 1198 uAnacreonteo
1421 1158 1573 1196 metro

112 1227 241 1290 quod
266 1238 337 1273 est
363 1229 649 1292 syllabarum
689 1237 888 1292 septem,
914 1237 1098 1275 constat
1130 1246 1187 1274 ex
1223 1228 1372 1273 tribus
1404 1226 1574 1272 iambis

113 1314 159 1350 et
184 1304 439 1368 semipede.
511 1305 746 1351 Particula
771 1313 841 1350 est
869 1304 1100 1368 posterior
1127 1302 1450 1367 Hipponactei
1475 1319 1576 1348 ver-
1596 1320 1611 1341 2

113 1398 190 1425 sus
225 1380 412 1426 iambici
446 1380 677 1442 quadrati,
704 1398 847 1444 quem
873 1380 972 1426 dixi
1000 1397 1025 1425 a
1050 1379 1245 1425 comicis
1283 1378 1491 1441 antiquis
1530 1386 1578 1424 et

112 1455 297 1501 Latinis
323 1465 369 1502 et
394 1455 573 1502 Graecis
599 1455 835 1519 interponi
862 1454 1243 1518 frequentissime
1269 1455 1350 1510 sic,

250 1532 362 1579 Quid
381 1538 548 1572 moestus
568 1533 726 1572 incedis
746 1533 893 1573 Micon
908 1533 927 1572 ?
958 1532 1094 1581 habes,
1116 1546 1248 1581 amas,
1271 1533 1445 1572 amaris.

115 1605 237 1652 Puto
274 1623 349 1651 me
387 1606 497 1652 satis
523 1606 776 1670 diligenter
811 1614 1152 1669 persequutum
1193 1605 1577 1669 hendecasyllabi

116 1681 326 1745 singulos
360 1682 597 1741 articulos,
623 1692 676 1730 ut
707 1683 1003 1729 ostenderem
1042 1700 1152 1730 cum
1191 1691 1309 1745 quot
1343 1682 1504 1729 metris
1536 1681 1578 1727 ei

117 1758 337 1821 quaedam
364 1759 664 1806 necessitudo
689 1760 1004 1822 contingeret.

429 1891 564 1943 CAP.
595 1891 658 1942 V.
711 1894 796 1943 De
824 1892 1055 1942 Philicio
1082 1901 1264 1943 metro.

199 1990 454 2037 VPhilicius
503 2009 660 2038 versus
705 2010 763 2037 ex
805 1991 981 2055 duplici
1030 1991 1150 2054 pede
1198 1997 1397 2046 constat,
1434 2006 1576 2051 quem

120 2067 432 2114 WBacchicon
467 2068 652 2124 musici,
678 2068 1035 2114 choriambicon
1067 2066 1366 2131 grammatici
1392 2073 1578 2111 vocant.

121 2144 286 2190 Habet
324 2144 511 2207 longam
540 2153 586 2190 et
611 2144 726 2190 duas
760 2145 922 2190 breves
959 2153 1005 2190 et
1041 2144 1283 2207 Xlongam,
1310 2142 1356 2188 id
1382 2150 1453 2188 est
1485 2150 1581 2187 tro-

121 2220 305 2267 chaeum
341 2229 388 2265 et
423 2220 651 2266 iambum.
724 2221 835 2267 Hoc
868 2230 1024 2267 autem
1060 2219 1318 2266 YPbilieius
1344 2220 1582 2282 conscrip-

122 2297 181 2343 sit
207 2296 413 2359 hymnos
434 2296 594 2342 Cereri
619 2306 667 2343 et
689 2297 946 2354 nyiberae,
970 2296 1052 2342 tali
1079 2314 1251 2359 genere
1278 2294 1433 2351 metri,
1451 2293 1581 2356 quod

123 2373 326 2419 zscilicet
350 2381 421 2419 est
446 2373 539 2420 acri
567 2373 673 2420 salis
698 2373 755 2435 (ἓ)
783 2381 830 2420 et
863 2390 1042 2420 arcanae
1068 2372 1263 2419 deorum
1290 2370 1581 2418 venerationi

178 2484 194 2502 r
215 2478 312 2513 Hinc
333 2479 523 2525 Phrygum
552 2492 674 2515 nemus
703 2482 812 2515 citato
839 2481 966 2526 cupide
991 2480 1082 2527 pecte
1111 2479 1245 2525 tetigit]
1280 2478 1361 2513 hine
1388 2477 1583 2525 phrygium

124 2542 247 2566 nemus
262 2532 371 2566 citato
388 2533 513 2578 cupide
527 2535 620 2580 pede
640 2535 757 2580 tetigit
775 2534 968 2580 phrygium
988 2533 1113 2579 cupide
1131 2533 1248 2578 tetigit
1268 2543 1390 2566 nemus
1410 2531 1521 2566 citato
1533 2530 1582 2566 V.

126 2590 141 2609 ⁵
163 2584 301 2630 timide]
328 2585 442 2619 timidi
462 2585 509 2620 V.
638 2585 652 2612 ¹³
671 2587 834 2634 syllabis]
859 2587 1006 2633 syllabis
1021 2586 1200 2633 prioribus
1220 2585 1267 2619 V.
1378 2590 1400 2609 u
1420 2585 1581 2619 Anacre-

127 2637 261 2683 ontez‘o]
283 2638 533 2673 Anacreonteo
548 2638 595 2674 V.
611 2645 888 2686 panacreontoeo
908 2638 1015 2675 Med.
1102 2645 1121 2663 v
1141 2637 1361 2684 Phalaecius]
1387 2636 1583 2673 Philiseius

128 2688 328 2725 Santenius
348 2689 393 2725 ad
413 2689 564 2726 Terent.
585 2691 708 2728 Maur.
732 2706 766 2741 p.
786 2704 875 2741 325.
929 2691 1138 2728 Emendavi
1168 2690 1315 2726 titulum
1347 2689 1410 2739 qui
1442 2696 1520 2726 erat
1540 2689 1584 2723 (Ie

128 2743 323 2779 Phaloecz'o.
435 2750 463 2768 w
482 2743 680 2791 Bacchum]
707 2746 909 2781 Bacchicon
932 2746 977 2780 V.
1003 2743 1194 2793 quomodo
1216 2743 1362 2793 reponit
1383 2740 1583 2778 Santenius

127 2795 172 2832 ad
193 2796 346 2832 Terent.
369 2795 493 2832 Maur.
515 2809 551 2845 p.
570 2808 617 2844 32
623 2806 658 2845 5.
780 2805 799 2824 X
822 2799 983 2845 longam]
1008 2799 1150 2844 longum
1173 2798 1221 2832 V.
1336 2804 1355 2830 y
1373 2794 1578 2840 Phalaecus]

131 2849 307 2885 Philicius
325 2849 374 2885 V.
392 2857 429 2885 et
449 2849 502 2885 sie
522 2862 678 2898 semper.
772 2858 812 2885 yy
832 2851 979 2898 Libero]
1004 2851 1143 2887 Liberoe
1159 2848 1359 2885 Salmasius
1380 2848 1425 2883 ad
1446 2848 1578 2882 Simm.

129 2914 165 2950 p.
187 2914 199 2938 1
212 2903 271 2949 85.
436 2909 453 2928 Ζ
474 2903 606 2938 scilicet
622 2908 672 2938 est
693 2930 862 2940 .......
866 2904 881 2951 ]
906 2905 1039 2939 scilicet
1059 2908 1109 2939 est
1129 2904 1205 2938 acri
1224 2903 1309 2938 salis
1328 2906 1361 2936 et
1380 2912 1512 2936 arcane
1531 2899 1580 2935 V.

814 2974 885 3010 Tt

1588 799 1626 821 22
