1962 3355
117 223 222 254 CAP.
255 218 294 254 l.
595 206 652 252 de
676 205 861 252 Metris
890 203 1104 252 Comicis.
1473 209 1570 261 379

117 337 145 357 “
169 347 353 376 versum
393 328 645 385 senarium,
680 335 728 373 et
763 327 954 384 similes,
989 327 1024 372 si
1069 344 1153 390 pro
1197 326 1339 389 longa
1378 326 1569 371 brevem

118 412 145 433 ‘⁶
173 407 433 461 habebunt,
460 414 511 451 ut
535 405 582 450 in
609 404 715 459 hoc,

232 488 260 507 ‘⁶
283 483 453 523 Amicus
471 497 658 523 summus
678 495 792 522 ‘meus
812 487 850 521 et
862 481 1088 537 popularis
1111 480 1262 520 Geta.”

197 555 443 602 Charisius
492 555 585 602 sic:
644 561 672 582 ‘⁶
708 553 1037 618 Septenarium
1088 570 1274 599 versum
1317 551 1415 597 fieri
1460 549 1575 596 dicit
1592 564 1612 592 4

120 640 146 658 ‘⁶
172 632 320 678 Varro
361 632 451 678 hoc
492 631 650 686 modo,
684 648 791 677 cum
834 630 890 676 ad
927 630 1139 676 iambum
1178 627 1451 692 trisyllabus
1492 643 1574 689 pes

118 713 145 733 “
171 708 374 765 additur,
400 717 452 754 ut
476 708 725 772 praefatum
751 707 859 753 est.''

185 784 379 831 Bassius
407 785 464 831 ad
490 785 736 831 Neronem
756 783 814 830 de
850 783 1056 829 iambico
1090 783 1157 829 sic
1181 781 1353 828 gdicit:
1392 789 1420 808 “
1445 781 1574 827 Iam·
1593 803 1609 833 5

119 868 147 887 ‘⁶
175 861 307 907 bicus
351 871 524 917 autem,
566 860 707 908 hcum
755 860 898 924 pedes
940 860 1083 906 etiam
1126 857 1346 922 dactylici
1390 856 1575 921 generis

120 942 147 964 ‘⁶
173 948 397 995 assumat,
422 938 595 984 desinit
626 938 857 984 iambicus
882 936 1045 993 videri,
1072 936 1158 983 nisi
1188 934 1487 999 percussione
1512 935 1577 980 ita

121 1020 150 1040 ‘⁶
175 1012 524 1071 imoderaveris‚
559 1024 612 1060 ut
651 1032 757 1060 cum
804 1013 975 1077 pedem
1017 1011 1276 1077 supplodiS‚
1314 1011 1575 1058 iambicum

122 1096 148 1116 “
174 1090 337 1136 ferias:
391 1090 590 1153 ideoque
639 1090 719 1136 illa
767 1091 869 1137 loca
914 1089 1228 1154 percussionis
1274 1105 1369 1134 non
1408 1087 1577 1151 recipi—

122 1174 149 1193 “
176 1176 259 1212 unt
292 1167 436 1213 alium
476 1185 619 1229 quam
654 1167 886 1223 iambum,
911 1175 959 1212 et
993 1165 1036 1211 ei
1074 1182 1232 1228 parem
1267 1163 1577 1217 tribrachum,

122 1248 150 1269 ‘⁶
175 1252 256 1288 aut
297 1243 334 1288 si
373 1244 563 1289 alterius
605 1242 911 1289 exhibuerint
952 1242 1088 1288 metri
1128 1241 1351 1304 speciem.
1436 1239 1578 1292 Quod

123 1327 151 1346 “
176 1318 297 1375 dico,
327 1320 548 1383 exemplo
583 1318 753 1365 faciam
786 1318 1031 1365 illustrius.
1102 1317 1223 1364 kEst
1257 1317 1306 1363 in
1339 1316 1579 1363 Eunucho

122 1402 148 1423 ‘⁶
174 1395 403 1442 ¹Terentii
430 1396 590 1443 statim
624 1397 671 1442 in
712 1396 865 1460 prima
900 1395 1073 1459 pagina
1111 1394 1189 1440 bic
1223 1411 1384 1440 versus
1419 1393 1580 1440 trime-

121 1479 151 1499 “
178 1480 293 1528 trus,

236 1554 264 1574 “
286 1550 498 1600 Exclusit,
519 1557 698 1601 revocat,
720 1551 885 1591 redeam
899 1552 918 1590 ,9
949 1564 1032 1590 non
1053 1549 1132 1589 msz'
1153 1561 1215 1588 ‘me
1235 1548 1421 1588 obsecret.

191 1630 220 1650 “
245 1623 428 1669 IlHunc
452 1623 610 1687 incipe
634 1624 786 1678 ferire,
810 1622 1042 1669 videberis
1075 1621 1271 1667 heroum
1308 1620 1480 1666 habere
1513 1618 1581 1665 in-

122 1705 149 1726 “
175 1708 245 1745 ter
269 1717 466 1754 manus3
504 1699 560 1746 ad
587 1717 826 1746 summam
853 1699 1015 1763 paucis
1041 1698 1233 1762 syllabis
1267 1698 1314 1743 in
1340 1705 1581 1760 postremo

124 1782 152 1802 ‘⁶
178 1778 390 1832 mutatis,
414 1784 541 1822 totus
566 1776 653 1822 erit
680 1777 865 1830 berom,

281 1857 308 1877 “
331 1853 542 1902 Exclusit,
565 1859 743 1901 revocat,
765 1853 929 1892 redeam
943 1853 962 1891 ,9
993 1866 1076 1891 rnon
1096 1852 1134 1891 si
1155 1852 1353 1905 meafiat.

125 1934 151 1953 ‘⁶
178 1928 357 1973 Ponam
404 1927 603 1974 dubium
647 1926 854 1973 secundo
896 1927 1000 1972 loco
1048 1924 1236 1989 pedem,
1276 1924 1470 1988 propius
1507 1940 1581 1968 ac—

126 2010 154 2029 “
180 2003 363 2058 cedam,

299 2086 326 2103 ‘⁶
349 2080 492 2119 Heros
513 2079 688 2120 Atrides
708 2079 887 2119 caelitum
909 2078 1212 2133 te‹5=tor·fldem.”

192 2153 340 2199 Varro
366 2153 413 2198 in
437 2168 534 2198 VII:
561 2159 588 2179 ‘⁶
607 2152 855 2198 Clausulas
875 2169 1064 2214 quoque
1091 2151 1299 2214 primum
1325 2149 1581 2213 appellatas
1601 2166 1620 2197 6

123 2236 150 2257 ‘⁶
175 2229 356 2286 dicunt,
392 2228 519 2291 quod
559 2229 832 2275 clauderent
871 2229 1170 2285 sententiam,
1207 2236 1260 2274 ut
1295 2226 1419 2291 apud
1461 2226 1583 2271 ⁰Ac-

123 2311 149 2331 “
176 2305 320 2359 cium,

296 2385 324 2405 ‘⁶
345 2381 415 2421 An
434 2381 626 2436 lttecjam
645 2382 761 2422 obliti
781 2387 880 2422 sunt
901 2381 1098 2437 Phryges
1111 2381 1154 2421 .9”

191 2460 217 2480 “
241 2454 600 2517 Nonnunquam
646 2455 704 2501 ab
743 2455 814 2500 his
855 2454 1044 2501 initium
1085 2456 1154 2511 fit,
1193 2462 1276 2500 Put
1317 2452 1444 2516 apud
1480 2452 1583 2498 Cae-

124 2536 151 2557 ‘⁶
177 2530 357 2585 cilium,
1370 2519 1372 2521 ¹

298 2612 325 2630 “
346 2607 409 2646 Do:
429 2607 523 2647 boni
543 2609 643 2663 quid
662 2608 734 2648 hoc
749 2607 799 2648 .9'’

181 2771 201 2798 g
221 2763 329 2810 dixit]
352 2763 442 2800 dicit
462 2763 545 2801 Ald.
639 2764 660 2791 h
679 2767 783 2812 cum]
806 2779 920 2814 quum
942 2766 1036 2802 Ven.
1059 2774 1097 2802 et
1117 2765 1202 2802 infr.
1286 2763 1297 2791 i
1317 2761 1579 2809 moderaveris]

128 2816 391 2854 innoderaveris
412 2818 509 2854 Ven.
532 2818 687 2854 immod.
707 2818 792 2855 Ald.
867 2818 888 2845 k
912 2821 983 2855 Est
1004 2819 1058 2866 in]
1083 2821 1119 2854 in
1141 2819 1238 2855 Ven.
1260 2818 1342 2855 Ald.
1412 2815 1422 2842 1
1441 2816 1582 2852 Teren—

128 2870 187 2918 tii]
212 2870 249 2906 in
272 2869 433 2920 presenti
455 2871 551 2907 Ven.
576 2871 658 2907 Ald.
733 2878 764 2897 m
784 2871 814 2908 si
834 2874 912 2920 me]
937 2873 1018 2909 sine
1039 2885 1100 2908 me
1120 2873 1216 2908 Ven.
1298 2878 1318 2897 n
1339 2872 1438 2906 hunc
1459 2869 1583 2918 incipe

128 2934 246 2971 —fiat
261 2947 336 2971 om.
349 2935 444 2971 Ven.
460 2935 540 2971 Ald.
599 2942 617 2961 0
633 2936 805 2982 Accium]
824 2936 973 2973 Actium
992 2936 1084 2974 Ven.
1141 2943 1161 2971 P
1175 2944 1216 2972 ut
1236 2935 1352 2985 apud]
1376 2933 1474 2984 apud
1486 2933 1582 2970 Ven.

789 3007 817 3045 3
847 3015 872 3045 c
901 3010 927 3045 2
