1962 3355
337 222 433 270 216
850 222 1008 270 Marii
1037 223 1277 270 Victorini
1595 237 1693 268 Lm.
1717 238 1784 269 1v.

336 343 518 391 cundus
543 344 777 390 trochaeus
804 345 862 390 ab
887 345 1057 390 ultimo
1082 344 1180 407 pari
1207 344 1387 389 ratione
1413 341 1609 405 positus,
1632 343 1788 406 ⁰capi-

335 419 466 481 tique
492 436 650 465 versus
676 420 952 476 abstractus,
978 421 1179 466 similem
1206 420 1405 465 formam
1432 418 1579 475 dabit,
1603 419 1685 475 sic,

530 506 653 552 Ales
676 508 725 552 ‘in
746 507 892 552 terris
916 507 1121 553 imitaris
1145 505 1285 552 almoe
1302 524 1318 551 .·

534 583 593 628 In
617 583 764 628 terris
788 583 998 628 imitaris
1022 582 1122 627 ales
1146 581 1295 627 almoe.

259 664 318 685 110
337 646 475 701 Item,

532 711 668 756 Peme
691 728 765 756 me
782 711 943 774 pigris
968 710 1048 756 uhi
1070 710 1206 756 mella
1232 710 1410 772 eampis
1426 730 1441 757 .-

531 787 621 833 Me
638 787 796 850 pigris
815 787 896 832 ubi
919 785 1055 832 nulla
1074 803 1198 847 pone
1223 787 1413 848 campis.

336 873 579 928 Similiter,

531 949 698 994 Arbor
720 948 887 994 oestiva
912 954 1195 994 Precreatar
1218 948 1389 994 umbra
1405 967 1420 994 .·

532 1025 741 1072 AEstiva
766 1032 1015 1071 recreatur
1038 1025 1184 1071 arbor
1208 1025 1390 1071 umbra.

258 1122 311 1142 111
335 1101 440 1147 Nec
475 1119 569 1147 non
605 1101 769 1147 tertius
806 1101 1054 1158 trochaeus,
1093 1100 1138 1146 id
1179 1110 1249 1146 est
1284 1101 1498 1156 ultimus,
1535 1101 1678 1146 simili
1717 1120 1786 1147 ra-

334 1178 463 1224 tione
487 1177 761 1233 collocatus,
786 1177 951 1223 eadem
978 1186 1191 1222 ‘lversum
1214 1176 1444 1240 implevit,
1469 1176 1606 1232 sicut,

534 1255 616 1300 Ire
641 1255 874 1300 detectum
899 1259 1200 1299 monumenta
1224 1253 1356 1316 regis
1371 1272 1386 1298 :

534 1330 791 1393 Desectam
814 1336 1116 1376 monumenta
1139 1330 1272 1392 regis
1296 1330 1379 1376 ire.

336 1408 476 1462 Item,

532 1482 683 1529 Serus
705 1483 755 1528 in
781 1482 941 1528 coelam
966 1482 1136 1527 redeas
1161 1481 1335 1545 diuque
1354 1501 1368 1527 .-

533 1559 591 1604 Ins
617 1558 777 1605 ecclam
803 1559 970 1605 redeas
996 1557 1170 1620 diuque
1193 1574 1344 1603 seras.

334 1634 456 1680 Item

464 1670 475 1689 ,
533 1699 679 1745 Loeta
703 1698 853 1761 rquod
868 1698 1020 1760 pubes
1045 1698 1220 1744 hedera
1246 1698 1430 1744 virente
1447 1718 1462 1743 .-

538 1775 683 1824 and
695 1775 846 1836 pubes
871 1774 1046 1820 hedera
1069 1775 1255 1821 virente
1280 1773 1407 1820 loeta.

258 1888 315 1908 112
334 1864 547 1916 Quarum
591 1862 853 1925 specierum
893 1861 1100 1924 plurima
1139 1861 1356 1925 exempla
1397 1870 1522 1906 sunt.
1590 1862 1791 1908 Accedit

335 1938 407 1984 his
433 1947 479 1983 et
503 1937 583 1982 illa
609 1937 786 2000 species
823 1954 917 1982 non
955 1938 1159 1984 absimili
1184 1937 1509 1984 modulatione
1529 1939 1790 2002 conposita,

336 2023 386 2060 ut
411 2023 482 2060 est
507 2013 631 2076 apud
658 2013 878 2070 eundem,

533 2090 665 2136 [Vota
691 2107 797 2153 quoe
820 2090 953 2136 sedes
958 2089 1143 2153 fuerat
1166 2089 1435 2147 scolmzbis,

337 2182 393 2212 ex
431 2183 525 2227 quo
562 2167 1000 2228 hendecasyllabus,
1027 2166 1105 2211 sed
1143 2184 1237 2212 non
1266 2167 1544 2220 Phalaecius,
1568 2167 1791 2230 figurabi-

337 2251 426 2299 tur,
451 2251 529 2299 lta,

540 2318 663 2368 Quoe
686 2316 1006 2382 seclesficerat
1031 2324 1143 2364 nota
1170 2317 1409 2364 columbis.

338 2394 460 2440 Item

467 2431 479 2451 ³
540 2458 652 2505 Vile
667 2459 859 2520 potabis
883 2459 1076 2505 modicis
1102 2458 1331 2504 Sabinam
1351 2479 1366 2505 :

534 2535 736 2581 Potabis
759 2535 953 2581 modieis
976 2534 1069 2581 vile
1094 2534 1337 2580 Sabinam.

262 2643 319 2672 113
339 2621 480 2675 Quod
505 2639 654 2684 genus
673 2621 721 2666 in
740 2637 891 2667 XXXII
909 2621 1139 2685 exemplis
1159 2631 1395 2684 repertum
1419 2632 1502 2668 est.
1544 2622 1639 2668 Hic
1658 2623 1786 2668 enim

392 2780 410 2800 o
430 2773 633 2822 capitique]
657 2772 766 2822 capiti
789 2772 849 2822 qui
870 2774 911 2809 P.
1103 2781 1123 2808 P
1153 2781 1338 2810 recreatur
1359 2774 1430 2820 bis]
1463 2782 1647 2810 recreetur
1674 2773 1729 2809 bis
1749 2775 1788 2809 P.

338 2835 358 2861 q
378 2827 540 2872 versum]
564 2839 685 2862 versus
706 2827 745 2862 P.
869 2834 884 2852 ¹·
902 2825 1202 2875 quid—virente]
1228 2827 1513 2875 quod—virenti
1535 2828 1577 2863 P.
1690 2834 1704 2852 s
1724 2839 1788 2862 co*

339 2878 492 2928 lumbis]
517 2878 629 2915 Addit
652 2880 691 2914 P.
725 2880 781 2915 Ex
803 2892 876 2927 quo
896 2879 1198 2929 endecasyllabus
1218 2880 1282 2916 sed
1306 2893 1381 2916 non
1403 2879 1592 2928 phalecius
1612 2878 1788 2930 figurabi-

340 2941 411 2975 ων,
432 2934 496 2976 ita,
517 2946 597 2981 quae
616 2932 719 2968 sedes
740 2932 857 2968 fuerat
878 2941 967 2968 nota
987 2932 1184 2969 columbis.
1222 2933 1275 2970 Et
1294 2934 1346 2970 sic
1366 2933 1425 2969 ecl.
1448 2934 1554 2969 Cam.
