1962 3355
346 208 410 265 76
857 208 1014 255 Marii
1042 209 1274 256 Victorini
1647 226 1742 261 Lm.
1764 226 1797 256 1.

544 330 714 377 Amice
728 330 1112 394 propugnacula.

346 405 411 451 Et
435 424 635 468 quaeque
661 407 750 453 alia
774 407 930 469 qualia
955 417 1002 454 et
1029 416 1179 453 metro
1204 407 1379 470 scripta
1398 417 1647 471 sequentes
1673 407 1802 453 clau·

348 483 470 528 sulas
493 483 815 546 quorumlibet
839 492 1093 530 metrorum
1120 483 1177 530 ad
1203 502 1251 530 se
1275 484 1485 539 trahunt,
1505 485 1569 531 ita
1594 484 1802 548 appella-

347 560 536 618 buntur,
561 560 670 622 quia
707 559 939 623 proodicis
974 560 1184 606 versibus
1222 559 1442 622 ἐπᾴδονται,
1479 559 1526 606 id
1560 568 1645 614 est,
1679 560 1802 606 acci-

347 642 542 682 fiuntur.

346 768 483 818 CAP.
509 768 662 818 XVI.
706 768 790 818 De
820 765 1044 835 Strophe
1070 775 1121 817 et
1145 766 1492 837 Anti-strophe
1518 776 1568 819 et
1594 760 1799 837 Epoclo.

426 865 650 926 Pleraque
693 863 1016 926 mLyricorum
1055 864 1337 920 carminum,
1375 881 1480 926 quae
1520 881 1655 910 versu
1689 873 1802 910 nco—

346 942 460 986 lisve
485 949 530 986 et
556 940 875 986 commatibus
900 950 1268 1000 componuntur,
1285 957 1343 986 ex
1371 940 1575 1003 Stropbe
1600 950 1646 986 et
1662 940 1803 986 Anti-

348 1016 540 1078 strophe
577 1025 622 1061 et
658 1014 872 1078 ⁰Epod0,
898 1024 951 1061 ut
976 1016 1133 1063 Graeci
1169 1018 1428 1081 appellant,
1457 1017 1669 1063 ordinata
1695 1017 1804 1062 sub-

313 1115 328 1135 2
349 1093 536 1147 sistunt,
562 1109 762 1154 quorum
790 1092 908 1138 ratio
934 1093 1040 1138 talis
1066 1102 1150 1139 est.
1193 1094 1393 1157 Antiqui
1420 1094 1616 1140 deorum
1642 1093 1802 1140 laudes

349 1169 638 1215 carminibus
675 1169 1042 1232 comprehensas
1078 1171 1256 1217 circum
1298 1189 1396 1217 aras
1433 1188 1595 1217 eorum
1638 1179 1803 1215 euntes

349 1247 595 1299 canebant,
620 1246 754 1308 cujus
791 1247 1000 1309 primum
1033 1247 1267 1293 ambitum
1295 1264 1437 1309 quem
1476 1245 1805 1310 ingredieban-

309 1332 423 1372 3tur
462 1331 514 1367 Pa
551 1331 682 1385 parte
717 1323 882 1368 dextra
919 1325 1094 1385 στροφὴν
1135 1325 1380 1370 vocabant.
1464 1323 1802 1369 Reversionem

349 1407 504 1444 autem
533 1398 849 1445 sinistrorsum
889 1399 1081 1457 factam,
1101 1400 1342 1463 completo
1366 1399 1519 1463 priore
1551 1400 1678 1454 orbe,
1707 1399 1804 1444 An—

348 1474 615 1537 tistroplion
661 1476 981 1539 appellabant.
1050 1476 1179 1522 Dein
1219 1477 1267 1522 in
1307 1485 1565 1539 conspectu
1606 1475 1802 1521 deorum

348 1550 469 1596 soliti
498 1552 766 1608 consistere,
791 1553 961 1599 cantici
989 1553 1168 1615 reliqua
1193 1553 1619 1615 consequebantur,
1644 1552 1806 1616 appel-

310 1627 499 1675 4lantcs
534 1627 578 1673 id
616 1628 833 1691 Epodon.
903 1629 1033 1675 Nam
1075 1629 1270 1692 Epodos
1303 1638 1373 1675 est
1402 1628 1539 1674 tertia
1577 1647 1685 1692 pars
1724 1637 1805 1676 aut

350 1703 599 1765 ‘iperiodus
626 1704 784 1766 lyricae
810 1704 936 1750 odes.
989 1704 1143 1767 Igitur
1167 1723 1274 1768 quae
1299 1715 1407 1769 post
1432 1707 1606 1768 στροφὴν
1630 1715 1677 1752 ct
1700 1708 1807 1752 ἀντι-

351 1781 540 1841 στροφὴν,
574 1780 737 1844 fga-323&
772 1781 1007 1828 diccbant.
1045 1791 1080 1811 rr
1095 1782 1245 1828 ἐπάδειν
1270 1782 1461 1843 quidem
1490 1791 1560 1828 est
1584 1799 1807 1844 superca-

312 1878 328 1907 5
350 1872 475 1901 nere.
540 1855 672 1902 Hinc
698 1867 944 1917 sumptum
970 1858 1254 1904 vocabulum
1283 1858 1329 1903 in
1358 1858 1440 1904 has
1464 1857 1676 1922 Epodos,
1700 1875 1805 1920 quae

351 1932 485 1977 binos
510 1949 669 1978 versus
707 1933 911 1997 impares
943 1935 1135 1981 habent.
1203 1934 1333 1980 Nam
1360 1944 1412 1981 ut
1449 1935 1540 1981 illae
1565 1935 1804 1980 canticum

310 2021 330 2052 6
352 2009 594 2066 finiebant,
620 2009 684 2055 sic
712 2010 785 2056 hae
823 2028 1015 2057 sensum
1041 2029 1177 2058 versu
1206 2010 1489 2074 insequenti.
1560 2011 1671 2057 Hoc
1696 2010 1807 2073 quia

351 2102 376 2130 e
411 2085 561 2130 tribus
596 2086 824 2140 subsistit,
850 2088 1115 2150 appellatur
1150 2089 1302 2148 ς’τριάμ
1374 2088 1448 2133 Ita
1483 2096 1537 2133 ut
1569 2087 1725 2132 omnis
1761 2096 1807 2133 et

353 2162 508 2223 στροφὴ
533 2170 578 2206 et
601 2162 861 2224 ἀντίστροφος
892 2172 937 2208 et
962 2162 1124 2226 ῖέπῳδός
1148 2163 1346 2209 totidem
1373 2163 1579 2208 habeant
1603 2163 1806 2226 Syllabas

352 2237 399 2282 in
435 2238 650 2299 proxima
682 2237 890 2299 periodo,
916 2247 1049 2300 unae
1086 2238 1334 2300 subjicitur
1368 2238 1525 2301 priori,
1550 2247 1602 2283 ut
1634 2238 1694 2284 sit
1726 2248 1806 2284 aut

353 2312 603 2375 Ψίσόμετρος
650 2323 729 2358 aut
769 2312 969 2375 ἰσόχρωος
1004 2314 1217 2376 quolibet
1255 2323 1405 2360 metro
1448 2332 1527 2360 seu
1577 2314 1807 2377 rhythmo

317 2409 333 2441 7
353 2387 627 2433 subsistens.
696 2387 854 2434 XNam
884 2388 1003 2434 sicut
1027 2389 1193 2435 dextra
1217 2407 1384 2435 manus
1422 2390 1626 2453 impares
1663 2391 1808 2437 habet

352 2463 542 2526 digitos,
567 2463 646 2509 sed
683 2464 881 2510 yliorurn
909 2482 1042 2528 pares
1074 2474 1185 2511 sunt
1215 2465 1411 2512 sinistrae
1439 2483 1606 2512 manus
1632 2466 1666 2512 si
1695 2485 1807 2513 con-

408 2623 438 2642 m
463 2615 695 2665 Lyricorum]
718 2616 907 2653 liricorum
928 2618 968 2654 P.
1081 2625 1100 2643 n
1121 2618 1303 2667 colisque]
1324 2619 1460 2656 colisve
1482 2620 1519 2655 P.
1614 2627 1631 2646 o
1650 2621 1803 2670 Epodo]

354 2669 473 2719 epode
495 2670 534 2705 P.
644 2676 664 2704 Ρ
685 2682 728 2705 ex
748 2670 869 2718 parte]
893 2683 912 2705 a
932 2678 1035 2719 parte
1057 2671 1098 2707 P.
1208 2679 1227 2706 q
1248 2671 1420 2721 periodus
1441 2671 1565 2721 lyricae
1585 2673 1686 2709 odes.
1731 2673 1806 2723 Igi-

355 2732 415 2759 tur
434 2723 532 2771 quae]
556 2722 727 2772 periodos
748 2722 869 2775 lyrice·
900 2724 989 2759 odes
1010 2722 1121 2772 igitur
1140 2725 1239 2773 quod
1260 2726 1299 2761 P.
1454 2732 1470 2751 r
1488 2727 1618 2773 ἐπωδὲν]
1641 2729 1744 2762 εποδον
1765 2728 1805 2763 Ρ.

355 2783 388 2802 rr
407 2779 533 2812 ἐπάδειν
552 2775 719 2825 quidem]
744 2776 890 2825 epodon
913 2776 1011 2825 quod
1031 2777 1070 2812 P.
1173 2784 1187 2803 s
1207 2779 1311 2826 τριάς]
1335 2789 1435 2815 ‘trica
1457 2779 1498 2816 P.
1583 2779 1598 2805 t
1617 2787 1654 2816 et
1673 2780 1803 2828 ἐπωδὸς]

354 2838 392 2866 et
411 2842 485 2865 om.
507 2830 547 2865 P.
673 2836 692 2855 V
711 2842 791 2878 quae
811 2828 1024 2876 subijcitur]
1048 2829 1111 2878 qui
1132 2830 1310 2866 subicitur
1330 2832 1367 2867 P.
1470 2837 1499 2857 W
1519 2832 1805 2881 ἶσόμετρος-ισο-

354 2883 472 2931 χρονος]
498 2894 854 2931 οομετρος-οοχρονος
873 2883 914 2919 Ρ.
991 2889 1010 2908 X
1031 2883 1152 2930 Nam]
1177 2887 1251 2932 quo
1272 2885 1310 2920 P.
1381 2891 1400 2919 5
1421 2886 1595 2932 numero]
1618 2886 1750 2922 horum
1765 2886 1805 2922 P.
