1962 3355
325 208 421 256 362
491 207 634 255 Atilii
657 206 998 254 Fortunatiani
1024 206 1106 252 De
1123 205 1286 252 metris
1307 203 1523 251 Horatii.
1591 217 1773 247 PAR.11.

326 330 486 375 Ambo
529 329 717 376 iambici
765 327 1021 384 acatalecti,
1057 327 1237 390 primus
1279 326 1505 380 trimeter,
1542 321 1775 368 secundus

327 405 555 459 dimeter3
599 414 646 451 et
684 404 905 467 deinceps
942 420 1106 449 omnes
1142 402 1322 464 eglogae
1361 417 1465 462 quae
1501 406 1775 461 sequuntur,

326 481 627 528 vconsimiles
654 480 747 525 sint
773 496 920 541 usque
947 478 1002 524 ad
1030 478 1159 523 illam
1187 493 1292 538 quae
1317 475 1382 522 sic
1406 474 1590 537 incipit,

266 614 307 652 36
389 611 519 664 [XL]
555 611 681 659 Pettz',
703 609 810 649 nihil
831 622 904 656 me,
927 609 1033 647 sicut
1053 607 1331 660 antea,juvat

555 677 745 717 Scribere
765 674 987 715 versiculos
1011 687 1148 713 cantore
1165 673 1401 728 perculsum
1417 672 1565 727 gravi.

328 761 511 806 Primus
537 759 767 805 iambicus
794 757 1018 812 trimeter,
1040 757 1231 803 secundi
1252 757 1405 820 prima
1423 766 1553 802 tome
1578 756 1776 818 penthe-

327 836 557 882 mimeren
586 835 743 890 habet,
763 850 961 895 sequens
987 834 1221 880 dimetron
1247 834 1498 880 iambicon.

268 978 307 1007 37
361 965 516 1019 [X11.]
555 964 667 1011 Quid
685 964 758 1004 tibi
780 965 844 1004 vis
865 964 1014 1004 mulier
1034 965 1177 1020 nigris
1196 965 1452 1020 dignissima
1472 964 1638 1008 barri&

556 1033 743 1072 Munera
764 1046 839 1071 car
860 1031 961 1071 mihi
982 1046 1057 1071 cur
1079 1045 1125 1071 ve
1146 1032 1325 1072 tabellas.

329 1110 514 1156 Primus
551 1110 719 1156 herous
757 1111 1045 1167 hexameter,
1071 1126 1270 1172 sequens
1308 1115 1593 1161 tetrameter,
1619 1106 1782 1152 simili-

329 1197 399 1233 ter
422 1187 654 1250 dactylus,
679 1188 759 1250 qui
786 1187 1034 1234 bucolicon
1059 1187 1187 1243 facit,
1208 1186 1245 1232 si
1278 1185 1344 1231 illi
1370 1184 1486 1231 duos
1509 1183 1651 1248 pedes
1677 1182 1781 1228 red-

328 1263 409 1310 das
435 1264 517 1320 sic,

471 1340 660 1379 stffzmera
680 1354 755 1379 car
776 1340 878 1379 mihi
899 1354 974 1379 cur
995 1353 1042 1379 ve
1063 1338 1230 1379 tabellas
1250 1338 1390 1378 omm'a
1402 1338 1558 1393 plena;

329 1412 480 1475 qualis
506 1422 591 1467 est,

472 1488 535 1528 Ab
555 1489 660 1528 Jove
674 1488 935 1543 principiam
958 1501 1099 1536 musa),
1121 1487 1242 1527 Jovis
1261 1487 1401 1526 omm‘a
1417 1486 1554 1541 plena.

268 1614 310 1652 38
337 1610 518 1664 [XIII]
554 1610 751 1649 Horrida
772 1614 987 1664 tempestas
1007 1609 1150 1648 caelum
1172 1608 1381 1648 contraxit
1401 1613 1439 1647 et
1458 1607 1607 1646 imbres

558 1677 769 1732 Nivesque
790 1676 996 1716 deducunt-
1015 1676 1175 1725 Jovem,
1197 1689 1308 1714 nunc
1328 1688 1442 1714 mare
1461 1688 1573 1714 mmc
1593 1674 1736 1729 sylvce.

330 1766 515 1813 Primus
560 1766 847 1819 hexameter,
885 1764 1119 1811 secundus
1160 1764 1450 1827 compositus
1487 1781 1545 1809 ex
1581 1762 1784 1808 dimetro

331 1843 580 1890 Wiambico
605 1852 652 1888 et
676 1841 1058 1906 penthemimeri.

273 1990 314 2022 39
357 1974 525 2028 [XIV]
560 1974 706 2014 Mollis
729 1974 881 2013 inertia
902 1986 977 2012 cur
999 1978 1158 2012 tantam
1179 1971 1397 2027 diffinierit
1414 1971 1512 2010 imis

563 2041 813 2082 Oblivionem
838 2040 1037 2080 sensibus.

335 2120 630 2166 Hexameter
653 2119 850 2183 primus,
877 2118 1108 2164 secundus
1134 2117 1366 2163 iambicus
1391 2115 1604 2161 dimeter.

275 2267 317 2295 40
358 2250 523 2303 [XVI.]
559 2250 703 2289 Altera
708 2250 807 2303 jam
831 2249 982 2288 teritur
1002 2248 1114 2288 bellis
1134 2247 1325 2287 civilibus
1347 2252 1446 2286 oetas

564 2317 668 2357 Suis
689 2322 726 2355 et
746 2317 839 2370 ipsa
862 2316 995 2355 Roma
1018 2315 1178 2355 viribus
1198 2314 1300 2354 ‘ru-it.

337 2395 632 2441 Hexameter
660 2404 705 2439 et
730 2393 962 2439 iambicus
989 2393 1212 2438 trimeter.

276 2536 313 2566 41
340 2525 532 2578 [XVII.]
562 2525 662 2565 Jam
666 2525 767 2579 jam
788 2523 937 2578 efficaci
958 2522 1008 2562 do
1028 2535 1177 2562 manus
1197 2521 1395 2561 scientice.

336 2613 518 2660 Omnes
547 2613 593 2658 hi
620 2611 819 2658 trimetri
846 2610 1034 2656 iambici
1061 2622 1210 2656 erunt.

389 2765 405 2782 v
424 2760 570 2806 similes]
593 2761 789 2795 consimiles
809 2759 854 2793 V.
965 2764 993 2782 w
1015 2758 1164 2793 iambico
1183 2762 1217 2793 et
1236 2757 1506 2805 pentemimere]
1531 2761 1566 2792 et
1587 2756 1735 2792 iambico
1755 2759 1789 2790 et

332 2815 573 2862 pentimimeri
592 2813 638 2847 V.
739 2819 760 2837 x
780 2811 884 2857 Jam]
909 2811 993 2847 Jam
1006 2810 1087 2855 jam
1110 2811 1154 2845 V.
