1962 3355
660 204 1020 245 PRAEFATIO.
1530 210 1574 249 xi

102 317 131 341 ‘⁶
154 319 371 359 taborum
407 311 610 357 curavit.
679 310 759 357 Ea)
793 311 867 357 liis
905 312 1141 358 codicibus
1173 319 1340 359 auctor
1375 329 1571 361 accura-

102 387 334 433 “tissime
370 386 666 433 emaculatus
703 387 811 433 est.”
879 387 1096 433 Eandem
1139 389 1200 434 ob
1244 406 1434 435 causam
1476 398 1567 436 tres

103 480 213 508 mss.
239 479 356 524 quos
394 462 608 508 adservat
643 462 945 509 Bibliotheca
974 464 1123 527 Regia
1155 465 1428 511 Parisiensis
1456 483 1565 512 cum

101 538 310 584 editione
355 537 626 585 Caesariana
672 540 979 586 conferendas
1028 540 1201 587 curavi.
1274 541 1465 587 Horum
1509 542 1567 587 A.

104 616 172 674 (n.
213 619 380 677 7494.)
422 613 800 676 santiquissimus
843 626 926 670 est,
976 634 1062 662 nec
1112 617 1265 662 multo
1303 616 1468 678 junior
1508 620 1565 663 B.

103 691 172 750 (n.
206 695 370 753 7493.)
406 691 639 737 recentior
674 700 743 737 est
771 693 824 738 C.
863 693 929 750 (n.
956 697 1121 754 7538.)
1194 692 1333 738 Unus
1369 693 1566 739 fortasse

99 775 182 813 aut
206 768 363 831 plures
390 785 449 813 ex
476 767 549 813 his
576 767 632 813 ad
655 785 733 813 eos
758 767 988 814 referendi
1014 777 1122 814 sunt
1148 786 1266 831 quos
1293 768 1567 816 adhibuisse

98 861 148 889 se
183 852 382 890 testatur
413 843 682 890 Putschius.
752 844 931 890 Nescio
962 862 1020 891 an
1056 844 1206 890 codex
1246 844 1303 891 A.
1347 845 1471 891 idem
1504 846 1563 892 sit

98 936 207 965 cum
249 920 412 967 codice
452 920 684 966 Fuldano.
755 920 829 966 Eo
871 930 997 966 certe
1045 920 1111 966 uti
1157 920 1313 983 potuit
1354 922 1561 967 coenobii

98 994 302 1042 Fuldani
329 995 589 1059 inquilinus
617 995 843 1042 Rabanus
877 996 1092 1050 Maurus,
1116 997 1196 1058 qui
1235 997 1449 1055 (notante
1476 997 1564 1044 Fa-

97 1070 246 1117 bricio
265 1072 393 1118 Bibl.
412 1072 518 1118 Lat.
539 1072 579 1118 I.
610 1081 650 1118 1.
686 1072 741 1118 Τ.
767 1073 805 1119 Ι.
842 1090 887 1135 p.
913 1082 958 1118 4.
984 1072 1057 1118 ed.
1095 1072 1305 1130 Ernest.)
1335 1074 1563 1119 nonnulla

96 1165 156 1194 ex
181 1147 421 1194 Diomede
444 1148 622 1212 profert
648 1149 776 1211 Opp.
801 1149 857 1194 T.
883 1148 949 1194 II.
975 1167 1020 1212 p.
1037 1148 1115 1194 46.
1141 1147 1214 1194 ed.
1231 1148 1397 1194 Colon.
1422 1148 1560 1206 1627.

153 1224 346 1270 Oblitus
363 1225 459 1270 fere
479 1241 583 1270 sum
607 1241 799 1270 monere
821 1241 896 1269 me
915 1241 1008 1269 non
1030 1224 1293 1286 neglexisse
1311 1224 1563 1271 Diomedis

96 1299 353 1346 editionem
382 1299 645 1363 principem
667 1299 1029 1356 Jensonianam‚
1056 1299 1134 1345 sed
1161 1317 1309 1361 quum
1338 1317 1396 1346 ex
1421 1301 1565 1347 colla-

95 1376 224 1423 tione
250 1376 466 1423 instituta
489 1376 760 1422 didicissem
786 1394 890 1422 eam
917 1393 1024 1422 cum
1043 1375 1229 1422 Veneta
1254 1385 1440 1423 tantum
1468 1394 1562 1422 non

96 1453 144 1499 in
184 1453 408 1499 omnibus
446 1453 726 1509 consentire,
751 1453 929 1498 nullam
969 1453 1070 1514 ejus
1110 1453 1406 1499 mentionem
1440 1454 1563 1500 inter

95 1529 244 1576 varias
269 1529 495 1575 lectiones
521 1528 787 1575 faciendam
822 1529 1000 1592 putavi.
1070 1529 1305 1575 Absoluta
1341 1538 1564 1593 typogra-

94 1606 179 1670 phi
226 1622 383 1670 opera,
419 1605 594 1652 obtulit
637 1605 817 1651 amicus
864 1605 1090 1652 lectiones
1129 1606 1357 1668 quasdam
1401 1625 1426 1652 e
1458 1606 1560 1652 cod.

148 1725 164 1752 f
189 1725 357 1776 Scriptus
383 1734 439 1762 est
459 1725 519 1762 hic
539 1725 632 1762 liber
652 1738 683 1762 a.
708 1726 796 1773 780,
816 1733 857 1761 ut
878 1733 980 1775 patet
999 1739 1042 1762 ex
1065 1725 1249 1763 versiculis
1279 1739 1380 1776 seqq.
1403 1726 1464 1776 qui
1492 1727 1561 1763 sub

93 1778 172 1826 ejus
202 1780 315 1816 finem
343 1778 558 1826 majusculis
587 1778 703 1815 literis
733 1778 869 1815 exarati
905 1786 993 1814 sunt
1019 1778 1170 1815 alternis
1197 1780 1233 1815 in
1273 1779 1415 1816 rubrica
1448 1789 1486 1816 et
1519 1780 1558 1815 in

94 1840 306 1870 atramento
320 1847 328 1868 ε

256 1909 360 1943 Dum
379 1908 532 1943 mundas
552 1913 692 1942 centum
712 1908 900 1942 redeantes
918 1909 1045 1954 septies
1064 1920 1178 1943 annos

256 1965 291 1996 et
310 1961 424 1996 decies
430 1959 535 2008 sorte
542 1959 640 2008 felix
660 1961 864 2007 expleverat
886 1965 963 1995 octo

256 2025 298 2049 ex
319 2025 387 2060 quo
408 2014 561 2049 christus
580 2013 686 2049 Jesas
704 2014 798 2048 secla
819 2013 987 2048 beaverat
1007 2019 1101 2055 orta,

257 2067 476 2113 bissenosque
496 2079 607 2101 annos
632 2067 847 2101 Francorum
869 2070 1010 2112 sceptra
1034 2071 1179 2108 teneres,

255 2120 349 2155 hunc
369 2121 444 2161 tibi,
466 2132 548 2154 care
568 2120 631 2154 (leo
656 2120 784 2154 Carole
803 2131 876 2161 rex,
896 2120 1086 2166 scripserat
1105 2120 1238 2155 Adam.

254 2185 378 2219 nempe
400 2172 659 2220 tazcsfamulus
680 2172 809 2207 libram
830 2173 976 2207 devotas
997 2174 1032 2206 iri
1055 2174 1140 2208 arbe

259 2226 468 2262 Vvormatia
487 2226 622 2261 soboles
642 2225 846 2271 Iiaynliardi
866 2225 1108 2272 alsatiafelioe

253 2284 303 2314 est
319 2279 646 2326 propriafecansla
668 2279 756 2313 bono
776 2280 832 2313 cai
850 2279 973 2324 patria
996 2279 1107 2314 bacho

253 2331 497 2379 tuncquefait
517 2332 671 2367 scribens
692 2343 865 2365 annorum
889 2336 982 2366 certe
1004 2333 1152 2378 triginta

254 2397 323 2432 qao
341 2386 481 2432 scripsit
501 2385 661 2420 servulus
680 2396 775 2419 anno
797 2388 847 2425 ta,
870 2396 932 2418 rex
947 2386 1008 2430 pie
1028 2386 1136 2427 carle,

253 2439 335 2473 ilico
355 2439 515 2473 enobiam
537 2449 661 2473 masan
682 2438 797 2472 vilare
818 2438 958 2472 dedisti.

253 2491 319 2526 hoc
339 2491 401 2526 tibi
421 2503 532 2537 regna
552 2492 609 2525 (lei
626 2491 768 2525 solvant
787 2491 947 2525 mercede
961 2491 1122 2536 perenni.

254 2544 363 2579 Salve
380 2556 441 2579 rex
463 2544 591 2579 Carole
610 2544 827 2589 armipotens
846 2544 900 2577 vir
921 2555 1048 2589 magne
1067 2544 1216 2591 valeque

253 2601 361 2643 atque
382 2598 434 2631 tai
454 2597 596 2632 humilis
615 2597 708 2631 adae
728 2608 925 2631 memorare
943 2608 1007 2643 per
1027 2608 1154 2632 aecum

253 2651 387 2696 respice
406 2651 449 2684 de
468 2651 559 2685 celso
578 2650 793 2696 populorum
815 2650 969 2684 culmine
983 2650 1152 2696 princeps

252 2704 435 2738 servulum
455 2703 574 2737 Adam
595 2702 764 2737 humilem
785 2702 920 2737 tibimet
940 2703 1071 2737 servire
1089 2707 1261 2749 paratum

250 2756 370 2801 gloria
391 2767 524 2801 magna
547 2756 609 2790 tibi
631 2756 734 2790 terris
754 2760 788 2790 et
805 2756 923 2800 gloria
946 2756 1053 2789 caelis

254 2812 393 2843 constat
412 2812 452 2843 ut
472 2808 671 2843 aetherium
691 2809 813 2854 capias
829 2820 895 2854 per
913 2809 1034 2843 secula
1055 2820 1203 2854 regnam

248 2862 352 2907 pacis
371 2861 431 2896 ubz·
441 2859 584 2907 jugiter
598 2873 726 2908 perpes
746 2862 935 2895 concordia
956 2866 1084 2907 regnat

252 2914 372 2949 dulcia
390 2914 564 2960 stelligeri
580 2915 744 2959 gaudens
759 2926 826 2960 per
840 2925 978 2960 pascua
1001 2914 1077 2949 celi.

795 2978 859 3012 bz
