1962 3355
153 174 260 205 CAP.
280 170 324 218 9.
571 159 658 206 De
673 160 908 222 poematis
926 160 1199 224 generibus.
1511 170 1599 208 451

152 281 277 326 varia
316 280 592 327 definitione
627 281 838 327 discretae
881 289 1006 326 sunt.
1091 281 1259 326 Altera
1299 279 1427 326 enim
1468 278 1607 326 hoiaca‘v-

152 357 256 408 δυνος
289 359 469 420 περιοχὴ,
506 357 648 404 altera
684 357 812 419 τύχης
846 356 1087 420 περίστασις
1124 355 1263 402 dictae
1302 364 1427 401 sunt.
1503 355 1608 401 Tri-

151 432 277 478 stitia
298 451 503 496 namque
518 433 787 497 Tragoediae
806 432 1070 497 proprium.
1109 431 1320 494 Ideoque
1335 430 1606 494 Euripides,

151 519 341 572 petente
365 510 600 557 Archelao
633 528 742 575 rege
774 519 826 556 ut
860 510 919 556 de
955 527 1003 555 se
1027 507 1332 572 'Fragoediam
1368 508 1606 564 scriberet,

152 586 334 643 abnuit,
360 605 412 634 ac
443 597 660 652 precatus
696 597 781 643 est,
807 605 865 634 ne
902 587 1133 633 accideret
1157 585 1391 632 Archelao
1427 584 1605 647 aliquid

149 662 418 725 Tragoediae
450 663 784 730 [iproprium]
807 663 1059 710 ostendens
1086 662 1203 708 nihil
1230 662 1356 708 aliud
1375 679 1476 707 esse
1493 661 1608 708 Tra-

150 739 358 801 goediam
386 758 528 803 quam
556 741 850 787 miseriarum
877 740 1370 804 comprehensionem.

218 816 374 863 Poetae
415 818 555 881 primi
592 817 778 864 Comici
815 817 1006 864 fuerunt
1043 817 1265 863 Susarion
1303 815 1521 863 kMullus
1558 823 1605 861 et
1627 835 1667 866 14

150 891 370 955 Magnes.
455 894 524 941 Hi
565 893 733 940 veteris
771 893 1033 956 disciplinae
1065 893 1348 956 joculatoria
1386 891 1605 955 quaedam

149 969 308 1015 minus
348 971 462 1017 scite
499 970 573 1017 ¹ac
610 979 807 1016 venuste
845 970 1235 1034 pronuntiabant,
1259 970 1307 1016 in
1345 969 1518 1032 quibus
1557 969 1604 1015 hi

150 1063 307 1092 versus
332 1046 550 1093 fuerunt:

352 1121 559 1187 [Ἀκούετε
585 1121 721 1187 λεὼς,]
754 1123 1014 1184 [ΠΣουσαρῖων
1039 1124 1149 1184 λέγει
1174 1123 1285 1169 τάδε·

345 1199 479 1246 Κακόν
502 1206 696 1261 ’γυναῖκες’
733 1199 828 1245 ἀλλ’
854 1198 970 1256 ὅμως,
995 1194 1021 1244 <3
1046 1198 1230 1258 δημόται,

344 1276 431 1322 0131(
454 1276 563 1323 ἔστὶν
588 1276 708 1337 Εὑρεῖν
732 1275 854 1322 ΟἷΚίαν
876 1275 965 1321 ἄνευ
989 1281 1124 1321 ΚαΚΟἵΙ.

211 1351 430 1398 Secunda
475 1361 613 1398 aetate
659 1351 850 1398 fuerunt
890 1351 1251 1415 Aristophanes,
1308 1351 1510 1416 Eupolis
1559 1360 1606 1398 et
1628 1371 1664 1403 15

145 1427 425 1474 nCratinus:
475 1428 553 1492 qui
605 1437 653 1475 et
690 1429 961 1493 principum
1003 1429 1114 1476 vitia
1151 1428 1361 1484 Osectati,
1404 1428 1607 1475 acerbis-

144 1507 286 1552 simas
312 1506 587 1552 Comoedias
613 1514 1000 1570 composuerunt.

207 1582 367 1629 Tertia
402 1594 512 1630 aetas
549 1582 639 1629 fuit
673 1581 961 1629 PMenandri
1003 1580 1191 1644 Diphili
1226 1590 1271 1627 et
1296 1580 1606 1639 Philemonis,
1627 1602 1665 1634 16

145 1658 225 1720 qui
258 1676 452 1705 omnem
494 1659 797 1705 acerbitatem
837 1657 1103 1705 Comoediae
1146 1657 1500 1720 mitigaverunt,
1538 1666 1607 1703 at-

145 1752 237 1797 que
278 1735 594 1799 qmultiplicia
637 1744 918 1799 argumenta
956 1734 1136 1781 Graecis
1176 1733 1410 1779 erroribus
1454 1733 1604 1780 secuti

145 1820 268 1858 sunt.
338 1811 416 1857 Ab
448 1811 520 1857 his
552 1812 758 1858 Romani
798 1812 978 1857 fabulas
1017 1811 1376 1867 transtulerunt,
1401 1818 1448 1855 et
1487 1827 1602 1855 con-

145 1897 237 1933 stat
282 1887 406 1951 apud
452 1888 556 1934 illos
603 1888 759 1952 primo
799 1888 975 1934 Latino
1034 1904 1249 1933 sermone
1297 1886 1601 1933 Comoediam

144 1964 364 2011 rLivium
412 1964 741 2011 Andronicum
793 1964 1047 2028 scripsisse.
1133 1963 1282 2008 SSunt
1328 1962 1408 2025 qui
1456 1962 1605 2010 velint

196 2085 218 2112 h
238 2089 339 2122 δεινῶν
367 2087 507 2134 περιοχὴ,
539 2085 654 2122 altera
682 2086 796 2132 τύχης]
832 2086 1016 2121 acimlinos
1040 2084 1206 2131 perioche
1226 2083 1344 2118 altera
1368 2083 1482 2130 tychis
1507 2084 1601 2121 A.B.

143 2141 423 2176 altera—(lictae
442 2144 524 2175 sunt
545 2152 618 2174 om.
642 2140 685 2175 C.
932 2136 942 2163 i
963 2137 1174 2188 proprium]
1201 2149 1275 2172 orn.
1293 2137 1387 2172 A.B.
1408 2141 1536 2184 aptum
1556 2137 1600 2173 C.

143 2191 163 2219 k
187 2193 336 2239 Rullus]
361 2193 501 2228 Mullus
521 2193 615 2228 A.B.
640 2193 775 2227 Nullus
796 2192 839 2227 C.
860 2192 958 2228 Ven.
1011 2190 1067 2226 De
1088 2203 1190 2239 seqq.
1210 2189 1289 2226 vid.
1310 2190 1347 2225 J.
1370 2190 1420 2226 N.
1443 2189 1600 2227 Loensis

143 2245 321 2296 Epiphill.
343 2246 413 2282 IX.
436 2258 471 2282 c.
492 2258 549 2294 ¹9·
687 2244 697 2271 l
717 2253 753 2281 et
772 2244 945 2290 venuste]
969 2257 1013 2280 ac
1030 2249 1175 2279 venuste
1193 2243 1289 2280 Bc.
1419 2249 1450 2268 m
1468 2247 1602 2280 ἀκούετε

142 2298 244 2347 λέξιν]
266 2300 438 2335 Susarion
460 2305 563 2335 tauta
585 2299 701 2345 logica
719 2311 878 2346 congyne
894 2310 931 2333 ce
947 2299 1043 2333 callu
1063 2309 1160 2333 moso
1180 2310 1200 2332 o
1220 2298 1358 2332 (lemote
1373 2298 1483 2332 ucesti
1498 2298 1600 2332 emin

141 2355 247 2400 ycian
268 2365 361 2388 (meu
389 2365 476 2388 caca
497 2354 541 2388 A.
578 2352 754 2388 Susarz‘ou.
784 2357 887 2387 tauta
918 2352 987 2398 legi
1017 2363 1126 2386 cacon
1156 2362 1250 2398 gyne
1276 2361 1358 2384 caec
1388 2350 1549 2386 alzcmoso
1579 2362 1600 2385 o

143 2409 281 2441 demote
300 2407 412 2441 ucesti
432 2407 533 2442 eurin
561 2407 642 2453 ycia
668 2418 783 2441 neneu
809 2417 895 2441 caca
918 2404 963 2441 B.
996 2409 1100 2440 tanta
1121 2405 1218 2451 logia
1238 2404 1281 2439 C.
1314 2403 1493 2440 Susarz‘on
1513 2416 1599 2439 can-

144 2460 303 2505 talogica
323 2460 462 2505 enigine
481 2460 688 2495 cecalimoso
714 2461 877 2494 oclemate
902 2463 944 2494 ut
969 2460 1035 2494 esti
1061 2458 1304 2493 eziratimiana
1330 2461 1482 2492 neutatu
1504 2457 1599 2492 Ven.

142 2515 292 2548 Ἀκούετε
308 2510 394 2553 λέξιν
410 2510 446 2547 in
464 2511 648 2561 principio
661 2511 846 2548 addidisse
857 2510 1003 2548 videtur
1014 2512 1049 2547 J.
1060 2510 1188 2547 Rivius
1202 2523 1232 2546 a.
1243 2522 1255 2546 1
1265 2519 1284 2557 5
1299 2521 1355 2545 11.
1376 2512 1509 2546 ἀκούετε
1523 2510 1603 2551 λεῶς

145 2566 203 2601 Sc.
317 2571 337 2590 n
357 2563 547 2611 Cratinus]
572 2567 707 2601 oratius
727 2565 817 2601 A.B.
939 2571 957 2591 0
977 2563 1168 2611 insectati]
1190 2564 1318 2599 sectati
1338 2563 1479 2599 A.B.C.
1503 2563 1597 2599 Ven.

143 2625 163 2653 P
183 2616 383 2654 Menandri
402 2626 440 2653 et
460 2617 705 2664 Philemonis]
730 2619 926 2654 Menandri
938 2619 1003 2666 fili
1031 2624 1065 2654 et
1093 2618 1314 2653 Philemonis
1334 2618 1377 2653 A.
1403 2617 1600 2652 Menandri

143 2671 272 2719 (Iifhili
291 2676 326 2707 et
346 2671 566 2706 Philemonis
585 2671 631 2706 B.
680 2670 766 2706 Vid.
787 2684 897 2719 supra
915 2671 972 2706 M.
993 2670 1174 2707 Victorin.
1195 2684 1231 2719 p.
1252 2680 1336 2717 105.
1359 2682 1388 2706 S.
1407 2681 1470 2717 33.
1519 2667 1597 2704 Fir-

146 2725 258 2760 mian.
276 2738 336 2774 ap.
352 2724 479 2759 Rufin.
497 2737 534 2773 p.
552 2724 642 2771 387.
710 2730 730 2758 q
751 2723 969 2773 multiplicia
990 2732 1208 2774 argumenta
1223 2722 1362 2759 Graecis
1382 2720 1591 2768 autoribus]

144 2783 360 2825 argumenta
391 2778 606 2824 multiplicia
639 2776 705 2824 (C)
736 2778 862 2823 groecis
890 2778 1070 2813 erroribus
1090 2778 1183 2813 A.B.
1211 2776 1391 2812 erroribus
1410 2776 1507 2810 Ven.
1529 2786 1597 2822 pro

145 2832 342 2867 autoribus.
479 2837 495 2856 ¹·
514 2830 679 2876 Livium]
706 2830 857 2865 liboeum
877 2830 971 2866 A.B.
992 2832 1170 2878 scripsisse
1194 2843 1268 2866 om.
1292 2829 1334 2864 C.
1474 2832 1488 2852 S
1509 2833 1598 2862 sunt

145 2885 207 2933 qui
229 2884 346 2921 velint
364 2884 633 2934 Epicharmium
656 2882 692 2918 in
714 2882 834 2919 insula
854 2883 926 2929 Co]
956 2889 1040 2919 sunt
1060 2886 1120 2931 qui
1140 2885 1196 2919 vel
1222 2883 1334 2929 irztepi
1353 2881 1540 2916 charmum
1560 2881 1597 2915 in

805 2952 955 2990 3M2
