1962 3355
358 207 450 245 282
913 198 1072 245 Marii
1091 198 1252 246 Plotia·

356 320 478 366 lecto
512 319 842 385 ithyphallico,
867 320 956 367 hoc
989 328 1059 367 est
1092 319 1242 366 tribus
1278 316 1512 372 trochaeis,
1545 315 1813 380 composuit

356 395 553 443 Naevius
579 397 670 443 hoc
697 397 855 452 modo,

696 473 888 512 qurzmt
902 471 1102 526 pulchras
1125 475 1345 510 creterras.

359 545 474 591 Huc
497 561 647 606 usque
669 543 1052 607 Hipponactium
1081 541 1406 605 amphicolum
1433 540 1689 587 dimetrum
1716 549 1814 586 rca-

357 620 627 667 talecticum
673 621 931 666 iambicum
970 626 1054 665 est.
1134 618 1263 664 Nam
1305 617 1430 680 quod
1471 617 1684 679 sequitur
1721 627 1815 662 tro-

357 697 575 743 chaicum
624 695 879 742 dimetrum
922 695 1388 758 brachycatalectum
1428 694 1814 758 ithyphallicum,

358 773 451 819 tale
475 781 561 828 est,
812 836 977 875 Aureus
997 836 1179 892 lepistas·

361 919 635 966 Novissima
661 919 842 981 syllaba
866 919 1149 966 indifferens.
1218 918 1367 966 Totus
1392 935 1552 965 versus
1577 918 1661 975 sic,

530 1007 695 1046 Ferunt
711 1006 912 1061 pulchras
932 1012 1144 1046 craterras
1163 1020 1315 1047 aureas
1336 1007 1516 1062 lepistas.

358 1071 420 1119 et,

530 1129 698 1168 Malum
719 1127 877 1168 dabunt
893 1128 1052 1168 Metelli
1074 1127 1228 1169 IVoevz'o
1238 1134 1384 1184 poetce.

358 1195 422 1242 ct,

536 1250 812 1306 Trahzmtque
831 1250 961 1291 siccas
980 1250 1134 1291 multas
1154 1250 1355 1290 machinae
1375 1250 1558 1290 carinas.

618 1399 752 1452 CAP.
778 1399 875 1451 VI.
927 1402 1013 1454 De
1038 1410 1206 1453 metro
1232 1399 1565 1471 arzapaestz’ca

425 1499 784 1563 Anapcesticam
809 1510 1013 1547 metrum
1051 1500 1193 1564 pedes
1230 1499 1397 1562 recipit
1421 1507 1660 1561 quattuor,
1685 1506 1819 1544 Sana-

360 1586 577 1640 paestum,
603 1576 883 1640 spondeum,
908 1575 1170 1640 dactylum,
1196 1575 1690 1639 proceleusmaticun'l.
1754 1574 1820 1620 Et

360 1662 430 1699 est
466 1653 762 1698 schematum
800 1666 1018 1697 CXXVIII.
1090 1651 1339 1699 Catalexin
1378 1661 1536 1698 tamen
1579 1651 1739 1707 habet,
1774 1651 1818 1697 id

360 1739 431 1775 est
456 1730 616 1786 finem,
642 1729 699 1774 ab
726 1728 880 1774 ionico
909 1726 1083 1790 majore
1108 1729 1180 1774 vel
1210 1730 1431 1786 molosso,
1455 1729 1622 1775 crescit
1658 1738 1817 1775 tamen

362 1824 386 1851 a
411 1806 614 1851 dimetro
639 1822 789 1867 usque
815 1804 870 1850 ad
898 1814 1242 1852 tetrametrum.

325 1962 340 1982 2
783 1947 863 1992 De
887 1947 1088 1993 dimetro
1114 1947 1406 1994 catalectico.

427 2034 785 2097 Anaprestieum
812 2035 1067 2081 dimetrum
1092 2035 1419 2083 catalecticum
1451 2036 1506 2081 fit
1539 2035 1629 2081 hoc
1665 2033 1822 2091 modo,

363 2110 569 2174 dactylo,
596 2110 834 2174 spondeis,
858 2110 1065 2174 dactylo,

649 2187 815 2241 Sydera
828 2187 1011 2242 pulchra
1028 2187 1206 2242 pulchra
1225 2187 1393 2242 sydera.

367 2258 499 2305 Huic
523 2258 679 2304 addita
705 2258 885 2321 syllaba
909 2258 1050 2305 faciet
1074 2258 1331 2305 dimetrum
1359 2258 1754 2305 tacatalectieum.

326 2427 345 2455 3
658 2399 744 2446 De
768 2400 969 2446 dimetro
994 2399 1259 2446 acatalecto
1284 2406 1533 2462 anapaesto,

431 2486 706 2532 Dimetrum
735 2488 1043 2533 acatalectum
1079 2495 1263 2533 constat
1289 2485 1486 2550 pedibus
1517 2486 1618 2540 his;
1658 2485 1822 2549 dacty-

366 2564 426 2618 lo,
452 2563 676 2627 spondeo,
701 2563 947 2626 anapaestis
977 2563 1206 2610 ”duobus
1275 2563 1504 2608 Latinum
1542 2562 1818 2625 exemplum

369 2640 537 2685 melius
562 2649 649 2697 est,

651 2706 750 2744 Jam
773 2705 847 2745 tibi
869 2705 996 2745 Mars
1018 2706 1231 2758 ingenitus
1254 2705 1466 2744 recubans.

423 2831 442 2858 q
462 2824 601 2871 ferunt]
613 2824 759 2872 feriunt
781 2824 825 2859 L.
923 2829 938 2848 Γ
957 2822 1234 2870 catalecticum]
1259 2824 1533 2859 acatalecticum
1555 2821 1602 2858 L.
1698 2827 1714 2847 ³
1733 2833 1822 2857 ana-

369 2878 544 2926 paestum]
569 2879 820 2925 cznapoesticum
843 2876 887 2911 L.
1071 2876 1085 2902 t
1106 2876 1402 2924 acatalecticum]
1428 2875 1488 2912 Sic
1510 2876 1552 2911 L.
1575 2875 1822 2910 catalecticum

370 2929 576 2967 Putschius.
687 2937 708 2955 u
728 2931 863 2966 duobus
883 2943 957 2965 om.
980 2929 1024 2965 L.
