1962 3355
131 201 239 231 CAP.
255 195 300 233 3.
585 187 669 233 De
693 188 928 250 dactylico
954 196 1116 235 metro.
1492 199 1585 248 257

128 319 236 353 sunt
261 307 437 371 dactyli
470 317 517 354 et
551 308 646 354 duo
682 309 924 355 novissimi
959 310 1173 373 spondei,
1199 319 1278 356 aut
1314 310 1408 356 duo
1445 328 1586 373 spon-

125 384 198 430 dei
228 385 366 447 primi
393 394 440 431 et
464 385 705 431 novissimi
732 385 827 432 duo
851 385 1044 448 dactyli,
1070 395 1150 431 aut
1183 386 1232 431 in
1266 386 1420 450 prima
1453 396 1584 449 parte

124 460 341 524 dactylus
378 471 425 507 et
460 461 712 545 spondeus,
738 471 785 508 et
821 462 868 507 in
906 462 1162 507 novissima
1198 462 1258 507 sit
1291 462 1508 526 dactylus
1538 472 1584 508 ct

125 538 374 600 spondeus,
401 547 480 584 aut
505 538 554 584 in
588 538 742 601 prima
777 547 908 601 parte
941 538 1177 601 spondeus
1203 547 1249 584 et
1274 538 1509 602 dactylu8‚
1535 539 1580 583 in

123 611 405 660 ¹novissima
431 615 490 660 sit
514 614 751 678 spondeus
775 623 822 660 et
842 614 1074 698 dactyIUS,
1095 622 1174 660 aut
1199 614 1245 660 in
1271 614 1426 677 prima
1450 622 1582 676 parte

123 689 340 752 dactylus
365 701 412 736 et
437 691 724 754 spondeus,
716 708 764 737 m
796 690 1053 736 novissima
1086 690 1322 754 spondeus
1349 699 1395 735 et
1419 689 1583 752 dacty-

123 766 213 822 lus,
244 775 324 812 aut
358 766 403 812 in
440 768 594 830 prima
630 766 866 830 spondeus
898 776 945 813 et
979 766 1213 830 dactylus,
1241 766 1285 812 in
1326 765 1583 811 novissima

122 841 338 905 dactylus
365 854 411 888 et
442 843 695 906 spondeus.
766 844 981 895 Quorum
1022 843 1322 888 schematum
1360 842 1581 905 exempla
1602 864 1643 891 40

122 917 293 982 ksupra
326 919 534 965 tractavi.
607 920 717 966 Hoc
752 928 910 965 tamen
947 919 1063 964 scire
1089 919 1334 975 debemus,
1361 918 1490 980 quod
1523 935 1579 964 ex

122 994 213 1040 hoc
256 1004 406 1040 metro
447 995 632 1041 sublata
674 995 753 1041 illa
795 995 975 1058 syllaba
1013 1012 1117 1057 quae
1159 995 1263 1057 plus
1306 995 1498 1058 ponitur
1533 994 1579 1040 in

120 1070 274 1134 prima
323 1089 498 1117 caesura
557 1071 1001 1134 penthemimerica‚
1049 1079 1095 1116 et
1153 1070 1358 1116 secunda
1406 1088 1581 1116 caesura

119 1146 412 1193 lremanente
462 1147 644 1208 integra
694 1146 1149 1192 monoschematista
1191 1145 1426 1207 dactylica
1466 1163 1582 1208 pen-

119 1223 462 1276 themimerica,
489 1223 576 1267 erit
612 1222 747 1267 metri
780 1222 974 1285 elegiaci
1009 1221 1241 1268 secundus
1273 1239 1432 1267 versus
1466 1239 1580 1284 pen-

118 1306 334 1353 tameter,
367 1298 493 1361 quod
528 1307 730 1344 metrum
770 1297 875 1344 ideo
912 1315 1004 1343 non
1044 1305 1115 1342 est
1157 1296 1370 1342 additum
1414 1296 1460 1341 in
1494 1314 1582 1341 nu-

120 1392 249 1420 mero
290 1375 554 1438 specierum
599 1383 632 1403 ¹¹¹
651 1375 787 1420 metri
829 1373 1067 1437 dactylici,
1107 1372 1331 1435 quoniam
1377 1390 1470 1417 non
1511 1381 1582 1417 est

118 1451 354 1498 uniforme
391 1470 473 1517 per
514 1452 722 1515 singulos
758 1468 917 1497 versus
957 1449 1037 1496 sed
1075 1449 1225 1504 binos,
1263 1457 1309 1494 et
1352 1448 1578 1510 quoniam

118 1529 295 1593 species
322 1538 392 1575 est
417 1529 603 1593 speciei,
628 1528 708 1573 nid
733 1536 804 1573 est
835 1527 970 1572 metri
998 1524 1236 1580 Choerilii,
1256 1542 1350 1570 non
1381 1524 1579 1587 generis,

121 1605 167 1651 id
206 1615 276 1651 est
313 1605 450 1652 metri
488 1604 728 1667 dactylici,
766 1613 926 1649 tamen
965 1602 1132 1648 demus
1171 1602 1394 1663 exempla
1446 1601 1580 1647 sche-

118 1690 320 1739 matum,
355 1682 401 1727 id
442 1690 513 1727 est
556 1680 691 1727 metri
728 1680 936 1743 elegiaci,
972 1678 1098 1741 quod
1141 1677 1351 1742 primum
1390 1696 1577 1724 versum

119 1757 263 1803 habet
299 1758 599 1803 schematum
637 1757 831 1819 triginta
861 1756 982 1802 duo:
1027 1772 1136 1801 nam
1180 1755 1422 1801 heroicum
1465 1773 1578 1801 con-

116 1833 250 1887 tinet,
277 1833 410 1894 cujus
437 1835 571 1879 metri
599 1834 842 1880 schemata
868 1851 1008 1896 supra
1032 1842 1051 1861 ⁰
1070 1832 1454 1877 monstravimus.

183 1909 331 1954 Nunc
365 1908 557 1954 secundi
599 1926 757 1954 versus
797 1909 1041 1955 schemata
1078 1909 1234 1964 habet,
1261 1908 1381 1954 sicut
1418 1926 1578 1954 exem-
1596 1928 1634 1956 41

117 1985 206 2048 plis
232 1984 427 2031 docebo.
498 1985 717 2031 Secunda
754 2003 863 2031 vero
888 2003 1065 2031 caesura
1090 1995 1136 2030 et
1176 1985 1276 2048 ipsa
1308 1985 1578 2048 penthemi-

118 2060 292 2107 merica
329 2061 784 2107 monoschematista
820 2071 906 2117 est,
932 2079 1039 2106 nam
1080 2078 1267 2123 semper
1293 2060 1409 2107 duos
1441 2062 1578 2108 Pdac-

115 2137 238 2199 tylos
268 2138 439 2191 habet3
477 2138 602 2201 prior
626 2155 735 2183 vero
760 2147 872 2184 qaut
897 2138 1014 2184 duos
1040 2138 1270 2201 dactyIOS,
1295 2147 1347 2184 ut
1373 2148 1458 2194 est,

286 2214 435 2269 Accipe
454 2215 645 2254 carmina
668 2224 797 2255 r‘nunc
818 2215 1151 2269 Maoeimejussa
1174 2220 1262 2254 tua.

116 2295 197 2333 aut
221 2287 340 2332 duos
366 2287 615 2351 spondeOS,
640 2296 692 2334 ut
717 2297 801 2344 est,

286 2363 382 2403 Hoc
402 2370 578 2404 metrum
599 2370 773 2420 coeptum
794 2365 1148 2420 §Simplicijzwsa
1169 2370 1288 2406 tenet.

115 2446 196 2483 aut
220 2436 462 2500 dactylum
491 2447 538 2484 et
563 2438 844 2501 spondeum,
869 2447 922 2484 ut
947 2447 1032 2495 est,
1594 2466 1633 2494 42

169 2594 179 2622 i
202 2594 419 2642 novissima]
445 2599 634 2633 novissima
651 2603 759 2644 parte
779 2597 823 2632 L.
974 2596 992 2622 ¹<
1013 2611 1124 2645 supra
1145 2611 1219 2634 om.
1242 2598 1287 2633 L.
1426 2597 1435 2624 ¹
1457 2611 1574 2634 rema-

115 2657 228 2685 nente
250 2648 410 2698 integra]
434 2649 495 2685 Sic
517 2650 564 2686 L.
585 2652 728 2697 integra
749 2664 822 2686 om.
847 2650 1058 2687 Pnuschius.
1253 2658 1283 2676 m
1305 2654 1408 2687 metri
1428 2665 1502 2687 om.
1528 2652 1571 2687 L.

114 2709 135 2728 n
155 2703 192 2737 z'cl
211 2707 261 2737 est
281 2703 386 2737 metri
404 2715 478 2737 om.
501 2703 546 2739 L.
668 2710 686 2729 0
709 2703 929 2751 monstravi]
955 2706 1230 2741 monstravimus
1250 2705 1294 2740 L.
1405 2712 1424 2739 P
1444 2705 1571 2754 dacty-

114 2755 170 2791 los
193 2756 319 2802 habet]
345 2754 405 2791 Sic
425 2755 470 2790 L.
503 2756 608 2791 habet
629 2768 704 2791 om.
728 2757 935 2793 Putschins.
1070 2765 1089 2792 q
1109 2765 1172 2793 aut
1192 2757 1483 2807 duos—accipe]
1510 2757 1572 2793 Sic

115 2808 161 2844 L.
182 2814 247 2844 aut
267 2821 341 2844 om.
366 2807 574 2850 Putschius,
596 2808 658 2857 qui
681 2821 766 2845 mox
787 2812 950 2858 accipiet.
1062 2818 1077 2837 Υ
1098 2824 1191 2846 mmc
1210 2824 1285 2847 om.
1307 2811 1351 2846 L.
1448 2817 1462 2836 s
1480 2809 1570 2846 sim-

115 2861 220 2910 plici]
253 2863 430 2909 simplz'cz'a
454 2861 497 2897 L.
528 2867 638 2909 coepto
664 2864 822 2910 simplice
849 2866 946 2912 conj.
973 2863 1173 2900 Santenius
1205 2864 1248 2900 ad
1274 2865 1425 2900 Terent.
1447 2863 1569 2899 Maur.

115 2928 151 2964 p.
172 2915 258 2950 288.
301 2915 372 2951 Sed
394 2928 426 2951 V.
449 2914 543 2950 infra
563 2928 590 2951 s.
615 2924 676 2962 52.
716 2916 809 2951 Mox
829 2919 1043 2963 dactylicum
1066 2917 1112 2953 L.

811 2979 875 3025 Ll
