1962 3355
340 188 436 236 346
813 187 966 234 Atilii
990 188 1327 234 Fortunatiani
1607 199 1717 230 PAR.
1738 197 1792 232 11.

345 321 391 358 et
429 311 635 374 dactylo,
672 309 750 356 hic
789 318 1010 372 gquoque
1051 309 1097 354 in
1140 309 1336 372 singulis
1383 303 1795 369 conjugationibus

345 405 426 434 sex
451 397 666 452 tempora
698 385 917 450 himpleri
955 403 1143 432 necesse
1180 395 1263 431 est.
1333 383 1609 429 Dimetrum
1645 388 1798 426 acata-

344 466 536 522 lectum,

572 540 747 580 Ararim
768 539 827 578 sic
847 551 974 593 super
994 537 1138 576 altum.

347 614 591 670 Horatius,

573 689 717 742 IVeque
738 687 847 726 dulci
870 686 979 725 mala
1000 687 1111 725 vino.

344 763 635 809 Trimetrum
661 759 961 813 catalectum,

572 836 835 875 Miserarum
855 840 913 873 est
933 847 1062 888 neque
1080 835 1211 873 amori
1234 833 1335 873 clare
1355 833 1509 872 ludum.

344 910 386 955 T
388 916 692 956 etrametrum
721 907 1019 962 catalectum,

573 983 734 1038 iEqaus
755 983 845 1022 albo
867 983 977 1022 velut
998 982 1097 1022 uber
1117 989 1243 1023 tumet
1262 983 1352 1022 albo
1372 983 1507 1022 latice.

343 1058 694 1103 Tetrametrum
721 1055 1047 1109 acatalectum,

572 1133 777 1187 kl’roprie
798 1133 869 1187 qui
890 1132 1076 1171 residens
1098 1133 1141 1171 in
1157 1133 1321 1187 gremio
1342 1130 1399 1170 1F
1396 1144 1505 1171 aune
1525 1131 1680 1171 colosis.

602 1256 733 1307 CAP.
762 1254 914 1306 XVI.
956 1257 1040 1307 De
1067 1255 1524 1325 ¹¹¹cmadiplecmeno.

429 1361 867 1425 Anadiplumenum
911 1377 968 1406 ex
1015 1361 1103 1405 hoc
1151 1360 1333 1405 minore
1380 1359 1533 1404 ionico
1579 1357 1800 1414 nascitur,

347 1439 471 1501 quod
499 1440 557 1484 ab
584 1438 663 1483 illo
688 1438 811 1484 nhoc
835 1437 991 1493 distat,
1017 1436 1143 1498 quod
1170 1454 1194 1482 a
1220 1435 1392 1481 cretico
1426 1434 1593 1497 incipit
1626 1444 1672 1479 ct
1704 1442 1801 1478 ⁰est

349 1524 660 1569 tetrametros,

519 1591 665 1645 Dgfici
688 1605 815 1646 neque
834 1592 966 1630 amori
987 1591 1088 1629 clare
1107 1590 1247 1629 ludum
1271 1590 1366 1628 libet
1386 1588 1514 1628 ultra.

313 1683 328 1702 2
350 1665 439 1711 Est
464 1674 509 1710 et
535 1663 660 1710 aliud
686 1672 772 1709 Pex
800 1664 888 1709 hoc
912 1673 1060 1708 metro
1080 1662 1235 1707 ionico
1255 1661 1382 1723 quod
1404 1660 1708 1706 Galliambon
1730 1658 1801 1704 (li-

350 1741 485 1797 citur,
532 1739 661 1801 quod
708 1739 755 1784 in
800 1740 893 1784 fine
940 1738 1194 1800 degenerat
1250 1737 1506 1799 quominus
1562 1736 1800 1798 integrum

350 1816 588 1862 qionicum
615 1815 680 1860 ἀπ’
708 1816 923 1866 ἐλάσσονος
947 1815 1103 1870 faciat,

519 1892 784 1931 Miserarum
805 1898 864 1931 est
885 1903 1012 1946 neque
1032 1892 1163 1931 amori
1187 1891 1287 1930 clare
1309 1898 1320 1917 ¹
1326 1891 1462 1946 possit
1484 1889 1679 1929 remedia.

311 1982 328 2010 3
350 1967 425 2012 Ex
468 1967 558 2012 hoc
605 1983 773 2028 genere
821 1975 891 2010 cst
938 1964 1065 2027 quod
1112 1965 1478 2009 Sanaclomenon
1528 1962 1804 2026 appellatur,

350 2043 476 2106 quod
515 2042 727 2088 ordinem
764 2042 939 2105 pedum
979 2042 1239 2087 naturalem
1284 2059 1336 2086 ac
1379 2040 1569 2086 solitum
1614 2038 1805 2095 amittit,

351 2131 397 2165 et
422 2118 684 2165 immutatis
722 2117 898 2182 pedum
936 2118 1350 2180 conjugationibus
1388 2117 1648 2180 copulatur.
1718 2114 1806 2160 Di-

355 2205 555 2241 metrum
584 2194 912 2250 acatalectum,

577 2271 766 2325 Paphias
786 2285 903 2309 amor
922 2270 1141 2310 columbas.

351 2344 479 2389 Nam
518 2351 702 2388 constat
733 2341 1010 2405 pyrrhichio
1047 2352 1093 2387 ct
1129 2342 1345 2387 trochaeis
1371 2341 1555 2387 duobus
1581 2352 1627 2385 et
1665 2356 1805 2403 spon-

350 2419 453 2465 deo.
526 2418 707 2470 Quarta
742 2418 869 2463 enim
904 2418 1083 2480 syllaba
1108 2435 1211 2479 quae
1237 2417 1377 2463 debet
1415 2417 1555 2480 longa
1579 2433 1679 2462 esse
1704 2417 1806 2461 bre-

353 2495 435 2550 vis,
460 2505 506 2540 et
531 2512 729 2556 sequens
757 2493 896 2555 longa
921 2503 991 2538 est
1016 2511 1158 2555 quam
1194 2496 1441 2557 oportebat
1471 2495 1658 2539 brevem
1687 2510 1803 2538 esse.

406 2663 427 2690 g
447 2668 583 2702 quoque
604 2655 656 2701 in]
680 2667 818 2702 quoqne
837 2655 924 2690 mim·
947 2655 988 2689 V.
1064 2653 1084 2680 h
1106 2657 1268 2702 implere]
1293 2657 1431 2703 impleri
1455 2656 1498 2691 V.
1561 2653 1569 2683 i
1593 2657 1712 2691 Herus
1726 2656 1806 2690 albo

355 2710 450 2745 velut
469 2709 572 2755 uber]
596 2721 705 2756 equus
724 2709 803 2743 albo
823 2709 918 2744 vehit
937 2709 1022 2743 uber
1042 2709 1087 2743 V.
1109 2722 1188 2744 ecus
1208 2723 1241 2744 a.
1258 2723 1289 2745 v.
1307 2723 1341 2745 u.
1364 2709 1467 2745 Med.
1584 2707 1605 2733 k
1627 2709 1801 2755 Propere]

351 2764 497 2810 proprie
520 2762 564 2797 V.
676 2759 685 2786 l
709 2762 828 2796 Fozme
848 2761 1124 2808 colocis]faztne
1144 2776 1162 2798 e
1183 2764 1266 2798 locis
1288 2764 1333 2798 V.
1446 2769 1476 2788 Β]
1497 2761 1802 2809 Anuclz'plumeno]

355 2816 641 2862 Anadiplzmzene
663 2814 706 2849 V.
829 2821 848 2839 n
867 2815 932 2860 sic]
958 2815 1021 2849 hoe
1045 2815 1085 2849 V.
1199 2823 1216 2841 0
1237 2817 1305 2863 est]
1332 2818 1366 2851 in
1390 2816 1434 2851 V.
1546 2822 1566 2848 P
1586 2827 1628 2851 ex
1648 2815 1713 2850 hoc
1733 2827 1805 2849 me-

356 2870 428 2915 tro]
453 2873 633 2904 exametro
655 2868 698 2902 V.
787 2874 806 2900 q
829 2869 1000 2915 ionicum]
1030 2868 1072 2902 V.
1095 2867 1200 2903 addit
1219 2873 1274 2904 ἀπ’
1296 2877 1480 2909 emo-com.
1580 2874 1595 2893 Γ
1610 2879 1807 2914 possessore

356 2924 489 2968 inedia]
511 2923 622 2968 possit
643 2922 797 2956 remedia
821 2921 865 2956 V.
1033 2927 1047 2946 s
1068 2923 1351 2969 anaclwmenon]
1377 2922 1631 2957 anm-lomenon
1655 2921 1699 2957 V.
