<?xml version="1.0" encoding="UTF-8"?>
<!DOCTYPE html PUBLIC "-//W3C//DTD XHTML 1.0 Transitional//EN"
    "http://www.w3.org/TR/xhtml1/DTD/xhtml1-transitional.dtd">
<html xmlns="http://www.w3.org/1999/xhtml" xml:lang="en" lang="en">
 <head>
  <title>
</title>
<meta http-equiv="Content-Type" content="text/html;charset=utf-8" />
  <meta name='ocr-system' content='tesseract 3.04.00' />
  <meta name='ocr-capabilities' content='ocr_page ocr_carea ocr_par ocr_line ocrx_word'/>
</head>
<body>
  <div class='ocr_page' id='page_1' title='image "./scriptoreslatini00gaisuoft/scriptoreslatini00gaisuoft_0112.png"; bbox 0 0 1962 3355; ppageno 0'>
   <div class='ocr_carea' id='block_1_1' title="bbox 333 195 1784 252">
    <p class='ocr_par' dir='ltr' id='par_1_1' title="bbox 333 195 1784 252">
     <span class='ocr_line' id='line_1_1' title="bbox 333 195 1784 252; baseline 0.001 -12"><span class='ocrx_word' id='word_1_1' title='bbox 333 204 393 252; x_wconf 82' lang='lat'><strong>94</strong></span> <span class='ocrx_word' id='word_1_2' title='bbox 847 195 1008 243; x_wconf 79' lang='lat' dir='ltr'><strong>Marii</strong></span> <span class='ocrx_word' id='word_1_3' title='bbox 1035 196 1276 243; x_wconf 74' lang='lat' dir='ltr'><em>Victorini</em></span> <span class='ocrx_word' id='word_1_4' title='bbox 1606 211 1704 242; x_wconf 72' lang='grc' dir='ltr'><strong>ΜΒ.</strong></span> <span class='ocrx_word' id='word_1_5' title='bbox 1730 211 1784 242; x_wconf 92' lang='lat'><strong>11.</strong></span> 
     </span>
    </p>
   </div>
   <div class='ocr_carea' id='block_1_2' title="bbox 293 314 1790 2505">
    <p class='ocr_par' dir='ltr' id='par_1_2' title="bbox 293 314 1790 2505">
     <span class='ocr_line' id='line_1_2' title="bbox 335 314 1788 380; baseline 0.002 -21"><span class='ocrx_word' id='word_1_6' title='bbox 335 314 379 360; x_wconf 87' lang='lat' dir='ltr'><strong>in</strong></span> <span class='ocrx_word' id='word_1_7' title='bbox 407 323 499 360; x_wconf 89' lang='lat' dir='ltr'><strong>tres</strong></span> <span class='ocrx_word' id='word_1_8' title='bbox 531 333 615 379; x_wconf 91' lang='lat' dir='ltr'><strong>per</strong></span> <span class='ocrx_word' id='word_1_9' title='bbox 641 316 864 380; x_wconf 86' lang='lat' dir='ltr'><strong>dipodian</strong></span> <span class='ocrx_word' id='word_1_10' title='bbox 903 327 950 364; x_wconf 90' lang='lat' dir='ltr'><strong>et</strong></span> <span class='ocrx_word' id='word_1_11' title='bbox 985 319 1040 364; x_wconf 86' lang='lat' dir='ltr'><strong>fit</strong></span> <span class='ocrx_word' id='word_1_12' title='bbox 1073 318 1328 375; x_wconf 78' lang='lat' dir='ltr'><strong>trimetrus,</strong></span> <span class='ocrx_word' id='word_1_13' title='bbox 1352 326 1434 364; x_wconf 87' lang='lat' dir='ltr'><strong>aut</strong></span> <span class='ocrx_word' id='word_1_14' title='bbox 1469 317 1515 363; x_wconf 92' lang='lat' dir='ltr'><strong>in</strong></span> <span class='ocrx_word' id='word_1_15' title='bbox 1554 316 1669 363; x_wconf 85' lang='lat' dir='ltr'><strong>duas</strong></span> <span class='ocrx_word' id='word_1_16' title='bbox 1704 334 1788 380; x_wconf 89' lang='lat' dir='ltr'><strong>per</strong></span> 
     </span>
     <span class='ocr_line' id='line_1_3' title="bbox 296 391 1788 454; baseline -0.002 -13"><span class='ocrx_word' id='word_1_17' title='bbox 296 398 442 441; x_wconf 83' lang='grc' dir='ltr'>3κῶλα</span> <span class='ocrx_word' id='word_1_18' title='bbox 475 391 584 449; x_wconf 92' lang='lat' dir='ltr'><strong>duo,</strong></span> <span class='ocrx_word' id='word_1_19' title='bbox 607 392 779 454; x_wconf 88' lang='lat' dir='ltr'><strong>quibus</strong></span> <span class='ocrx_word' id='word_1_20' title='bbox 814 394 971 439; x_wconf 87' lang='lat' dir='ltr'><strong>omnis</strong></span> <span class='ocrx_word' id='word_1_21' title='bbox 1007 411 1165 440; x_wconf 92' lang='lat' dir='ltr'><strong>versus</strong></span> <span class='ocrx_word' id='word_1_22' title='bbox 1201 402 1400 450; x_wconf 86' lang='lat' dir='ltr'><strong>constat,</strong></span> <span class='ocrx_word' id='word_1_23' title='bbox 1424 393 1675 439; x_wconf 79' lang='lat' dir='ltr'><strong>dirimitur.</strong></span> <span class='ocrx_word' id='word_1_24' title='bbox 1744 392 1788 438; x_wconf 92' lang='lat' dir='ltr'><strong>E</strong></span> 
     </span>
     <span class='ocr_line' id='line_1_4' title="bbox 333 468 1789 533; baseline 0.001 -20"><span class='ocrx_word' id='word_1_25' title='bbox 333 468 467 530; x_wconf 88' lang='lat' dir='ltr'><strong>cujus</strong></span> <span class='ocrx_word' id='word_1_26' title='bbox 492 486 661 531; x_wconf 80' lang='lat' dir='ltr'><strong>genere</strong></span> <span class='ocrx_word' id='word_1_27' title='bbox 686 468 759 515; x_wconf 89' lang='lat' dir='ltr'><strong>hae</strong></span> <span class='ocrx_word' id='word_1_28' title='bbox 785 478 1042 516; x_wconf 79' lang='lat' dir='ltr'><strong>metrorum</strong></span> <span class='ocrx_word' id='word_1_29' title='bbox 1065 469 1242 533; x_wconf 87' lang='lat' dir='ltr'><strong>species</strong></span> <span class='ocrx_word' id='word_1_30' title='bbox 1268 470 1542 532; x_wconf 81' lang='lat' dir='ltr'><strong>gignuntur.</strong></span> <span class='ocrx_word' id='word_1_31' title='bbox 1611 468 1789 532; x_wconf 88' lang='lat' dir='ltr'><strong>Diphi-</strong></span> 
     </span>
     <span class='ocr_line' id='line_1_5' title="bbox 332 544 1787 608; baseline 0.001 -19"><span class='ocrx_word' id='word_1_32' title='bbox 332 544 448 590; x_wconf 91' lang='lat' dir='ltr'><strong>lium</strong></span> <span class='ocrx_word' id='word_1_33' title='bbox 488 562 569 590; x_wconf 90' lang='lat' dir='ltr'><strong>seu</strong></span> <span class='ocrx_word' id='word_1_34' title='bbox 605 544 908 601; x_wconf 80' lang='lat' dir='ltr'><strong>Cboerilium,</strong></span> <span class='ocrx_word' id='word_1_35' title='bbox 936 545 1278 608; x_wconf 70' lang='lat' dir='ltr'><strong>slogaoedicum</strong></span> <span class='ocrx_word' id='word_1_36' title='bbox 1312 563 1392 591; x_wconf 90' lang='lat' dir='ltr'><strong>seu</strong></span> <span class='ocrx_word' id='word_1_37' title='bbox 1422 545 1787 598; x_wconf 86' lang='lat' dir='ltr'><strong>Archebulium,</strong></span> 
     </span>
     <span class='ocr_line' id='line_1_6' title="bbox 331 620 1785 684; baseline -0.001 -18"><span class='ocrx_word' id='word_1_38' title='bbox 331 620 574 666; x_wconf 87' lang='lat' dir='ltr'><strong>AEolicum</strong></span> <span class='ocrx_word' id='word_1_39' title='bbox 612 620 707 666; x_wconf 91' lang='lat' dir='ltr'><strong>sive</strong></span> <span class='ocrx_word' id='word_1_40' title='bbox 743 620 1058 684; x_wconf 87' lang='lat' dir='ltr'><strong>Sapphicum,</strong></span> <span class='ocrx_word' id='word_1_41' title='bbox 1083 630 1130 667; x_wconf 91' lang='lat' dir='ltr'><strong>et</strong></span> <span class='ocrx_word' id='word_1_42' title='bbox 1155 631 1308 667; x_wconf 86' lang='lat' dir='ltr'><strong>cetera</strong></span> <span class='ocrx_word' id='word_1_43' title='bbox 1343 620 1401 666; x_wconf 91' lang='lat' dir='ltr'><strong>de</strong></span> <span class='ocrx_word' id='word_1_44' title='bbox 1427 638 1627 682; x_wconf 92' lang='lat' dir='ltr'><strong>quorum</strong></span> <span class='ocrx_word' id='word_1_45' title='bbox 1662 628 1785 666; x_wconf 89' lang='lat' dir='ltr'><strong>statu</strong></span> 
     </span>
     <span class='ocr_line' id='line_1_7' title="bbox 294 694 1785 758; baseline -0.003 -14"><span class='ocrx_word' id='word_1_46' title='bbox 294 713 385 745; x_wconf 85' lang='lat' dir='ltr'><strong>4ac</strong></span> <span class='ocrx_word' id='word_1_47' title='bbox 420 696 600 742; x_wconf 89' lang='lat' dir='ltr'><strong>ratione</strong></span> <span class='ocrx_word' id='word_1_48' title='bbox 636 713 720 741; x_wconf 89' lang='lat' dir='ltr'><strong>suo</strong></span> <span class='ocrx_word' id='word_1_49' title='bbox 755 696 860 742; x_wconf 90' lang='lat' dir='ltr'><strong>loco</strong></span> <span class='ocrx_word' id='word_1_50' title='bbox 893 696 1121 742; x_wconf 83' lang='lat' dir='ltr'><strong>dicemus.</strong></span> <span class='ocrx_word' id='word_1_51' title='bbox 1194 695 1434 758; x_wconf 89' lang='lat' dir='ltr'><strong>Dactylici</strong></span> <span class='ocrx_word' id='word_1_52' title='bbox 1471 695 1614 758; x_wconf 81' lang='lat' dir='ltr'><strong>igitur</strong></span> <span class='ocrx_word' id='word_1_53' title='bbox 1650 694 1785 740; x_wconf 90' lang='lat' dir='ltr'><strong>metri</strong></span> 
     </span>
     <span class='ocr_line' id='line_1_8' title="bbox 332 770 1787 834; baseline -0.002 -17"><span class='ocrx_word' id='word_1_54' title='bbox 332 772 376 817; x_wconf 92' lang='lat' dir='ltr'><strong>id</strong></span> <span class='ocrx_word' id='word_1_55' title='bbox 419 771 711 834; x_wconf 86' lang='lat' dir='ltr'><strong>praecipuum</strong></span> <span class='ocrx_word' id='word_1_56' title='bbox 753 780 837 825; x_wconf 88' lang='lat' dir='ltr'><strong>est,</strong></span> <span class='ocrx_word' id='word_1_57' title='bbox 873 771 999 832; x_wconf 92' lang='lat' dir='ltr'><strong>quod</strong></span> <span class='ocrx_word' id='word_1_58' title='bbox 1039 771 1237 817; x_wconf 85' lang='lat' dir='ltr'><strong>heroum</strong></span> <span class='ocrx_word' id='word_1_59' title='bbox 1278 770 1556 834; x_wconf 88' lang='lat' dir='ltr'><strong>appellatur.</strong></span> <span class='ocrx_word' id='word_1_60' title='bbox 1614 770 1787 816; x_wconf 83' lang='lat' dir='ltr'><strong>Differt</strong></span> 
     </span>
     <span class='ocr_line' id='line_1_9' title="bbox 330 846 1788 909; baseline -0.001 -17"><span class='ocrx_word' id='word_1_61' title='bbox 330 848 457 892; x_wconf 90' lang='lat' dir='ltr'><strong>enim</strong></span> <span class='ocrx_word' id='word_1_62' title='bbox 496 865 521 892; x_wconf 88' lang='lat' dir='ltr'><strong>a</strong></span> <span class='ocrx_word' id='word_1_63' title='bbox 555 847 792 909; x_wconf 88' lang='lat' dir='ltr'><strong>dactylico</strong></span> <span class='ocrx_word' id='word_1_64' title='bbox 819 847 1016 892; x_wconf 86' lang='lat' dir='ltr'><strong>heroum</strong></span> <span class='ocrx_word' id='word_1_65' title='bbox 1050 865 1122 902; x_wconf 92' lang='lat' dir='ltr'><strong>eo,</strong></span> <span class='ocrx_word' id='word_1_66' title='bbox 1150 847 1275 909; x_wconf 93' lang='lat' dir='ltr'><strong>quod</strong></span> <span class='ocrx_word' id='word_1_67' title='bbox 1309 856 1356 892; x_wconf 91' lang='lat' dir='ltr'><strong>et</strong></span> <span class='ocrx_word' id='word_1_68' title='bbox 1380 846 1666 909; x_wconf 86' lang='lat' dir='ltr'><strong>dactylicum</strong></span> <span class='ocrx_word' id='word_1_69' title='bbox 1701 855 1788 902; x_wconf 88' lang='lat' dir='ltr'><strong>est,</strong></span> 
     </span>
     <span class='ocr_line' id='line_1_10' title="bbox 330 921 1787 985; baseline -0.001 -17"><span class='ocrx_word' id='word_1_70' title='bbox 330 932 378 968; x_wconf 88' lang='lat' dir='ltr'><strong>et</strong></span> <span class='ocrx_word' id='word_1_71' title='bbox 413 922 463 968; x_wconf 89' lang='lat' dir='ltr'><strong>in</strong></span> <span class='ocrx_word' id='word_1_72' title='bbox 500 922 616 968; x_wconf 86' lang='lat' dir='ltr'><strong>duas</strong></span> <span class='ocrx_word' id='word_1_73' title='bbox 649 921 844 968; x_wconf 86' lang='lat' dir='ltr'><strong>caeditur</strong></span> <span class='ocrx_word' id='word_1_74' title='bbox 876 931 1046 985; x_wconf 89' lang='lat' dir='ltr'><strong>partes,</strong></span> <span class='ocrx_word' id='word_1_75' title='bbox 1080 922 1139 968; x_wconf 90' lang='lat' dir='ltr'><strong>de</strong></span> <span class='ocrx_word' id='word_1_76' title='bbox 1179 923 1351 984; x_wconf 91' lang='lat' dir='ltr'><strong>quibus</strong></span> <span class='ocrx_word' id='word_1_77' title='bbox 1388 940 1528 985; x_wconf 90' lang='lat' dir='ltr'><strong>supra</strong></span> <span class='ocrx_word' id='word_1_78' title='bbox 1561 922 1787 976; x_wconf 87' lang='lat' dir='ltr'><strong>diximus,</strong></span> 
     </span>
     <span class='ocr_line' id='line_1_11' title="bbox 294 997 1785 1061; baseline -0.001 -16"><span class='ocrx_word' id='word_1_79' title='bbox 294 998 803 1061; x_wconf 74' lang='lat' dir='ltr'><strong>5⁸⁵penthemimerem</strong></span> <span class='ocrx_word' id='word_1_80' title='bbox 841 1006 888 1043; x_wconf 91' lang='lat' dir='ltr'><strong>et</strong></span> <span class='ocrx_word' id='word_1_81' title='bbox 925 998 1407 1061; x_wconf 84' lang='lat' dir='ltr'><strong>hephthemimerem.</strong></span> <span class='ocrx_word' id='word_1_82' title='bbox 1477 997 1785 1060; x_wconf 89' lang='lat' dir='ltr'><strong>Dactylicum</strong></span> 
     </span>
     <span class='ocr_line' id='line_1_12' title="bbox 331 1072 1787 1136; baseline -0.001 -17"><span class='ocrx_word' id='word_1_83' title='bbox 331 1074 476 1130; x_wconf 90' lang='lat' dir='ltr'><strong>enim,</strong></span> <span class='ocrx_word' id='word_1_84' title='bbox 499 1073 610 1119; x_wconf 89' lang='lat' dir='ltr'><strong>licet</strong></span> <span class='ocrx_word' id='word_1_85' title='bbox 634 1073 800 1119; x_wconf 90' lang='lat' dir='ltr'><strong>iisdem</strong></span> <span class='ocrx_word' id='word_1_86' title='bbox 829 1074 1053 1120; x_wconf 81' lang='lat' dir='ltr'><strong>subsistat</strong></span> <span class='ocrx_word' id='word_1_87' title='bbox 1076 1073 1291 1136; x_wconf 88' lang='lat' dir='ltr'><strong>pedibus,</strong></span> <span class='ocrx_word' id='word_1_88' title='bbox 1314 1091 1409 1120; x_wconf 89' lang='lat' dir='ltr'><strong>non</strong></span> <span class='ocrx_word' id='word_1_89' title='bbox 1435 1083 1594 1119; x_wconf 89' lang='lat' dir='ltr'><strong>tamen</strong></span> <span class='ocrx_word' id='word_1_90' title='bbox 1621 1072 1787 1118; x_wconf 86' lang='lat' dir='ltr'><strong>iisdem</strong></span> 
     </span>
     <span class='ocr_line' id='line_1_13' title="bbox 293 1148 1785 1209; baseline -0.001 -15"><span class='ocrx_word' id='word_1_91' title='bbox 293 1160 312 1191; x_wconf 92' lang='lat'><strong>6</strong></span> <span class='ocrx_word' id='word_1_92' title='bbox 331 1149 658 1206; x_wconf 84' lang='lat' dir='ltr'><strong>divisionibus,</strong></span> <span class='ocrx_word' id='word_1_93' title='bbox 685 1158 735 1195; x_wconf 86' lang='lat' dir='ltr'><strong>nt</strong></span> <span class='ocrx_word' id='word_1_94' title='bbox 756 1150 924 1195; x_wconf 89' lang='lat' dir='ltr'><strong>herous</strong></span> <span class='ocrx_word' id='word_1_95' title='bbox 945 1149 1141 1196; x_wconf 86' lang='lat' dir='ltr'><strong>caeditur</strong></span> <span class='ocrx_word' id='word_1_96' title='bbox 1159 1168 1333 1196; x_wconf 87' lang='lat' dir='ltr'><strong>versus.</strong></span> <span class='ocrx_word' id='word_1_97' title='bbox 1374 1150 1506 1195; x_wconf 87' lang='lat' dir='ltr'><strong>Inter</strong></span> <span class='ocrx_word' id='word_1_98' title='bbox 1524 1148 1785 1209; x_wconf 89' lang='lat' dir='ltr'><strong>spondeum</strong></span> 
     </span>
     <span class='ocr_line' id='line_1_14' title="bbox 332 1226 1787 1291; baseline -0.001 -20"><span class='ocrx_word' id='word_1_99' title='bbox 332 1235 489 1271; x_wconf 86' lang='lat' dir='ltr'><strong>autem</strong></span> <span class='ocrx_word' id='word_1_100' title='bbox 527 1235 575 1272; x_wconf 88' lang='lat' dir='ltr'><strong>et</strong></span> <span class='ocrx_word' id='word_1_101' title='bbox 611 1226 875 1290; x_wconf 76' lang='lat' dir='ltr'><strong>tdactylum</strong></span> <span class='ocrx_word' id='word_1_102' title='bbox 917 1244 1136 1273; x_wconf 88' lang='lat' dir='ltr'><strong>mensura</strong></span> <span class='ocrx_word' id='word_1_103' title='bbox 1170 1237 1441 1291; x_wconf 90' lang='lat' dir='ltr'><strong>temporum</strong></span> <span class='ocrx_word' id='word_1_104' title='bbox 1483 1235 1787 1288; x_wconf 79' lang='lat' dir='ltr'><strong>congruente,</strong></span> 
     </span>
     <span class='ocr_line' id='line_1_15' title="bbox 331 1302 1785 1365; baseline -0.001 -17"><span class='ocrx_word' id='word_1_105' title='bbox 331 1303 474 1349; x_wconf 87' lang='lat' dir='ltr'><strong>etiam</strong></span> <span class='ocrx_word' id='word_1_106' title='bbox 517 1303 565 1349; x_wconf 91' lang='lat' dir='ltr'><strong>in</strong></span> <span class='ocrx_word' id='word_1_107' title='bbox 607 1304 695 1349; x_wconf 87' lang='lat' dir='ltr'><strong>arsi</strong></span> <span class='ocrx_word' id='word_1_108' title='bbox 728 1314 776 1349; x_wconf 88' lang='lat' dir='ltr'><strong>et</strong></span> <span class='ocrx_word' id='word_1_109' title='bbox 815 1304 936 1350; x_wconf 83' lang='lat' dir='ltr'><strong>thesi</strong></span> <span class='ocrx_word' id='word_1_110' title='bbox 970 1303 1135 1350; x_wconf 87' lang='lat' dir='ltr'><strong>eadem</strong></span> <span class='ocrx_word' id='word_1_111' title='bbox 1169 1303 1412 1365; x_wconf 81' lang='lat' dir='ltr'><strong>aequalitas</strong></span> <span class='ocrx_word' id='word_1_112' title='bbox 1449 1302 1606 1358; x_wconf 91' lang='lat' dir='ltr'><strong>stabit,</strong></span> <span class='ocrx_word' id='word_1_113' title='bbox 1641 1319 1785 1363; x_wconf 90' lang='lat' dir='ltr'><strong>quam</strong></span> 
     </span>
     <span class='ocr_line' id='line_1_16' title="bbox 333 1378 1788 1443; baseline -0.001 -18"><span class='ocrx_word' id='word_1_114' title='bbox 333 1379 484 1425; x_wconf 86' lang='lat' dir='ltr'><strong>Graeci</strong></span> <span class='ocrx_word' id='word_1_115' title='bbox 512 1380 680 1426; x_wconf 90' lang='lat' dir='ltr'><strong>dicunt</strong></span> <span class='ocrx_word' id='word_1_116' title='bbox 715 1379 796 1426; x_wconf 77' lang='grc' dir='ltr'><em>ἴσον</em></span> <span class='ocrx_word' id='word_1_117' title='bbox 819 1379 949 1441; x_wconf 73' lang='grc' dir='ltr'><em>λόγον,</em></span> <span class='ocrx_word' id='word_1_118' title='bbox 972 1378 1176 1441; x_wconf 81' lang='lat' dir='ltr'><strong>unibus</strong></span> <span class='ocrx_word' id='word_1_119' title='bbox 1212 1396 1296 1443; x_wconf 88' lang='lat' dir='ltr'><strong>per</strong></span> <span class='ocrx_word' id='word_1_120' title='bbox 1319 1378 1702 1440; x_wconf 86' lang='lat' dir='ltr'><strong>conjunctionem</strong></span> <span class='ocrx_word' id='word_1_121' title='bbox 1742 1386 1788 1423; x_wconf 89' lang='lat' dir='ltr'><strong>et</strong></span> 
     </span>
     <span class='ocr_line' id='line_1_17' title="bbox 331 1454 1788 1518; baseline -0.001 -18"><span class='ocrx_word' id='word_1_122' title='bbox 331 1455 629 1512; x_wconf 84' lang='lat' dir='ltr'><strong>divisionem,</strong></span> <span class='ocrx_word' id='word_1_123' title='bbox 661 1465 714 1502; x_wconf 90' lang='lat' dir='ltr'><strong>ut</strong></span> <span class='ocrx_word' id='word_1_124' title='bbox 751 1473 891 1518; x_wconf 88' lang='lat' dir='ltr'><strong>supra</strong></span> <span class='ocrx_word' id='word_1_125' title='bbox 922 1455 1188 1508; x_wconf 83' lang='lat' dir='ltr'><strong>docuimus,</strong></span> <span class='ocrx_word' id='word_1_126' title='bbox 1214 1464 1381 1500; x_wconf 87' lang='lat' dir='ltr'><strong>mutua</strong></span> <span class='ocrx_word' id='word_1_127' title='bbox 1411 1454 1671 1517; x_wconf 82' lang='lat' dir='ltr'><strong>procreatio</strong></span> <span class='ocrx_word' id='word_1_128' title='bbox 1703 1462 1788 1509; x_wconf 86' lang='lat' dir='ltr'><strong>est,</strong></span> 
     </span>
     <span class='ocr_line' id='line_1_18' title="bbox 333 1529 1789 1593; baseline -0.002 -16"><span class='ocrx_word' id='word_1_129' title='bbox 333 1531 597 1593; x_wconf 89' lang='lat' dir='ltr'><strong>meritoque</strong></span> <span class='ocrx_word' id='word_1_130' title='bbox 634 1531 951 1577; x_wconf 86' lang='lat' dir='ltr'><strong>indifferenter</strong></span> <span class='ocrx_word' id='word_1_131' title='bbox 980 1531 1027 1576; x_wconf 89' lang='lat' dir='ltr'><strong>in</strong></span> <span class='ocrx_word' id='word_1_132' title='bbox 1054 1547 1355 1592; x_wconf 90' lang='lat' dir='ltr'><strong>quacumque</strong></span> <span class='ocrx_word' id='word_1_133' title='bbox 1378 1547 1537 1575; x_wconf 89' lang='lat' dir='ltr'><strong>versus</strong></span> <span class='ocrx_word' id='word_1_134' title='bbox 1564 1529 1689 1584; x_wconf 89' lang='lat' dir='ltr'><strong>sede,</strong></span> <span class='ocrx_word' id='word_1_135' title='bbox 1716 1534 1789 1590; x_wconf 91' lang='lat' dir='ltr'><strong>(ut</strong></span> 
     </span>
     <span class='ocr_line' id='line_1_19' title="bbox 333 1605 1789 1670; baseline -0.001 -18"><span class='ocrx_word' id='word_1_136' title='bbox 333 1625 429 1653; x_wconf 83' lang='lat' dir='ltr'><strong>sors</strong></span> <span class='ocrx_word' id='word_1_137' title='bbox 465 1607 719 1653; x_wconf 88' lang='lat' dir='ltr'><strong>scandendi</strong></span> <span class='ocrx_word' id='word_1_138' title='bbox 747 1607 1063 1670; x_wconf 88' lang='lat' dir='ltr'><strong>processerit,)</strong></span> <span class='ocrx_word' id='word_1_139' title='bbox 1093 1606 1408 1669; x_wconf 87' lang='lat' dir='ltr'><strong>reperiuntur,</strong></span> <span class='ocrx_word' id='word_1_140' title='bbox 1431 1605 1684 1651; x_wconf 82' lang='lat' dir='ltr'><strong>dumtaxat</strong></span> <span class='ocrx_word' id='word_1_141' title='bbox 1713 1623 1789 1651; x_wconf 79' lang='lat' dir='ltr'><strong>us—</strong></span> 
     </span>
     <span class='ocr_line' id='line_1_20' title="bbox 332 1681 1789 1747; baseline -0.002 -18"><span class='ocrx_word' id='word_1_142' title='bbox 332 1701 424 1746; x_wconf 90' lang='lat' dir='ltr'><strong>que</strong></span> <span class='ocrx_word' id='word_1_143' title='bbox 460 1683 515 1729; x_wconf 90' lang='lat' dir='ltr'><strong>ad</strong></span> <span class='ocrx_word' id='word_1_144' title='bbox 554 1683 722 1747; x_wconf 89' lang='lat' dir='ltr'><strong>pedem</strong></span> <span class='ocrx_word' id='word_1_145' title='bbox 751 1694 999 1746; x_wconf 87' lang='lat' dir='ltr'><strong>quartum:</strong></span> <span class='ocrx_word' id='word_1_146' title='bbox 1037 1683 1231 1745; x_wconf 90' lang='lat' dir='ltr'><strong>quintus</strong></span> <span class='ocrx_word' id='word_1_147' title='bbox 1268 1682 1396 1727; x_wconf 89' lang='lat' dir='ltr'><strong>enim</strong></span> <span class='ocrx_word' id='word_1_148' title='bbox 1426 1681 1711 1744; x_wconf 89' lang='lat' dir='ltr'><strong>frequenter,</strong></span> <span class='ocrx_word' id='word_1_149' title='bbox 1738 1691 1789 1726; x_wconf 88' lang='lat' dir='ltr'><strong>ut</strong></span> 
     </span>
     <span class='ocr_line' id='line_1_21' title="bbox 297 1758 1789 1823; baseline -0.003 -17"><span class='ocrx_word' id='word_1_150' title='bbox 297 1777 311 1808; x_wconf 81' lang='lat'>7</span> <span class='ocrx_word' id='word_1_151' title='bbox 334 1761 530 1806; x_wconf 86' lang='lat' dir='ltr'><strong>heroum</strong></span> <span class='ocrx_word' id='word_1_152' title='bbox 558 1759 708 1817; x_wconf 88' lang='lat' dir='ltr'><strong>decet,</strong></span> <span class='ocrx_word' id='word_1_153' title='bbox 733 1760 947 1823; x_wconf 88' lang='lat' dir='ltr'><strong>dactylus</strong></span> <span class='ocrx_word' id='word_1_154' title='bbox 973 1778 1072 1806; x_wconf 90' lang='lat' dir='ltr'><strong>esse</strong></span> <span class='ocrx_word' id='word_1_155' title='bbox 1097 1759 1252 1805; x_wconf 90' lang='lat' dir='ltr'><strong>debet.</strong></span> <span class='ocrx_word' id='word_1_156' title='bbox 1295 1759 1477 1805; x_wconf 90' lang='lat' dir='ltr'><strong>Eadem</strong></span> <span class='ocrx_word' id='word_1_157' title='bbox 1505 1758 1789 1820; x_wconf 84' lang='lat' dir='ltr'><strong>cognatione</strong></span> 
     </span>
     <span class='ocr_line' id='line_1_22' title="bbox 331 1835 1788 1900; baseline -0.002 -18"><span class='ocrx_word' id='word_1_158' title='bbox 331 1836 472 1882; x_wconf 89' lang='lat' dir='ltr'><strong>etiam</strong></span> <span class='ocrx_word' id='word_1_159' title='bbox 511 1847 792 1900; x_wconf 88' lang='lat' dir='ltr'><strong>anapaestus,</strong></span> <span class='ocrx_word' id='word_1_160' title='bbox 816 1838 896 1900; x_wconf 91' lang='lat' dir='ltr'><strong>qui</strong></span> <span class='ocrx_word' id='word_1_161' title='bbox 930 1855 954 1883; x_wconf 91' lang='lat' dir='ltr'><strong>e</strong></span> <span class='ocrx_word' id='word_1_162' title='bbox 991 1836 1184 1900; x_wconf 89' lang='lat' dir='ltr'><strong>spondei</strong></span> <span class='ocrx_word' id='word_1_163' title='bbox 1222 1835 1378 1899; x_wconf 89' lang='lat' dir='ltr'><strong>prima</strong></span> <span class='ocrx_word' id='word_1_164' title='bbox 1403 1835 1449 1880; x_wconf 93' lang='lat' dir='ltr'><strong>in</strong></span> <span class='ocrx_word' id='word_1_165' title='bbox 1476 1835 1592 1880; x_wconf 87' lang='lat' dir='ltr'><strong>duas</strong></span> <span class='ocrx_word' id='word_1_166' title='bbox 1625 1835 1788 1880; x_wconf 89' lang='lat' dir='ltr'><strong>breves</strong></span> 
     </span>
     <span class='ocr_line' id='line_1_23' title="bbox 330 1910 1788 1977; baseline -0.002 -19"><span class='ocrx_word' id='word_1_167' title='bbox 330 1912 477 1958; x_wconf 89' lang='lat' dir='ltr'><strong>divisa</strong></span> <span class='ocrx_word' id='word_1_168' title='bbox 503 1912 714 1970; x_wconf 84' lang='lat' dir='ltr'><strong>efficitur,</strong></span> <span class='ocrx_word' id='word_1_169' title='bbox 743 1913 886 1959; x_wconf 90' lang='lat' dir='ltr'><strong>heroo</strong></span> <span class='ocrx_word' id='word_1_170' title='bbox 910 1922 1068 1977; x_wconf 87' lang='lat' dir='ltr'><strong>posset</strong></span> <span class='ocrx_word' id='word_1_171' title='bbox 1103 1911 1329 1958; x_wconf 89' lang='lat' dir='ltr'><strong>Wadnecti</strong></span> <span class='ocrx_word' id='word_1_172' title='bbox 1369 1920 1532 1965; x_wconf 88' lang='lat' dir='ltr'><strong>metro,</strong></span> <span class='ocrx_word' id='word_1_173' title='bbox 1558 1910 1661 1966; x_wconf 86' lang='lat' dir='ltr'><strong>nisi,</strong></span> <span class='ocrx_word' id='word_1_174' title='bbox 1686 1910 1788 1956; x_wconf 77' lang='lat' dir='ltr'><strong>Xin—</strong></span> 
     </span>
     <span class='ocr_line' id='line_1_24' title="bbox 331 1986 1788 2052; baseline -0.001 -19"><span class='ocrx_word' id='word_1_175' title='bbox 331 1988 536 2051; x_wconf 90' lang='lat' dir='ltr'><strong>cipiente</strong></span> <span class='ocrx_word' id='word_1_176' title='bbox 560 1988 752 2052; x_wconf 85' lang='lat' dir='ltr'><strong>dactylo</strong></span> <span class='ocrx_word' id='word_1_177' title='bbox 783 1998 829 2035; x_wconf 90' lang='lat' dir='ltr'><strong>et</strong></span> <span class='ocrx_word' id='word_1_178' title='bbox 859 1989 1112 2051; x_wconf 88' lang='lat' dir='ltr'><strong>subjuncto</strong></span> <span class='ocrx_word' id='word_1_179' title='bbox 1146 1995 1400 2050; x_wconf 86' lang='lat' dir='ltr'><strong>anapaestO,</strong></span> <span class='ocrx_word' id='word_1_180' title='bbox 1427 1986 1594 2033; x_wconf 81' lang='lat' dir='ltr'><strong>mediae</strong></span> <span class='ocrx_word' id='word_1_181' title='bbox 1627 1988 1788 2032; x_wconf 87' lang='lat' dir='ltr'><strong>breves</strong></span> 
     </span>
     <span class='ocr_line' id='line_1_25' title="bbox 331 2063 1788 2126; baseline 0 -18"><span class='ocrx_word' id='word_1_182' title='bbox 331 2081 530 2109; x_wconf 87' lang='lat' dir='ltr'><strong>numero</strong></span> <span class='ocrx_word' id='word_1_183' title='bbox 577 2074 802 2126; x_wconf 88' lang='lat' dir='ltr'><strong>quattuor</strong></span> <span class='ocrx_word' id='word_1_184' title='bbox 848 2065 1047 2111; x_wconf 90' lang='lat' dir='ltr'><strong>heroum</strong></span> <span class='ocrx_word' id='word_1_185' title='bbox 1095 2081 1280 2110; x_wconf 87' lang='lat' dir='ltr'><strong>versum</strong></span> <span class='ocrx_word' id='word_1_186' title='bbox 1324 2063 1670 2109; x_wconf 84' lang='lat' dir='ltr'><strong>deformarent:</strong></span> <span class='ocrx_word' id='word_1_187' title='bbox 1708 2079 1788 2108; x_wconf 92' lang='lat' dir='ltr'><strong>seu</strong></span> 
     </span>
     <span class='ocr_line' id='line_1_26' title="bbox 330 2138 1790 2203; baseline 0 -19"><span class='ocrx_word' id='word_1_188' title='bbox 330 2139 456 2200; x_wconf 93' lang='lat' dir='ltr'><strong>quod</strong></span> <span class='ocrx_word' id='word_1_189' title='bbox 494 2140 716 2203; x_wconf 75' lang='lat' dir='ltr'><strong>anapaesti</strong></span> <span class='ocrx_word' id='word_1_190' title='bbox 755 2158 838 2202; x_wconf 90' lang='lat' dir='ltr'><strong>per</strong></span> <span class='ocrx_word' id='word_1_191' title='bbox 869 2141 1071 2203; x_wconf 86' lang='lat' dir='ltr'><strong>syllabas</strong></span> <span class='ocrx_word' id='word_1_192' title='bbox 1105 2139 1392 2203; x_wconf 81' lang='lat' dir='ltr'><strong>gradiantur,</strong></span> <span class='ocrx_word' id='word_1_193' title='bbox 1417 2138 1513 2184; x_wconf 88' lang='lat' dir='ltr'><strong>sive</strong></span> <span class='ocrx_word' id='word_1_194' title='bbox 1544 2138 1657 2200; x_wconf 89' lang='lat' dir='ltr'><strong>quia</strong></span> <span class='ocrx_word' id='word_1_195' title='bbox 1692 2155 1790 2184; x_wconf 91' lang='lat' dir='ltr'><strong>me-</strong></span> 
     </span>
     <span class='ocr_line' id='line_1_27' title="bbox 330 2214 1787 2271; baseline -0.001 -10"><span class='ocrx_word' id='word_1_196' title='bbox 330 2224 508 2261; x_wconf 86' lang='lat' dir='ltr'><strong>trorum</strong></span> <span class='ocrx_word' id='word_1_197' title='bbox 536 2215 630 2261; x_wconf 89' lang='lat' dir='ltr'><strong>fere</strong></span> <span class='ocrx_word' id='word_1_198' title='bbox 654 2216 872 2261; x_wconf 87' lang='lat' dir='ltr'><strong>omnium</strong></span> <span class='ocrx_word' id='word_1_199' title='bbox 900 2226 1065 2262; x_wconf 86' lang='lat' dir='ltr'><strong>natura</strong></span> <span class='ocrx_word' id='word_1_200' title='bbox 1090 2216 1194 2261; x_wconf 90' lang='lat' dir='ltr'><strong>talis</strong></span> <span class='ocrx_word' id='word_1_201' title='bbox 1214 2224 1299 2271; x_wconf 85' lang='lat' dir='ltr'><strong>est,</strong></span> <span class='ocrx_word' id='word_1_202' title='bbox 1320 2223 1371 2260; x_wconf 89' lang='lat' dir='ltr'><strong>ut</strong></span> <span class='ocrx_word' id='word_1_203' title='bbox 1396 2223 1592 2260; x_wconf 87' lang='lat' dir='ltr'><strong>caveant</strong></span> <span class='ocrx_word' id='word_1_204' title='bbox 1610 2231 1669 2259; x_wconf 90' lang='lat' dir='ltr'><strong>ne</strong></span> <span class='ocrx_word' id='word_1_205' title='bbox 1694 2214 1787 2260; x_wconf 89' lang='lat' dir='ltr'><strong>sin-</strong></span> 
     </span>
     <span class='ocr_line' id='line_1_28' title="bbox 330 2288 1789 2353; baseline 0.001 -20"><span class='ocrx_word' id='word_1_206' title='bbox 330 2288 463 2350; x_wconf 86' lang='lat' dir='ltr'><strong>gulas</strong></span> <span class='ocrx_word' id='word_1_207' title='bbox 500 2299 655 2351; x_wconf 89' lang='lat' dir='ltr'><strong>partes</strong></span> <span class='ocrx_word' id='word_1_208' title='bbox 691 2289 914 2335; x_wconf 90' lang='lat' dir='ltr'><strong>orationis</strong></span> <span class='ocrx_word' id='word_1_209' title='bbox 951 2290 1243 2353; x_wconf 86' lang='lat' dir='ltr'><strong>singulorum</strong></span> <span class='ocrx_word' id='word_1_210' title='bbox 1276 2289 1454 2352; x_wconf 88' lang='lat' dir='ltr'><strong>pedum</strong></span> <span class='ocrx_word' id='word_1_211' title='bbox 1480 2290 1574 2335; x_wconf 89' lang='lat' dir='ltr'><strong>fine</strong></span> <span class='ocrx_word' id='word_1_212' title='bbox 1599 2288 1789 2335; x_wconf 85' lang='lat' dir='ltr'><strong>conclu-</strong></span> 
     </span>
     <span class='ocr_line' id='line_1_29' title="bbox 330 2364 1785 2428; baseline 0.001 -18"><span class='ocrx_word' id='word_1_213' title='bbox 330 2364 458 2422; x_wconf 89' lang='lat' dir='ltr'><strong>dant,</strong></span> <span class='ocrx_word' id='word_1_214' title='bbox 494 2365 573 2411; x_wconf 89' lang='lat' dir='ltr'><strong>sed</strong></span> <span class='ocrx_word' id='word_1_215' title='bbox 612 2365 770 2428; x_wconf 87' lang='lat' dir='ltr'><strong>potius</strong></span> <span class='ocrx_word' id='word_1_216' title='bbox 806 2374 860 2411; x_wconf 88' lang='lat' dir='ltr'><strong>ut</strong></span> <span class='ocrx_word' id='word_1_217' title='bbox 896 2368 1035 2412; x_wconf 90' lang='lat' dir='ltr'><strong>verba</strong></span> <span class='ocrx_word' id='word_1_218' title='bbox 1073 2366 1142 2412; x_wconf 92' lang='lat' dir='ltr'><strong>vel</strong></span> <span class='ocrx_word' id='word_1_219' title='bbox 1177 2365 1368 2411; x_wconf 86' lang='lat' dir='ltr'><strong>nomina</strong></span> <span class='ocrx_word' id='word_1_220' title='bbox 1403 2382 1460 2410; x_wconf 89' lang='lat' dir='ltr'><strong>ex</strong></span> <span class='ocrx_word' id='word_1_221' title='bbox 1496 2364 1680 2410; x_wconf 88' lang='lat' dir='ltr'><strong>residua</strong></span> <span class='ocrx_word' id='word_1_222' title='bbox 1717 2365 1785 2411; x_wconf 90' lang='lat' dir='ltr'><strong>sui</strong></span> 
     </span>
     <span class='ocr_line' id='line_1_30' title="bbox 330 2441 1788 2505; baseline 0 -19"><span class='ocrx_word' id='word_1_223' title='bbox 330 2448 463 2504; x_wconf 89' lang='lat' dir='ltr'><strong>parte</strong></span> <span class='ocrx_word' id='word_1_224' title='bbox 497 2441 836 2503; x_wconf 72' lang='lat' dir='ltr'><strong>ysequentibus</strong></span> <span class='ocrx_word' id='word_1_225' title='bbox 872 2442 1071 2505; x_wconf 90' lang='lat' dir='ltr'><strong>pedibus</strong></span> <span class='ocrx_word' id='word_1_226' title='bbox 1109 2442 1375 2496; x_wconf 87' lang='lat' dir='ltr'><strong>adnectant,</strong></span> <span class='ocrx_word' id='word_1_227' title='bbox 1401 2458 1496 2503; x_wconf 93' lang='lat' dir='ltr'><strong>quo</strong></span> <span class='ocrx_word' id='word_1_228' title='bbox 1521 2449 1661 2504; x_wconf 88' lang='lat' dir='ltr'><strong>pacto</strong></span> <span class='ocrx_word' id='word_1_229' title='bbox 1686 2458 1788 2486; x_wconf 91' lang='lat' dir='ltr'><strong>eve-</strong></span> 
     </span>
    </p>
   </div>
   <div class='ocr_carea' id='block_1_3' title="bbox 330 2546 1788 2808">
    <p class='ocr_par' dir='ltr' id='par_1_3' title="bbox 330 2546 1788 2808">
     <span class='ocr_line' id='line_1_31' title="bbox 385 2546 1788 2597; baseline -0.001 -15"><span class='ocrx_word' id='word_1_230' title='bbox 385 2553 400 2572; x_wconf 83' lang='lat' dir='ltr'><strong>s</strong></span> <span class='ocrx_word' id='word_1_231' title='bbox 421 2546 743 2596; x_wconf 87' lang='lat' dir='ltr'><strong>Logoaoedicum]</strong></span> <span class='ocrx_word' id='word_1_232' title='bbox 767 2548 1003 2597; x_wconf 85' lang='lat' dir='ltr'><strong>logoedicum</strong></span> <span class='ocrx_word' id='word_1_233' title='bbox 1023 2548 1062 2583; x_wconf 89' lang='lat' dir='ltr'><strong>P.</strong></span> <span class='ocrx_word' id='word_1_234' title='bbox 1168 2554 1200 2573; x_wconf 87' lang='lat' dir='ltr'><strong>ss</strong></span> <span class='ocrx_word' id='word_1_235' title='bbox 1220 2546 1552 2596; x_wconf 70' lang='lat' dir='ltr'><strong>penthemimeren]</strong></span> <span class='ocrx_word' id='word_1_236' title='bbox 1575 2554 1612 2582; x_wconf 85' lang='lat' dir='ltr'><strong>et</strong></span> <span class='ocrx_word' id='word_1_237' title='bbox 1632 2547 1788 2595; x_wconf 83' lang='lat' dir='ltr'><strong>hepthe-</strong></span> 
     </span>
     <span class='ocr_line' id='line_1_32' title="bbox 333 2600 1788 2649; baseline 0.001 -15"><span class='ocrx_word' id='word_1_238' title='bbox 333 2600 542 2646; x_wconf 81' lang='lat' dir='ltr'><strong>mimereni]</strong></span> <span class='ocrx_word' id='word_1_239' title='bbox 580 2601 901 2648; x_wconf 84' lang='lat' dir='ltr'><strong>penthemimeren</strong></span> <span class='ocrx_word' id='word_1_240' title='bbox 931 2610 968 2636; x_wconf 91' lang='lat' dir='ltr'><strong>et</strong></span> <span class='ocrx_word' id='word_1_241' title='bbox 998 2600 1315 2649; x_wconf 82' lang='lat' dir='ltr'><strong>hepthemimeren</strong></span> <span class='ocrx_word' id='word_1_242' title='bbox 1339 2601 1377 2636; x_wconf 89' lang='grc' dir='ltr'><strong>Ρ.</strong></span> <span class='ocrx_word' id='word_1_243' title='bbox 1412 2600 1724 2648; x_wconf 81' lang='lat' dir='ltr'><strong>penthemimerin</strong></span> <span class='ocrx_word' id='word_1_244' title='bbox 1752 2608 1788 2635; x_wconf 89' lang='lat' dir='ltr'><strong>et</strong></span> 
     </span>
     <span class='ocr_line' id='line_1_33' title="bbox 332 2652 1787 2703; baseline 0.001 -16"><span class='ocrx_word' id='word_1_245' title='bbox 332 2652 668 2700; x_wconf 77' lang='lat' dir='ltr'><strong>hephtheniimerin</strong></span> <span class='ocrx_word' id='word_1_246' title='bbox 689 2654 746 2690; x_wconf 85' lang='lat' dir='ltr'><strong>ed.</strong></span> <span class='ocrx_word' id='word_1_247' title='bbox 769 2654 875 2689; x_wconf 80' lang='lat' dir='ltr'><strong>Cam.</strong></span> <span class='ocrx_word' id='word_1_248' title='bbox 986 2654 1000 2679; x_wconf 75' lang='grc' dir='ltr'><strong>’ί</strong></span> <span class='ocrx_word' id='word_1_249' title='bbox 1020 2654 1239 2703; x_wconf 79' lang='lat' dir='ltr'><strong>Dactylum]</strong></span> <span class='ocrx_word' id='word_1_250' title='bbox 1264 2653 1498 2702; x_wconf 74' lang='lat' dir='ltr'><strong>Dactylicnm</strong></span> <span class='ocrx_word' id='word_1_251' title='bbox 1522 2653 1561 2688; x_wconf 86' lang='lat' dir='ltr'><strong>P.</strong></span> <span class='ocrx_word' id='word_1_252' title='bbox 1670 2660 1686 2677; x_wconf 94' lang='lat' dir='ltr'>v</span> <span class='ocrx_word' id='word_1_253' title='bbox 1707 2666 1787 2700; x_wconf 86' lang='lat' dir='ltr'><strong>quae</strong></span> 
     </span>
     <span class='ocr_line' id='line_1_34' title="bbox 331 2704 1784 2754; baseline 0 -14"><span class='ocrx_word' id='word_1_254' title='bbox 331 2706 388 2752; x_wconf 86' lang='lat' dir='ltr'><strong>et]</strong></span> <span class='ocrx_word' id='word_1_255' title='bbox 413 2705 547 2754; x_wconf 85' lang='lat' dir='ltr'><strong>quibus</strong></span> <span class='ocrx_word' id='word_1_256' title='bbox 568 2706 607 2741; x_wconf 94' lang='lat' dir='ltr'><strong>P.</strong></span> <span class='ocrx_word' id='word_1_257' title='bbox 750 2713 779 2730; x_wconf 81' lang='lat' dir='ltr'>w</span> <span class='ocrx_word' id='word_1_258' title='bbox 798 2705 964 2752; x_wconf 82' lang='lat' dir='ltr'><strong>annecti]</strong></span> <span class='ocrx_word' id='word_1_259' title='bbox 987 2706 1132 2742; x_wconf 86' lang='lat' dir='ltr'><strong>adnecti</strong></span> <span class='ocrx_word' id='word_1_260' title='bbox 1154 2707 1194 2742; x_wconf 93' lang='lat' dir='ltr'><strong>P.</strong></span> <span class='ocrx_word' id='word_1_261' title='bbox 1216 2714 1254 2742; x_wconf 86' lang='lat' dir='ltr'><strong>et</strong></span> <span class='ocrx_word' id='word_1_262' title='bbox 1272 2706 1380 2742; x_wconf 82' lang='lat' dir='ltr'><strong>infra.</strong></span> <span class='ocrx_word' id='word_1_263' title='bbox 1532 2712 1551 2731; x_wconf 78' lang='grc' dir='ltr'><strong>Χ</strong></span> <span class='ocrx_word' id='word_1_264' title='bbox 1573 2704 1784 2754; x_wconf 88' lang='lat' dir='ltr'><strong>incipienti]</strong></span> 
     </span>
     <span class='ocr_line' id='line_1_35' title="bbox 330 2758 1338 2808; baseline 0 -14"><span class='ocrx_word' id='word_1_265' title='bbox 330 2758 534 2808; x_wconf 88' lang='lat' dir='ltr'><strong>incipiente</strong></span> <span class='ocrx_word' id='word_1_266' title='bbox 554 2759 593 2795; x_wconf 90' lang='lat' dir='ltr'><strong>P.</strong></span> <span class='ocrx_word' id='word_1_267' title='bbox 705 2766 723 2793; x_wconf 75' lang='lat' dir='ltr'><strong>y</strong></span> <span class='ocrx_word' id='word_1_268' title='bbox 745 2758 1015 2808; x_wconf 85' lang='lat' dir='ltr'><strong>frequentibus]</strong></span> <span class='ocrx_word' id='word_1_269' title='bbox 1038 2761 1279 2808; x_wconf 82' lang='lat' dir='ltr'><strong>sequentibus</strong></span> <span class='ocrx_word' id='word_1_270' title='bbox 1300 2760 1338 2794; x_wconf 90' lang='lat' dir='ltr'><strong>P.</strong></span> 
     </span>
    </p>
   </div>
   <div class='ocr_carea' id='block_1_4' title="bbox 332 2859 1788 2964">
    <p class='ocr_par' dir='ltr' id='par_1_4' title="bbox 332 2859 1788 2964">
     <span class='ocr_line' id='line_1_36' title="bbox 388 2859 1787 2909; baseline 0.001 -14"><span class='ocrx_word' id='word_1_271' title='bbox 388 2859 808 2908; x_wconf 82' lang='lat' dir='ltr'><strong>S.frequentibus‚etc.]</strong></span> <span class='ocrx_word' id='word_1_272' title='bbox 824 2862 1031 2897; x_wconf 84' lang='lat' dir='ltr'><strong>Mendosus</strong></span> <span class='ocrx_word' id='word_1_273' title='bbox 1087 2867 1306 2906; x_wconf 75' lang='lat' dir='ltr'><strong>annectant,-</strong></span> <span class='ocrx_word' id='word_1_274' title='bbox 1339 2875 1406 2909; x_wconf 78' lang='lat' dir='ltr'><strong>quo</strong></span> <span class='ocrx_word' id='word_1_275' title='bbox 1438 2867 1548 2909; x_wconf 78' lang='lat' dir='ltr'><strong>pacto</strong></span> <span class='ocrx_word' id='word_1_276' title='bbox 1582 2862 1696 2896; x_wconf 79' lang='lat' dir='ltr'><strong>evenit</strong></span> <span class='ocrx_word' id='word_1_277' title='bbox 1726 2874 1787 2896; x_wconf 88' lang='lat' dir='ltr'><strong>vo-</strong></span> 
     </span>
     <span class='ocr_line' id='line_1_37' title="bbox 332 2912 1788 2964; baseline 0 -15"><span class='ocrx_word' id='word_1_278' title='bbox 332 2912 447 2950; x_wconf 83' lang='lat' dir='ltr'><strong>loeus.</strong></span> <span class='ocrx_word' id='word_1_279' title='bbox 497 2913 614 2964; x_wconf 89' lang='lat' dir='ltr'><strong>Lego,</strong></span> <span class='ocrx_word' id='word_1_280' title='bbox 635 2916 859 2961; x_wconf 77' lang='lat' dir='ltr'><strong>sequentibus</strong></span> <span class='ocrx_word' id='word_1_281' title='bbox 882 2916 1031 2962; x_wconf 77' lang='lat' dir='ltr'><strong>pedibus</strong></span> <span class='ocrx_word' id='word_1_282' title='bbox 1086 2928 1164 2950; x_wconf 81' lang='lat' dir='ltr'><strong>cnm</strong></span> <span class='ocrx_word' id='word_1_283' title='bbox 1198 2921 1321 2963; x_wconf 79' lang='lat' dir='ltr'><strong>partes</strong></span> <span class='ocrx_word' id='word_1_284' title='bbox 1354 2918 1513 2961; x_wconf 77' lang='lat' dir='ltr'><strong>integras</strong></span> <span class='ocrx_word' id='word_1_285' title='bbox 1546 2926 1618 2950; x_wconf 86' lang='lat' dir='ltr'><strong>esse</strong></span> <span class='ocrx_word' id='word_1_286' title='bbox 1647 2914 1716 2951; x_wconf 68' lang='grc' dir='ltr'><strong>διο.</strong></span> <span class='ocrx_word' id='word_1_287' title='bbox 1750 2922 1788 2950; x_wconf 84' lang='lat' dir='ltr'><strong>et</strong></span> 
     </span>
    </p>
   </div>
  </div>
 </body>
</html>
