1962 3355
283 561 319 590 31

285 1540 322 1570 32

339 204 433 254 398
956 194 1166 259 Rufinus

343 324 370 343 “
395 317 643 363 verborum
694 317 953 364 luminibus
997 327 1168 372 utatur,
1210 317 1366 379 potius
1408 333 1578 379 poema
1624 326 1793 379 putan-

343 401 370 419 “
396 393 526 449 dum,
562 410 701 455 quam
741 393 1029 439 comicorum
1067 402 1342 455 poetarum3
1380 392 1504 454 apud
1537 410 1669 454 quos,
1701 394 1788 439 nisi

339 477 370 495 “
393 469 519 531 quod
545 470 761 516 versiculi
800 478 923 524 sunt,
948 469 1067 515 nihil
1104 476 1173 513 est
1204 467 1328 513 aliud
1363 468 1625 530 quotidiani
1659 469 1792 515 dissi-

342 542 369 560 “
398 535 509 580 mile
534 536 799 581 sermonis.''

408 610 698 656 ‘’Victorinus
731 611 788 655 de
821 607 1164 672 compositione
1202 609 1268 655 sic
1308 608 1446 655 dicit:
1485 616 1512 635 “
1535 610 1792 666 Creticum,

343 694 371 712 “
396 686 476 748 qui
505 695 603 731 Pest
628 703 686 731 ex
711 686 851 747 longa
876 694 922 730 et
947 684 1072 729 brevi
1094 693 1142 730 et
1164 685 1318 747 longa,
1344 685 1379 730 si
1407 695 1629 747 sequatur
1653 704 1793 749 spon-

343 769 370 787 “
396 761 510 808 deus
536 761 606 807 vel
645 761 895 817 trochaeus,
920 762 1092 806 bonam
1120 761 1513 824 compositionem
1548 761 1698 807 facere
1723 762 1793 808 di-

345 845 372 863 “
400 846 527 883 cunt.
598 837 852 899 Quousque
876 838 1067 883 tandem
1092 838 1289 884 abutere
1319 837 1530 884 Catilina
1555 839 1794 900 patientia

344 922 370 939 ‘⁶
396 914 599 959 nostra?
617 913 711 959 duo
731 914 929 959 extremi
950 914 1092 977 pedes
1113 924 1222 960 sunt
1237 915 1434 960 creticus
1454 924 1501 959 et
1520 915 1794 977 spondeus.’'

342 988 502 1034 quem
532 990 682 1035 multa
706 989 820 1035 dicit
839 989 896 1035 de
921 990 1264 1053 compositione
1288 1000 1334 1036 et
1359 990 1567 1035 numeris
1593 998 1638 1035 et
1663 989 1794 1052 pedi—

342 1066 429 1111 bus
465 1065 717 1110 ‘oratoriis
773 1065 842 1112 Ut
867 1065 1033 1111 Cicero
1068 1065 1196 1120 dicit,
1233 1066 1305 1111 isti
1345 1066 1632 1129 scripserunt
1667 1065 1791 1127 apud

343 1141 550 1197 Graecos,
573 1141 975 1205 Thrasymachus,
1011 1141 1288 1198 Naucrates,
1313 1141 1529 1204 Gorgias,
1554 1141 1793 1204 Ephorus,

342 1217 1204 1274 Isocrates,'rhe0dectes,Aristoteles,
1218 1217 1496 1263 Theodorus
1510 1216 1792 1280 Byzantius,

341 1293 714 1356 Theophrastus,
741 1293 1083 1357 Hieronymus.
1119 1294 1290 1340 Latine
1311 1294 1368 1339 de
1393 1294 1601 1339 numeris
1627 1293 1691 1350 hi,
1715 1292 1794 1338 Ci-

343 1387 463 1426 cer0,
481 1369 768 1426 Victorinus,
792 1369 1041 1424 Eusebius,
1067 1370 1392 1427 Terentianus,
1408 1371 1570 1427 Varro,
1597 1371 1792 1426 Probus,

343 1446 601 1503 Charisius,
626 1447 902 1503 Diomedes,
930 1447 1268 1502 Quintilianus,
1295 1447 1530 1502 Donatus,
1556 1447 1758 1492 Servius.

410 1523 556 1568 SItem
597 1523 786 1569 tCicero
824 1523 881 1569 de
912 1524 1120 1569 numeris
1153 1532 1198 1569 et
1230 1524 1288 1569 de
1324 1523 1666 1587 compositione
1699 1524 1791 1569 sic:

344 1606 371 1624 ‘⁴
397 1599 525 1645 Nam
557 1600 636 1662 qui
672 1600 925 1645 Isocratem
964 1601 1204 1646 umaxime
1228 1601 1472 1654 mirantur,
1499 1600 1588 1645 hoc
1619 1599 1668 1645 in
1693 1599 1792 1660 ejus

344 1682 371 1700 “
398 1675 596 1721 summis
617 1675 834 1721 laudibus
860 1677 1031 1732 ferunt,
1051 1678 1175 1739 quod
1205 1677 1356 1723 verbis
1382 1678 1546 1723 solutis
1572 1694 1793 1723 numeros

345 1759 371 1777 “
397 1752 579 1815 primus
605 1752 886 1813 adjunxerit.
949 1754 1071 1799 Cum
1100 1754 1224 1799 enim
1253 1754 1431 1800 videret
1455 1764 1657 1800 oratores
1682 1771 1792 1799 cum

343 1834 370 1852 “
398 1828 641 1873 severitate
677 1829 842 1884 audiri,
865 1839 1027 1893 poetas
1063 1840 1219 1877 autem
1258 1849 1365 1877 cum
1403 1832 1660 1894 voluptate,
1690 1840 1791 1876 turn

343 1910 370 1928 ‘⁴
397 1903 568 1949 dicitur
586 1922 807 1951 numeros
827 1915 1029 1962 secutus,
1045 1907 1218 1968 quibus
1237 1907 1377 1953 etiam
1399 1908 1446 1953 in
1467 1907 1678 1953 oratione
1695 1916 1796 1953 ute-

344 1987 371 2005 “
398 1988 538 2037 retur,
553 1988 655 2026 tum
678 1980 1010 2042 vjucunditatis
1027 2001 1204 2038 caussa,
1224 1992 1326 2029 tum
1348 1992 1400 2029 ut
1418 1983 1613 2029 varietas
1634 2001 1796 2029 occur-

343 2063 370 2081 “
397 2066 516 2102 reret
540 2057 758 2113 satietati,
776 2058 902 2120 quod
923 2060 981 2105 ab
1008 2059 1081 2105 his
1105 2077 1212 2105 vere
1236 2059 1428 2122 quidem
1454 2076 1510 2105 ex
1536 2069 1682 2122 parte,
1700 2077 1793 2105 non

284 2144 302 2172 3
345 2139 372 2157 “
398 2141 568 2187 totum,
588 2133 772 2180 dicitur.
808 2134 937 2180 Nam
963 2135 1011 2180 in
1038 2151 1092 2181 eo
1117 2153 1287 2198 genere
1311 2136 1532 2181 scientius
1557 2147 1791 2181 versatum

345 2215 372 2233 ‘⁶
398 2209 671 2265 Isocratem,
702 2210 1028 2257 confitendum
1066 2221 1162 2257 est:
1199 2212 1321 2258 Wsed
1359 2212 1576 2274 princeps
1612 2210 1794 2257 inveni-

346 2292 373 2309 “
399 2284 507 2330 endi
543 2284 632 2336 fuit
661 2286 1063 2349 Thrasymachus,
1089 2291 1222 2350 cujus
1257 2288 1418 2334 omnia
1453 2288 1594 2334 nimis
1629 2297 1794 2334 extant

346 2367 374 2384 “
400 2359 572 2422 scripta
597 2378 858 2408 numerose.
922 2362 1052 2409 Nam
1081 2366 1153 2423 (ut
1188 2364 1329 2426 paulo
1366 2374 1473 2410 ante
1508 2363 1627 2426 dixi)
1664 2363 1793 2427 paria

347 2442 374 2460 “
399 2435 590 2499 paribus
627 2436 861 2497 adjuncta,
886 2447 933 2484 et
961 2438 1177 2485 similiter
1211 2439 1420 2497 definita,
1457 2440 1571 2486 item
1608 2448 1793 2486 contra-

346 2519 373 2537 “
399 2511 478 2558 riis
512 2512 693 2574 prolata
716 2514 962 2569 contraria,
988 2532 1187 2577 quaeque
1223 2534 1306 2562 sua
1334 2527 1516 2580 sponte,
1542 2517 1579 2563 si
1615 2516 1659 2562 id
1698 2533 1793 2561 non

399 2701 417 2721 o
439 2693 796 2730 Victorinus—dicit
814 2707 889 2730 om.
911 2696 1006 2732 Ven.
1118 2704 1136 2731 P
1156 2705 1211 2733 est
1225 2699 1287 2745 ex]
1311 2707 1367 2735 est
1387 2712 1460 2735 om.
1482 2699 1579 2736 Ven.
1671 2705 1691 2733 q
1710 2711 1791 2735 ora-

345 2748 452 2794 toris]
476 2747 645 2783 oratoriis
665 2747 761 2783 Ven.
782 2747 869 2784 Ald.
997 2757 1011 2776 Γ
1030 2749 1136 2796 item]
1160 2749 1255 2787 idern
1278 2751 1362 2787 Ald.
1500 2759 1514 2778 Ξ
1535 2753 1792 2788 Item-com-

345 2800 530 2849 positione
549 2800 601 2836 sic
620 2813 694 2836 om.
714 2801 809 2837 Ven.
919 2802 934 2828 t
954 2801 1103 2850 Cicero]
1129 2804 1232 2839 Orat.
1253 2817 1285 2841 c.
1308 2816 1369 2853 52.
1496 2811 1518 2831 ¹1
1537 2803 1697 2840 maxime
1716 2817 1792 2840 om.

345 2855 444 2890 Ven.
563 2861 582 2879 v
596 2853 858 2903 jucunditatis]
876 2856 1121 2904 jocunditatis
1143 2858 1237 2893 Ven.
1361 2865 1390 2883 w
1409 2857 1472 2894 sed
1494 2871 1568 2894 om.
1591 2858 1682 2894 Ven.
1705 2869 1791 2894 curn

343 2907 488 2943 lacuna.
