1962 3355
323 236 419 272 220
831 225 992 272 &larii
1019 226 1266 273 Victorini
1583 240 1679 270 ΜΒ.
1705 240 1774 271 lv.

322 346 616 410 provehunt3
653 346 717 392 ita
741 363 842 392 esse
872 356 1011 409 atque
1044 347 1107 392 ita
1143 347 1303 393 haberi
1329 345 1468 391 docet
1502 363 1661 391 eorum
1696 361 1777 391 ex-

324 424 539 486 emplum
563 423 670 485 Yqui
706 423 821 468 sacri
855 423 1023 468 furoris
1060 423 1328 486 spiratione,
1363 431 1416 466 ut
1449 420 1672 475 diximus,
1698 438 1779 465 en-

325 500 620 546 thusiasmon
648 499 775 562 pleni
800 517 879 545 ore
911 499 1127 544 intonant
1151 498 1344 559 tragum,
1371 515 1460 543 nec
1494 505 1628 542 sonat
1653 514 1779 542 mor-

325 576 434 633 tale,
459 576 583 638 quod
611 585 801 621 canunt.
873 575 948 620 De
974 590 1174 635 quorum
1207 581 1365 618 mente
1391 590 1443 618 ac
1468 572 1781 618 similitudine

326 662 477 715 poetae
514 651 639 715 apud
675 668 776 705 nos,
801 650 929 695 velut
961 648 1127 693 eodem
1164 647 1317 693 calore
1354 647 1542 692 excitati
1576 647 1631 693 ad
1663 665 1780 710 pan-

1645 724 1781 769 Plato

328 802 469 848 etiam
509 802 647 863 hujus
683 801 746 846 rei
783 800 915 846 testis
948 809 1031 854 est,
1060 817 1265 845 asserens
1292 817 1553 862 numquam
1588 808 1779 863 poetam

329 896 515 924 carmen
564 895 700 940 posse
737 876 1045 923 memorabile
1086 876 1185 921 sine
1231 875 1458 921 instinctu
1500 876 1666 921 furoris
1714 874 1783 920 af-

328 954 460 999 ferre.
530 952 674 999 Unde
710 952 834 1014 apud
871 961 1049 997 veteres
1091 951 1305 1014 plerique
1345 960 1589 1013 poetarum
1630 960 1783 997 orato-

329 1046 530 1091 rumque
571 1028 627 1073 ad
666 1026 969 1073 excitandum
1013 1027 1217 1073 calorem
1260 1027 1404 1072 animi
1447 1029 1555 1073 vino
1598 1027 1784 1084 hausto,

329 1106 457 1151 velut
481 1104 719 1150 incentivo
743 1102 972 1166 torpentis
1009 1101 1056 1147 in
1088 1120 1135 1148 se
1159 1112 1352 1160 naturae,
1377 1121 1457 1149 seu
1485 1103 1678 1149 senioris
1714 1103 1786 1147 in-

331 1181 470 1245 genii,
495 1198 603 1227 cum
639 1179 685 1226 id
719 1179 806 1225 sibi
844 1178 1042 1242 pulchre
1074 1179 1346 1242 provenisse
1371 1189 1566 1243 experto
1595 1178 1785 1224 didicis-

331 1268 449 1315 sent,
468 1259 744 1321 scripturam
767 1255 993 1319 propositi
1014 1255 1165 1319 operis
1184 1255 1593 1318 adgrediebantur.
1629 1254 1785 1301 Testis

331 1335 471 1396 hujus
496 1334 559 1380 rei
585 1334 726 1379 etiam
758 1333 1002 1385 Horatius,
1029 1331 1153 1395 apud
1180 1349 1325 1393 quem
1351 1332 1602 1395 affigimus,

595 1409 853 1455 [Varratur
879 1415 923 1454 et
940 1408 1093 1470 prisci
1121 1406 1318 1453 Catonis

595 1486 732 1548 Soepe
755 1503 881 1531 mero
906 1485 1158 1531 incaluisse
1181 1484 1349 1530 virtus.

277 1581 311 1601 12
332 1562 436 1608 Nec
473 1562 629 1607 minus
665 1563 908 1624 voluptate
949 1561 996 1605 in
1035 1577 1175 1622 opere
1215 1559 1394 1604 musico
1428 1558 1649 1604 alacriora
1685 1557 1789 1604 red-

823 1637 952 1690 Quid
994 1637 1118 1681 enim
1164 1635 1382 1680 relaxatis
1425 1636 1483 1681 ab
1522 1653 1576 1681 ea
1616 1634 1789 1680 nostris

334 1716 546 1761 sensibus
571 1732 714 1776 quam
741 1731 906 1760 canere
941 1712 1069 1758 cordi
1101 1710 1206 1757 est?
1246 1711 1320 1757 Ira
1344 1712 1485 1757 etiam
1524 1710 1785 1775 plurimum

331 1791 551 1854 ponderis
578 1791 624 1835 in
650 1790 750 1835 liaec
777 1789 930 1835 studia
951 1788 1163 1834 sensibus
1188 1787 1357 1832 nostris
1383 1787 1528 1842 dabit,
1552 1785 1790 1832 bexcitato

333 1866 459 1912 enirn
487 1865 673 1911 cardore
699 1865 901 1911 stimulis
939 1864 1033 1910 suis
1071 1863 1128 1909 ad
1154 1864 1355 1909 calorem
1383 1862 1560 1926 ingenii
1597 1879 1790 1925 praeser-

277 1961 312 1990 13
332 1942 435 1998 tim,
461 1951 679 2004 suscepto
705 1941 856 2005 operis
884 1940 1129 2002 facilisque
1167 1939 1421 2003 praestabit.
1493 1939 1626 1985 Hinc
1650 1937 1791 1984 credo

272 727 479 790 ugenda
525 727 747 782 carmina,
791 736 920 771 vates
974 723 1192 786 appellati
1249 724 1574 786 perhibentur.

332 1639 509 1685 duntur
550 1639 751 1701 ingenia.

387 2091 406 2118 ἲ
425 2083 503 2132 qui]
527 2083 626 2131 quod
647 2083 688 2119 P.

800 2089 818 2108 a
837 2082 1013 2132 legimus]
1040 2081 1209 2132 legimus,
1232 2089 1274 2117 ut
1295 2082 1333 2118 P.

334 2145 431 2172 tatos
452 2136 495 2172 P.

608 2142 624 2161 ⁰
644 2135 790 2182 ardore]
813 2135 942 2171 ardore
964 2143 1020 2171 est
1040 2135 1079 2170 P.

1449 2079 1469 2107 b
1490 2080 1668 2128 excitato]
1692 2081 1791 2117 exci-

394 2261 452 2284 10.
491 2247 674 2296 pleniore]
711 2246 942 2283 Camerarius
981 2246 1034 2282 le-

337 2302 500 2351 gendum
541 2299 758 2348 suspicatur,
797 2301 879 2334 duni
928 2301 1034 2346 pleno

338 2367 398 2389 ore
414 2355 580 2388 intonant
598 2354 749 2399 tragica.
799 2351 898 2391 Quid
927 2353 956 2387 si
983 2351 1036 2386 le-

338 2407 429 2455 gas?
490 2407 584 2441 sacri
635 2406 782 2452 furoris
841 2406 1036 2452 spiratione

342 2461 459 2506 (quern
516 2460 668 2493 diximus
737 2458 1032 2502 enthusiasmum)

335 2514 448 2559 pleni,
470 2524 529 2546 ore
559 2513 724 2546 intonant
753 2513 902 2557 tragico.
961 2510 1035 2545 Hie

340 2573 439 2601 certe
472 2567 696 2608 στοχάζεσθαι
726 2563 892 2599 liberum.
944 2561 1036 2598 Vide

340 2618 536 2653 Platonem
560 2616 595 2651 in
618 2616 788 2651 Phaedro.
820 2616 993 2651 COMM.

400 2682 458 2706 11.
500 2669 626 2715 Plato]
676 2670 800 2704 Notus
847 2668 948 2704 locus
993 2668 1037 2704 de

341 2721 506 2759 Platonis
535 2721 689 2757 Phaedro
724 2722 776 2769 [p.
801 2731 871 2768 245
894 2721 958 2767 A.]
980 2720 1039 2762 Ὃς

341 2779 366 2812 δ’
388 2775 427 2811 ἂν
445 2776 518 2810 ἄνευ
538 2778 656 2821 μανίας
684 2779 818 2809 Μουσῶν
838 2776 888 2809 ἐπὶ
916 2789 1038 2817 ποιητι-

341 2831 402 2869 κὰς
429 2831 522 2875 θύρας
549 2830 721 2875 ἀφίκηται,
743 2828 882 2868 πεισθεὶς
910 2830 948 2867 ὣς
974 2826 1039 2873 ἄρα

341 2886 376 2917 ἐκ
398 2884 509 2927 τέχνης
528 2881 629 2921 ἱκανὸς
643 2880 768 2923 ποιητὴς
786 2880 941 2924 ἐσόμενος,
959 2883 1037 2914 ἀτε-

341 2936 397 2978 λὴς
424 2934 518 2974 αὐτός
545 2949 582 2968 τε
615 2934 670 2969 καὶ
703 2933 721 2976 ἦ
750 2935 870 2976 ποίησις
902 2933 956 2967 ἐπὶ
984 2934 1039 2975 τῆς

1089 2251 1151 2281 τῖίνν
1181 2246 1374 2290 μαινομένων
1416 2246 1433 2288 ἢ
1474 2251 1528 2280 τοῦ
1566 2251 1794 2295 σωφρονοῦντος

1089 2300 1263 2347 ἠφανίσθη.
1295 2297 1494 2333 CAMER.

1151 2362 1207 2386 12.
1243 2355 1401 2397 suscepto
1433 2353 1546 2397 operis
1569 2351 1786 2399 facilisque]

1092 2404 1236 2439 Locum
1268 2416 1348 2438 esse
1381 2404 1600 2439 mendosum
1633 2412 1669 2439 et
1703 2405 1792 2453 quid

1090 2458 1200 2492 etiam
1232 2455 1515 2504 intelligendum
1547 2456 1594 2492 sit
1624 2466 1789 2506 apparet.

1092 2509 1193 2545 Dicit
1214 2509 1310 2544 enim
1334 2517 1504 2557 praestare
1530 2510 1623 2545 iram
1654 2510 1792 2546 alacres

1092 2570 1129 2598 et
1168 2561 1290 2597 faciles
1327 2563 1488 2598 excitato
1520 2563 1649 2599 ardore
1677 2563 1792 2599 animi

1094 2614 1252 2650 maxime
1273 2614 1393 2650 calore
1422 2614 1558 2664 ingenii
1579 2616 1790 2659 accedente,

1093 2669 1164 2703 hoc
1189 2675 1256 2708 est,
1280 2667 1309 2702 si
1335 2667 1437 2716 prius
1466 2669 1588 2717 aliqua
1611 2668 1658 2704 sit
1684 2677 1792 2704 natu-

1094 2734 1142 2756 rae
1160 2720 1403 2756 vehementia.
1457 2721 1644 2757 Musicam
1666 2731 1792 2758 autern

1095 2787 1220 2809 amore
1252 2773 1388 2814 doceri,
1423 2774 1614 2822 proverbio
1644 2786 1793 2823 quoque

1094 2826 1210 2862 fertur
1239 2834 1275 2861 et
1303 2835 1556 2862 memorantur
1576 2839 1698 2864 versus
1718 2827 1792 2863 duo

1093 2880 1139 2915 de
1172 2878 1358 2927 poematio
1389 2880 1550 2927 quodam
1589 2879 1708 2916 Niciae
1746 2880 1791 2915 ad

1093 2932 1333 2968 Theocritum
1356 2931 1414 2967 hi:
1445 2930 1480 2976 ἦν
1505 2933 1554 2981 ἄρ’
1574 2933 1692 2977 ἀληθὲς
1720 2938 1791 2969 τοῖ-
