1962 3355
133 209 238 241 CAP.
259 205 302 240 2.
576 192 660 237 De
684 190 947 253 Dactylico
973 197 1135 237 metro.
1520 200 1579 250 93

132 313 347 360 medidit:
383 312 618 358 trochaeus
644 328 753 357 vero
782 329 806 358 a
844 312 983 374 longa
1015 310 1198 374 incipit.
1268 309 1371 356 Nos
1408 320 1618 367 autem‚5

131 400 183 435 ut
207 389 388 435 dictum
415 396 499 443 est,
525 387 727 451 principi
765 396 1022 433 metrorum
1050 386 1267 432 omnium
1304 385 1464 442 heroo,
1489 386 1585 432 sive

133 465 322 528 Pythio,
346 464 624 519 deferentes,
648 481 742 508 non
778 461 978 508 absurde
1014 480 1039 507 a
1074 461 1310 524 dactylico
1342 461 1587 524 auspican-

131 540 246 586 dum
273 557 373 585 esse
398 539 682 586 censuimus.
756 539 910 602 Igitur
943 546 1214 601 prototypa,
1238 536 1283 582 id
1310 545 1395 594 est,
1423 536 1588 600 primi-

132 615 301 662 formia
326 632 498 660 novem
524 625 688 669 metra,
714 631 915 677 quorum
949 622 995 660 et
1030 613 1078 659 in
1114 613 1269 677 primo
1293 612 1587 658 mentionem
1605 624 1624 655 6

132 691 346 748 fecimus,
372 700 481 736 sunt
507 690 633 736 haec:
669 708 695 736 e
724 691 896 753 quibus
933 690 1139 753 primum
1178 688 1485 752 dactylicum,
1511 688 1590 734 de-

135 765 244 812 hinc
278 765 630 829 anapaesticum,
666 774 774 829 post
810 766 1088 820 iambicum,
1120 773 1167 809 et
1202 763 1514 819 trochaicum,
1544 773 1591 809 et

132 842 526 898 choriambicum,
551 852 598 888 et
633 843 1009 906 antispasticum,
1045 841 1255 888 ionicum
1293 840 1369 887 ἀπὸ
1403 839 1590 901 μείζονος,

133 918 340 964 ionicum
367 917 441 964 ἀπὸ
468 919 695 973 ἐλάσσονος,
720 928 768 965 et
793 919 1075 983 paeonicum.
1137 917 1267 963 Nam
1295 917 1590 980 nproceleus-

134 995 380 1048 maticum,
406 995 611 1058 speciem
645 1012 813 1041 novem
850 994 1117 1058 prototypis
1153 992 1387 1039 decimam
1422 992 1624 1045 ⁰adso-7

134 1070 348 1116 ciandam
377 1088 476 1116 esse
501 1070 691 1132 quidam
721 1079 907 1134 putant,
930 1070 988 1115 de
1008 1087 1103 1132 quo
1129 1086 1214 1115 suo
1239 1069 1356 1115 loco.
1406 1069 1591 1115 Placuit

133 1146 293 1208 itaque
318 1146 409 1192 hoc
434 1146 526 1192 situ
552 1146 727 1192 ordinis
753 1146 809 1192 ad
847 1144 1183 1191 illuminandas
1208 1162 1368 1190 eorum
1396 1144 1518 1190 inter
1542 1162 1590 1190 se
1608 1162 1627 1192 8

133 1221 488 1267 Paltercationes
525 1240 578 1268 ac
614 1232 806 1268 mutuas
842 1221 1200 1267 aemulationum
1228 1219 1591 1277 vicissitudines,

133 1299 268 1360 (quas
289 1315 372 1361 per
390 1298 672 1344 contrariam
692 1306 870 1344 naturae
890 1297 1175 1360 positionem
1197 1296 1370 1342 habere
1389 1313 1592 1343 noscun-

131 1376 244 1433 tur,)
267 1372 429 1419 eadem
458 1373 525 1420 sic
549 1373 776 1438 digerere,
800 1382 854 1419 ut
878 1372 1126 1435 dactylicis
1153 1371 1448 1435 anapaestica,
1474 1371 1593 1417 iam-

132 1449 248 1496 bicis
273 1449 528 1506 trochaica,
548 1460 595 1497 et
620 1462 788 1507 cetera,
815 1458 866 1496 ut
902 1449 1044 1512 paulo
1075 1457 1183 1494 ante
1220 1447 1512 1505 induximus,
1538 1456 1592 1494 qe

131 1524 316 1572 diverso
353 1526 607 1589 proposita,
633 1544 728 1589 quo
761 1527 939 1573 distent
976 1544 1029 1572 ac
1066 1525 1282 1572 differant
1319 1525 1414 1571 sive
1450 1542 1593 1588 copu-

132 1601 288 1647 lentur
311 1611 358 1648 et
381 1612 646 1666 congruant
675 1603 775 1667 ipsa
802 1603 922 1649 inter
954 1619 1001 1648 se
1032 1601 1386 1665 comparatione
1421 1618 1592 1664 propo-

133 1677 236 1733 sita,
261 1695 356 1723 non
394 1679 547 1724 solum
584 1679 761 1742 ingenii
799 1677 905 1724 rsed
934 1679 1181 1725 oculorum
1206 1677 1352 1725 veluti
1378 1685 1592 1724 contem-

131 1753 340 1816 platione
363 1764 602 1818 percepta,
622 1755 671 1801 in
697 1763 922 1819 promptu
949 1772 1003 1801 ac
1026 1755 1277 1818 propatulo
1304 1754 1578 1800 habeantur.

409 1885 542 1937 CAP.
573 1885 649 1936 II.
715 1886 800 1938 De
828 1886 1106 1955 Dactylico
1132 1895 1314 1938 metro.

200 1984 354 2047 Igitur
389 1984 675 2048 dactylicum
720 1985 1050 2031 hexametrum
1093 1994 1279 2032 constat
1313 2002 1338 2031 e
1379 1984 1591 2049 spondeo

133 2060 340 2107 trochaeo
381 2070 428 2106 et
467 2060 633 2107 eodem
675 2061 891 2123 dactylo:
929 2061 1072 2107 habet
1114 2071 1271 2108 autem
1317 2061 1449 2108 sedes
1492 2079 1590 2118 sex,

134 2154 249 2198 quas
273 2136 585 2183 Aristoxenus
612 2137 821 2183 musicus
846 2136 979 2200 χώρας
1002 2147 1154 2184 vocat.
1214 2137 1406 2201 Recipit
1431 2146 1590 2184 autem

132 2212 322 2276 pedales
359 2214 531 2276 figuras
568 2223 675 2269 tres,
705 2213 789 2258 has
816 2213 970 2259 Graeci
1008 2213 1174 2260 dicunt
1208 2214 1350 2260 ποὸικᾶ
1375 2215 1590 2275 σχήματα.

132 2289 261 2336 Nam
296 2300 377 2336 aut
406 2291 452 2337 in
491 2309 572 2338 sex
609 2300 764 2355 partes
794 2291 1020 2339 dividitur
1041 2310 1125 2357 per
1149 2292 1487 2357 monopodian,
1511 2301 1591 2339 aut
1613 2321 1628 2342 2

186 2434 217 2452 m
236 2427 361 2463 aedidit
378 2442 385 2463 :
417 2428 636 2475 Trochaeus]
660 2428 798 2465 edidit:
831 2431 1003 2467 trocheus
1024 2431 1064 2466 P.
1156 2438 1176 2456 n
1195 2429 1587 2476 Proceleusmaticum]

133 2480 486 2529 proceleumaticum
508 2482 547 2517 P.
672 2489 690 2508 0
710 2482 983 2530 associandum]
1005 2483 1268 2520 adsociandam
1291 2485 1329 2520 P.
1458 2491 1477 2518 Ρ
1497 2483 1589 2519 alte-

133 2534 313 2580 rationes]
337 2533 596 2578 altercationes
617 2536 656 2571 P.
812 2543 832 2570 q
852 2549 872 2572 a
891 2536 1050 2584 diverso]
1073 2549 1094 2573 e
1112 2536 1255 2573 diverso
1276 2538 1318 2574 Ρ.
1470 2544 1485 2562 ¹·
1504 2536 1588 2583 sed]

132 2595 187 2623 set
209 2587 248 2622 P.

188 2690 222 2725 8.
262 2689 515 2739 alterationes]
565 2690 830 2728 alternationes
885 2691 986 2728 enirn
1009 2699 1098 2728 nota
1117 2704 1197 2728 esse
1225 2705 1361 2742 genera
1386 2700 1588 2728 metrorum

134 2742 288 2779 Santen.
309 2744 395 2779 Ter.
416 2744 539 2779 Maur.
561 2757 596 2793 p.
619 2756 704 2792 152.
887 2745 1018 2781 ordine
1065 2753 1104 2781 et
1141 2744 1388 2781 collocatione
1430 2744 1587 2793 quadam

186 2796 236 2831 ib.
264 2808 335 2831 non
353 2798 467 2832 solum
489 2799 639 2844 ingeniis
658 2802 692 2832 et
712 2799 831 2833 oculo·
889 2805 1065 2847 tanquam
1114 2797 1402 2848 perscriptorum
1448 2796 1484 2833 in
1531 2804 1586 2832 ta-

134 2861 212 2883 rum.
238 2850 366 2897 veluti]
400 2850 503 2899 Lege
532 2862 602 2885 non
629 2852 745 2886 solam
776 2853 830 2886 ιἠ-
890 2851 996 2888 bella.
1028 2852 1225 2888 CAMER.

133 2903 230 2948 genii
257 2904 317 2939 sed
347 2904 532 2939 oculorum
557 2905 693 2939 virtuti.
742 2904 834 2940 Vult
