1962 3355
305 332 324 359 9

344 198 404 248 74
854 192 1014 240 Marii
1042 192 1284 241 Victorini
1646 209 1743 239 Lm.
1763 209 1794 240 1.

608 312 771 360 ¹Endo
794 331 882 360 sua
908 316 965 362 do
984 335 998 362 .-

345 387 388 432 id
417 397 500 444 est,
526 388 573 433 in
599 407 682 436 sua
706 389 863 436 domo.
923 391 1063 447 Item,

608 474 640 494 ¹¹¹
652 464 912 530 Acfamztl
933 466 1126 531 infimus
1151 475 1285 525 esset,

347 559 430 605 pro
455 541 648 588 famulo.
719 543 960 599 Similiter,

478 620 664 666 Proras
690 629 709 648 ¹¹
720 620 968 666 detondete
993 627 1037 666 et
1063 620 1324 682 despoliate
1345 620 1593 684 guberna.-

347 695 390 740 id
417 706 503 752 est,
529 696 874 759 gubernacula:
914 695 1036 742 sicut
1071 696 1307 742 ⁰diximus
1344 697 1480 742 metri
1507 697 1799 743 necessitate.

345 771 519 818 Versus
547 782 704 817 autem
731 771 872 817 distat
898 790 922 818 a
947 782 1115 829 metro,
1141 773 1267 835 quod
1294 773 1341 819 in
1367 790 1502 819 versu
1537 774 1693 819 statim
1722 791 1802 819 au-

344 848 471 894 ditur
495 859 540 894 et
566 858 787 903 metrum,
812 847 858 892 in
887 858 1036 894 metro
1063 858 1218 894 autem
1247 867 1338 895 non
1367 855 1523 895 statim
1552 867 1726 895 versus.

713 989 847 1040 CAP.
879 989 998 1040 XV.
1067 991 1148 1042 De
1176 992 1425 1042 pPoetice.

412 1078 505 1130 Qui
544 1094 702 1122 versus
739 1077 866 1133 facit,
907 1077 1043 1139 (Ιπαρὰ
1079 1076 1124 1123 τὸ
1164 1085 1283 1124 ποιεῖν
1320 1077 1474 1124 dictus
1516 1086 1588 1123 est
1624 1079 1803 1134 ποιητὴς,

346 1154 517 1200 Latina
551 1153 710 1215 lingua
748 1159 908 1199 ¹'vates
940 1152 1127 1210 dicitur,
1152 1153 1278 1216 quod
1315 1155 1455 1201 verba
1481 1154 1802 1201 modulatione

346 1241 635 1278 Sconnectat.
701 1231 848 1278 Viere
885 1231 1010 1277 enim
1049 1241 1327 1277 connectere
1363 1240 1454 1285 est;
1494 1231 1618 1277 unde
1645 1231 1800 1277 vimen

347 1309 524 1355 dictum
545 1307 734 1371 virgulti
765 1308 956 1371 species,
972 1316 1019 1352 et
1038 1307 1119 1353 viti
1142 1307 1188 1352 in
1215 1308 1342 1353 rotis.
1395 1308 1609 1354 tPoetice
1635 1318 1706 1354 est
1731 1326 1801 1354 ars

347 1386 468 1449 ipsa:
497 1402 603 1430 nam
631 1383 784 1447 poesis
810 1394 856 1430 et
881 1402 1050 1447 poema
1070 1384 1261 1441 distant,
1280 1403 1336 1431 eo
1360 1385 1484 1447 quod
1506 1403 1676 1448 poema
1701 1394 1804 1430 tan-

347 1463 598 1508 tummodo
619 1459 853 1506 clauditur
877 1461 1102 1515 carmine,
1122 1470 1172 1507 ut
1199 1462 1429 1524 tragoedia
1444 1462 1514 1507 vel
1535 1461 1802 1524 rhapsodia,

349 1537 501 1600 poesis
528 1547 686 1582 autem
713 1554 770 1582 ex
798 1537 1027 1599 pluribus,
1046 1536 1090 1582 id
1111 1548 1195 1593 est,
1212 1555 1380 1601 corpus
1406 1538 1559 1600 operis
1585 1536 1803 1594 confecti,

348 1624 400 1660 ut
424 1614 533 1660 Ilias
562 1613 781 1668 Homeri,
807 1622 853 1659 et
870 1613 1038 1658 AEneis
1059 1613 1286 1676 vVirgilii.
1336 1614 1615 1658 Poematum
1643 1621 1801 1659 autem

348 1708 426 1735 seu
450 1690 715 1736 carminum
740 1690 918 1753 species
940 1698 1049 1734 sunt
1067 1698 1158 1734 tres
1176 1708 1184 1734 :
1215 1689 1302 1735 alia
1319 1689 1447 1735 enim
1466 1689 1679 1735 aGraecis
1699 1690 1804 1735 κατὰ

349 1767 504 1827 στίχον,
521 1766 609 1812 alia
628 1768 970 1826 ’Υσυστηματικᾲ
987 1766 1076 1812 alia
1100 1766 1227 1826 μικτὰ
1245 1765 1480 1820 dicuntur,
1505 1774 1635 1827 Xquae
1660 1765 1803 1811 etiam

347 1844 592 1903 ἀμετάβολα
628 1851 674 1887 et
708 1844 981 1901 μεταβολικά.
1054 1841 1207 1904 Igitur
1241 1843 1346 1887 κατὰ
1377 1842 1515 1903 στίχον
1551 1852 1675 1896 sunt,
1700 1859 1804 1904 quae

347 1919 512 1964 codem
543 1927 693 1963 metro
718 1927 951 1972 constant,
981 1927 1033 1963 ut
1065 1928 1271 1963 metrum
1298 1918 1486 1981 epicum
1516 1918 1734 1972 Homeri,
1759 1926 1807 1962 et

351 1995 563 2041 Maronis
591 1994 765 2040 nostri:
802 1993 873 2038 vel
911 1993 1067 2055 yquod
1098 2011 1157 2039 ex
1189 1993 1413 2039 trimetris
1443 2003 1490 2039 et
1519 1993 1804 2040 tetrametris

348 2071 584 2116 continuis
606 2069 832 2123 subsistit,
857 2079 936 2115 aut
969 2069 1100 2126 colis,
1128 2078 1208 2115 aut
1240 2070 1559 2115 commatibus
1592 2069 1802 2130 ejusdem

351 2147 502 2192 metri.
557 2146 872 2209 Systematica
898 2156 1055 2192 autem
1080 2163 1183 2207 quae
1203 2162 1260 2191 ex
1286 2145 1503 2208 plurimis
1532 2145 1707 2201 metris,
1725 2162 1807 2190 ne—

351 2241 445 2284 que
469 2240 527 2268 ex
565 2239 660 2268 uno
685 2238 816 2267 versu
851 2230 930 2267 aut
960 2221 1127 2266 eodem
1156 2221 1258 2267 colo
1285 2221 1355 2266 vel
1383 2230 1621 2267 commate
1656 2222 1806 2267 conti-

406 2376 414 2402 1
436 2377 566 2425 Endo]
592 2376 681 2412 indo
702 2377 740 2411 P.
882 2382 912 2401 m
934 2375 1010 2422 Ac]
1036 2388 1055 2411 a
1074 2376 1114 2411 P.
1262 2382 1281 2400 n
1303 2376 1504 2412 detondete
1523 2384 1561 2412 et
1581 2376 1802 2425 despoliate]

352 2429 540 2467 detendite
561 2438 598 2465 et
618 2428 772 2478 spoliate
794 2429 834 2465 P.
933 2436 951 2454 0
973 2428 1079 2464 metri
1102 2428 1320 2465 necessitate
1341 2428 1518 2477 diximus]
1544 2429 1703 2466 diximus
1725 2443 1804 2466 ine-

354 2484 398 2520 tri
420 2482 638 2519 necessitate
659 2483 700 2518 P.
823 2489 842 2516 P
863 2481 1028 2529 Poetica]
1054 2482 1205 2517 Poetice
1226 2482 1264 2517 P.
1395 2489 1414 2516 q
1433 2486 1522 2529 παρὰ
1541 2483 1593 2529 τὸ]
1617 2484 1654 2518 τὸ
1674 2496 1747 2519 oin.
1766 2484 1804 2518 P.

355 2545 369 2563 r
390 2545 502 2577 vates,
523 2536 640 2585 quod]
669 2543 767 2570 vates
787 2534 921 2571 dicitur
940 2534 1001 2583 qui
1025 2536 1063 2570 P.
1229 2541 1243 2559 s
1268 2537 1487 2583 connectat]
1512 2544 1685 2572 conectat
1707 2537 1746 2572 P.
1769 2544 1807 2572 et

355 2602 454 2625 mox.
584 2589 598 2614 t
619 2587 782 2637 poetica]
807 2589 954 2624 Poetice
975 2588 1013 2623 P.
1134 2594 1153 2612 V
1174 2586 1335 2636 Virgilii]
1360 2588 1513 2638 Vergilii
1535 2589 1573 2624 P.
1697 2596 1725 2614 W
1745 2606 1804 2624 συ-

352 2643 564 2688 στήμειτικὰ]
587 2643 816 2687 σιστηματικὰ
838 2642 876 2676 Ρ.
1023 2647 1042 2666 Χ
1063 2640 1278 2688 quod—ac]
1302 2650 1468 2689 que—et
1490 2643 1530 2677 P.
1669 2649 1687 2676 y
1707 2643 1805 2691 quod

354 2710 396 2732 ex
419 2694 594 2732 trimetris
614 2695 673 2741 ac]
699 2706 770 2743 que
790 2706 830 2729 ex
852 2693 1028 2729 trimetris
1047 2702 1085 2729 et
1107 2694 1145 2728 P.

409 2824 444 2857 9.
478 2809 587 2845 Endo
617 2820 683 2843 sua
711 2807 777 2854 do]
814 2807 869 2842 Ad
902 2808 1050 2843 Graeco-
1107 2809 1179 2848 Διὶς
1206 2809 1277 2842 ποτὶ
1301 2808 1512 2853 χαλκοβατὲς
1541 2811 1592 2851 δῶ,
1622 2816 1660 2844 et
1688 2807 1806 2850 Arati,

356 2878 436 2899 rum
467 2861 749 2897 similitudinem
783 2861 859 2896 haec
884 2860 981 2896 facta
999 2860 1051 2895 Vi·
1108 2864 1149 2901 εἷς
1181 2860 1295 2906 ἄνεμον
1329 2861 1361 2896 δὲ
1394 2864 1439 2896 τὰ
1470 2863 1554 2905 πηδὲι
1588 2862 1808 2909 κυβερνητῆρες

355 2918 502 2959 dentur,
537 2913 659 2964 qualia
695 2921 782 2949 sunt
819 2913 917 2963 apud
956 2912 1050 2955 illos,
1107 2912 1217 2959 ἔχοιεν.
1249 2914 1446 2950 CAMER.
