1962 3355
144 205 249 238 cAP.
265 200 345 238 34.
560 191 644 236 De
666 205 887 237 versuum
910 185 1180 251 generibus.
1496 188 1588 238 493

209 310 570 358 Archilochium
598 308 724 356 aliud
750 308 799 354 in
825 305 1028 354 Horatio
1053 305 1145 351 tale
1169 311 1255 359 est,
1612 317 1652 349 27

313 388 506 429 Scribere
526 387 748 428 versiculos
768 398 907 426 amore
927 392 1195 440 qpercussum
1210 379 1358 436 gravi.

145 460 266 506 Satis
294 469 488 525 apparet
510 460 713 525 priorem
744 468 925 523 partem
963 455 1225 503 hexametri
1259 469 1373 506 esse,
1399 448 1596 515 posteri-

145 554 272 583 orem
302 555 359 583 ex
386 537 606 583 iambico.
674 536 803 583 Nam
831 533 962 592 illud,

374 614 566 654 Scribere
587 612 823 662 versiculos,

145 686 264 731 ''talc
290 695 376 744 est,
401 686 554 748 quale,

374 759 508 802 Arma
529 763 746 818 virumque
764 775 879 801 cano.

148 833 274 881 Illud
302 843 459 881 autem
487 834 613 898 quod
640 844 724 892 est,

375 911 526 951 Amore
542 925 785 967 percussam
800 911 952 966 gravi,

148 984 241 1029 tale
264 992 350 1041 est,
376 984 530 1046 quale,

318 1062 397 1101 SUt
408 1062 556 1116 prisca
570 1074 680 1117 geres
701 1061 952 1101 mortalium.

148 1135 225 1181 De
253 1135 343 1180 hoc
368 1152 507 1197 supra
532 1134 729 1180 dictum.

217 1211 574 1258 SSArchilochus
597 1212 663 1258 ita
689 1219 837 1257 metra
861 1209 1120 1266 commouit,
1145 1224 1198 1255 ut
1222 1216 1268 1254 et
1292 1206 1499 1254 iambico
1523 1204 1602 1251 de·
1623 1219 1663 1249 28

150 1289 356 1335 traheret
383 1288 629 1350 syllabam,
655 1299 701 1333 et
724 1288 898 1334 faceret
931 1303 1116 1332 versum
1144 1288 1303 1340 talem,

377 1364 579 1419 <Iuppiter
598 1364 748 1404 salutis
768 1364 926 1404 arbiter
947 1377 1060 1404 mccc.

150 1437 302 1484 tNam
330 1438 366 1483 si
393 1437 536 1493 dicas,

382 1515 418 1554 O
437 1514 639 1570 Juppz’ter
658 1514 810 1555 salutis
830 1513 989 1554 arbiter
1011 1526 1108 1552 meae
1121 1529 1135 1558 ,-

151 1586 238 1632 crit
262 1585 494 1633 iambicus
519 1588 704 1651 plenus.

217 1663 564 1727 Anapaesticus‚
584 1664 692 1727 uni
714 1682 772 1710 ex
792 1663 992 1728 pedibus
1011 1662 1258 1727 anapaestis
1283 1669 1484 1715 constat,
1500 1658 1606 1706 talis
1626 1677 1666 1709 29

153 1747 223 1784 cst
247 1739 295 1784 in
322 1740 512 1795 Sereno,

231 1826 337 1866 Cede
358 1827 506 1867 testula
526 1828 679 1877 Wtrita‚
696 1827 759 1867 3οΖ
775 1828 957 1867 occurrit
977 1827 1050 1867 tibi
1067 1840 1146 1882 per
1166 1819 1375 1881 speculam
1390 1824 1577 1879 Panope.

155 1909 254 1956 Hic
277 1910 472 1973 xrecipit
503 1910 644 1974 pedes
671 1910 742 1956 sui
779 1911 979 1974 generiS‚
1005 1910 1063 1958 de
1087 1920 1210 1973 Yqua
1241 1928 1289 1956 re
1323 1927 1464 1973 supra
1487 1909 1609 1956 dixi-

155 2003 277 2032 mus.
347 1986 629 2051 Anapaestus
671 1996 829 2034 autem
875 1989 944 2044 fit,
980 2005 1040 2034 ex
1077 1987 1261 2034 duabus
1304 1986 1523 2033 brevibus
1562 1994 1609 2032 et

155 2062 311 2125 longa.

219 2140 578 2204 Anapaesticum
603 2140 874 2187 Zeboricum
902 2140 1132 2187 habemus
1158 2141 1208 2187 in
1233 2140 1459 2197 aSeneca,
1630 2159 1670 2189 30

383 2229 540 2269 Audax
559 2229 736 2269 nimi-um
755 2230 826 2284 qui
828 2230 958 2284 freta
974 2230 1156 2284 primus.

211 2438 231 2464 q
252 2430 478 2477 perculsum]
505 2444 711 2478 percussum
729 2432 825 2468 A.B.
846 2432 940 2467 Ven.
1159 2438 1175 2457 r
1195 2438 1251 2467 est
1271 2432 1362 2479 tale]
1399 2433 1471 2468 tale
1497 2437 1547 2468 est
1567 2433 1610 2468 A.

158 2491 172 2509 S
194 2482 250 2528 ut]
274 2483 317 2517 (Ie
335 2483 434 2519 Ven.
599 2490 632 2510 ss
654 2484 898 2521 Archilochus
918 2493 956 2521 et
975 2484 1027 2521 ita
1053 2491 1170 2521 metra
1197 2485 1360 2522 confecit
1387 2493 1426 2521 ut
1452 2484 1611 2522 iambico

158 2534 369 2572 detraheret
389 2550 416 2572 s.
433 2549 465 2572 e,
482 2537 526 2583 f.]
552 2538 789 2574 Archilochus
808 2541 859 2574 ita
880 2544 995 2574 metra
1016 2540 1191 2574 consecuit
1212 2544 1303 2575 utet
1322 2540 1473 2575 iambico
1490 2541 1612 2575 (letra-

160 2591 258 2626 heret
279 2588 466 2637 etfaceret
487 2590 577 2626 A.B.
600 2597 638 2626 et
659 2591 733 2627 fere
752 2592 849 2628 Ven.
1065 2591 1079 2618 t
1099 2593 1168 2628 erit
1188 2591 1368 2629 iambicus
1390 2592 1521 2642 plenus
1541 2593 1612 2628 hoc

160 2642 287 2683 modo,
309 2643 344 2677 O
364 2641 539 2691 Juppiter
564 2643 652 2688 etc.]
686 2645 821 2680 arbiter
848 2657 946 2681 meae.
977 2658 1060 2681 nam
1084 2647 1114 2681 si
1143 2647 1241 2681 dicas
1262 2659 1281 2681 0
1307 2647 1453 2693 Jupiter
1484 2646 1613 2680 salutis

159 2697 295 2732 arbiter
314 2708 398 2731 meae
418 2696 486 2731 erit
506 2697 676 2731 iambicus
691 2698 819 2744 plenas
837 2698 932 2734 A.B.
1082 2705 1101 2723 v
1122 2700 1319 2749 anapaestis
1339 2706 1488 2735 constat
1508 2697 1610 2746 pedi-

160 2750 246 2797 bus]
271 2762 313 2785 ex
326 2749 478 2796 pedibas
497 2751 670 2796 anapaesti
688 2755 828 2799 constat
845 2751 939 2786 A.B.
957 2753 1130 2798 anapoesti
1149 2766 1178 2788 c.
1195 2765 1233 2799 p.
1252 2753 1346 2788 Ven.
1442 2758 1471 2776 w
1490 2749 1607 2796 irrita]
1669 2798 1673 2799 ⁷

162 2805 250 2839 trita
264 2804 307 2838 A.
329 2803 461 2838 celtzcla
479 2803 565 2837 trita
585 2803 693 2838 solem
713 2808 833 2839 curret
850 2804 894 2839 Β.
917 2805 1006 2839 trita
1024 2806 1126 2840 solo:
1148 2818 1209 2840 cor
1224 2807 1266 2840 ia
1287 2806 1349 2840 tibi
1369 2805 1428 2840 Sc.
1513 2810 1533 2829 X
1555 2816 1610 2839 re-

161 2855 269 2905 cipit]
294 2857 424 2903 recepit
443 2856 486 2891 A.
508 2855 574 2891 hoc
593 2857 716 2903 recipit
736 2857 780 2892 B.
891 2863 911 2890 Y
930 2869 1003 2905 qua
1023 2856 1079 2904 re]
1104 2870 1143 2894 re
1162 2870 1237 2894 om.
1257 2859 1306 2894 Β.
1401 2863 1420 2883 2
1439 2855 1607 2902 carmen]

163 2910 342 2946 ehericum
361 2909 453 2946 A.B.
474 2910 625 2945 coruum
647 2909 740 2946 Ven.
851 2915 870 2936 a
890 2909 1068 2958 Horatio]
1093 2911 1229 2947 Seneca
1247 2911 1341 2947 A.B.
