1962 3355
318 216 411 254 248
881 207 1041 254 Marii
1066 207 1220 254 Plotia·

318 339 523 376 metrum
560 347 617 375 ex
655 329 875 376 brevibus
912 329 1134 375 omnibus
1171 337 1406 385 constans,
1441 337 1603 374 contra
1635 347 1776 393 spon-

317 405 548 452 deadeum
575 405 787 468 undique
823 406 1039 469 longum,
1065 404 1190 467 quod
1217 404 1453 467 dactylico
1478 405 1680 461 additur,
1709 424 1777 452 se-

316 500 424 529 cum
467 483 623 528 habet.
693 482 907 528 Ionicum
932 481 1106 544 duplex
1143 490 1243 533 est;
1280 490 1351 526 est
1374 481 1501 527 enim
1528 498 1558 527 a
1581 481 1776 545 majore,

317 563 410 604 test
435 568 480 604 et
506 575 535 604 α
559 558 754 604 minore.

279 657 299 688 6
384 635 464 680 Sic
489 652 601 698 ergo
627 643 776 680 metra
802 643 910 678 sunt
937 632 1171 696 generalia
1198 649 1255 678 ex
1281 646 1389 679 octo
1410 633 1646 691 undecim,
1670 633 1779 680 dac-

317 711 536 774 tylicum,
575 709 946 774 spondeadeum,
994 709 1347 772 anapaesticnm,
1395 710 1779 772 proceleusmati-

317 805 444 843 cum,
483 787 759 843 iambicum,
794 786 1108 842 trochaicum,
1143 786 1537 843 choriambicum,
1573 787 1779 850 antispa-

318 865 507 919 sticum,
547 863 831 926 paeonicum,
875 862 1082 908 ionicum
1133 862 1301 923 majus,
1349 863 1557 909 ionicum
1602 864 1776 910 minus.

281 958 296 990 7
318 939 632 1002 Dactyh‘czcm
658 947 862 984 metrum
889 938 1029 984 Vsolis
1057 938 1352 1002 simplicibus
1385 938 1625 985 scanditur
1648 938 1780 1002 pedi-

317 1017 418 1073 bus,
461 1015 667 1078 dactylo,
717 1014 944 1078 spondeo,
987 1015 1213 1072 trochaeo,
1259 1016 1337 1062 sed
1386 1016 1433 1062 in
1480 1016 1778 1062 Wnovissimo

316 1093 446 1145 locog
501 1091 716 1154 quamvis
762 1090 955 1153 quidam
997 1091 1257 1138 trochaeum
1307 1110 1394 1138 nec
1432 1093 1479 1138 in
1521 1092 1780 1138 novissima

315 1167 535 1231 dactylici
576 1167 711 1213 metri
750 1177 882 1230 parte
916 1167 1228 1224 Xconcedant,
1260 1169 1486 1230 quoniam
1521 1169 1778 1215 novissima

317 1245 498 1307 syllaba
525 1244 570 1289 in
597 1244 728 1289 omni
767 1253 918 1289 metro
945 1244 1212 1290 indifferens
1245 1254 1330 1300 est,
1357 1245 1437 1291 sed
1475 1245 1563 1291 hac
1595 1263 1678 1291 sua
1709 1263 1780 1291 ra-

279 1338 298 1368 8
317 1321 444 1366 tione
481 1329 651 1366 errant.
719 1320 828 1365 Alia
856 1329 1004 1366 metra
1028 1338 1136 1366 vero
1167 1339 1249 1384 per
1274 1321 1473 1382 συζυγίαν,
1499 1322 1569 1368 vel
1609 1320 1779 1367 διποδίαν

316 1396 651 1443 Yscanduntur.
714 1396 892 1457 Συζυγία
916 1395 1159 1460 disyllabis
1191 1397 1391 1461 pedibus
1418 1398 1599 1460 junctis
1628 1415 1776 1444 unum

316 1474 428 1520 facit
453 1473 623 1537 pedem
643 1491 653 1518 ε
681 1472 833 1519 ὃιποδία
852 1490 960 1519 vero
981 1474 1190 1536 quinque
1210 1475 1279 1520 vel
1303 1492 1385 1520 sex
1410 1475 1628 1538 Zsyllabis
1648 1492 1779 1522 com-

316 1550 484 1614 posita,
511 1548 710 1613 pedibus
736 1548 862 1594 unde
887 1558 1073 1595 constat
1097 1550 1335 1596 scanditur
1360 1550 1598 1613 separatis.

280 1647 299 1678 9
388 1625 655 1689 Praepositis
677 1626 837 1671 metris
864 1626 965 1672 haec
982 1625 1276 1672 considerare
1293 1626 1536 1683 debemus,
1561 1644 1617 1672 an
1638 1644 1778 1689 gene-

319 1703 433 1748 ralia
449 1702 557 1759 sint,
577 1711 628 1747 ut
644 1702 932 1765 dactylicum
944 1710 962 1729 a
974 1702 1045 1747 vel
1065 1701 1339 1759 iambicum,
1354 1721 1414 1749 an
1431 1703 1650 1767 specialia
1669 1703 1778 1760 sint,

319 1787 369 1825 ut
397 1778 638 1824 heroicum
667 1777 1095 1841 Hipponacticum.
1160 1778 1352 1825 Deinde
1377 1780 1691 1841 quantitatem
1719 1797 1778 1826 an

261 1875 299 1896 10
319 1854 593 1911 dimetrum,
637 1872 693 1899 an
741 1855 1026 1908 trimetrum,
1069 1872 1124 1900 an
1174 1864 1518 1901 tetrametrum.
1588 1854 1779 1902 Deinde

318 1934 550 1988 κατάληξιν,
590 1930 724 1992 cujus
762 1930 969 1994 bspecies
1007 1940 1117 1976 sunt
1152 1940 1390 1993 quattuor,
1432 1931 1780 1989 acatalecticus,

318 2017 450 2072 Cquae
477 2010 583 2055 finit
607 2026 714 2055 suos
742 2007 900 2072 pedes,
925 2008 997 2053 vel
1035 2025 1225 2054 suorum
1253 2007 1430 2071 pedum
1458 2017 1673 2072 tempora
1699 2008 1781 2054 ha-

320 2086 500 2142 bentes,
538 2094 590 2130 ut
627 2094 743 2148 puta
779 2083 1030 2146 ddactylici
1073 2084 1118 2130 in
1158 2083 1400 2147 dactylum
1442 2084 1512 2130 vel
1557 2084 1604 2129 in
1639 2101 1781 2148 spon-

319 2161 478 2218 deum,
503 2162 575 2207 vel
614 2161 818 2224 aliquem
845 2170 916 2206 tot
943 2161 1198 2206 habentem
1236 2169 1467 2224 tempora,
1492 2170 1608 2223 quot
1635 2160 1777 2206 etiam

320 2236 554 2300 dactylus,
578 2247 645 2294 ut,

437 2314 789 2369 Quadrupedante
805 2319 969 2368 putrem
996 2314 1136 2353 sonitu
1156 2314 1291 2368 quatit
1311 2314 1477 2368 ungula
1492 2314 1717 2368 pulverem.

321 2385 407 2442 vel,

435 2463 491 2502 At
511 2463 608 2502 tuba
629 2462 853 2502 terribilem
874 2462 1056 2502 sonitum
1074 2461 1223 2516 procul
1244 2474 1324 2500 aere
1345 2474 1510 2501 canoro.

264 2562 294 2582 ι.
322 2535 609 2592 Catalectus,
636 2534 814 2598 species
848 2542 917 2579 est
945 2550 1049 2595 quae
1085 2533 1242 2580 minus
1275 2550 1370 2579 una
1406 2533 1586 2596 syllaba
1622 2533 1781 2580 termi-

374 2666 387 2692 ῒ
408 2674 464 2702 est
485 2674 522 2702 et
542 2667 581 2713 a]
607 2672 640 2701 et
660 2680 734 2702 om.
756 2666 802 2701 L.
913 2671 930 2689 v
951 2664 1055 2709 solis]
1081 2665 1142 2700 Sic
1163 2664 1208 2700 L.
1230 2666 1344 2702 solum
1366 2665 1573 2702 Putschius.
1662 2673 1691 2691 w
1711 2679 1780 2702 no-

321 2719 472 2755 vissimo
489 2720 590 2766 loco]
616 2719 677 2756 Sic
698 2719 742 2755 L.
760 2720 949 2754 novissima
966 2723 1074 2765 parte
1094 2718 1303 2754 Putschius.
1399 2725 1420 2744 X
1439 2719 1670 2767 concedunt]
1696 2732 1780 2755 con-

320 2775 449 2809 cedant
470 2773 515 2808 L.
602 2779 620 2807 Υ
641 2772 885 2818 scanduntur]
911 2772 971 2807 Sic
991 2771 1037 2806 L.
1067 2773 1243 2806 scandunt
1264 2771 1475 2808 Putsehius.
1574 2779 1592 2798 Ζ
1608 2771 1773 2821 syllabis]

320 2827 542 2875 syllabarum
561 2825 607 2862 L.
795 2831 813 2851 a
832 2826 888 2860 vel
907 2837 981 2860 om.
1004 2824 1049 2860 L.
1231 2822 1251 2850 b
1272 2834 1358 2861 sunt
1379 2827 1574 2874 quattuor]
1598 2830 1681 2861 sunt
1700 2838 1776 2862 om.

321 2878 532 2915 Putschius.
643 2885 659 2904 c
680 2879 778 2927 quae]
801 2877 862 2914 Sic
880 2877 926 2913 L.
957 2879 1017 2924 qui
1037 2876 1245 2915 Putschius.
1361 2876 1380 2905 ‘¹
1400 2878 1572 2928 dactylici
1592 2878 1630 2914 in
1651 2879 1778 2927 dacty-

322 2933 416 2979 lum]
441 2933 656 2980 dactylicum
678 2933 711 2966 in
733 2933 946 2978 dactylicum
972 2931 1015 2966 L.
