1962 3355
149 190 254 221 CAP.
279 184 323 221 4.
629 174 712 219 De
740 173 1120 237 orthographia.
1544 186 1558 222 1
1574 187 1597 224 ξ)

148 312 255 357 gere
292 295 439 340 vocali
488 295 644 341 aalteri
687 312 780 340 non
822 303 1049 357 possunt3
1103 294 1198 340 iota
1238 312 1347 340 vero
1387 313 1492 357 quae
1532 305 1603 342 est

148 369 299 416 brevis
342 369 633 432 beademque
668 370 824 432 longa,
863 371 1015 433 aptior
1055 370 1112 416 ad
1157 371 1281 416 hanc
1319 379 1601 417 structuram

148 446 246 492 visa
271 455 368 492 est:
405 464 547 509 quam
585 454 867 509 potestatem
903 446 1027 509 apud
1065 464 1150 492 nos
1190 446 1332 492 habet
1366 456 1413 492 et
1447 447 1465 493 i
1499 465 1604 509 quae

148 531 219 568 est
243 522 385 584 longa
410 531 456 567 et
481 522 649 568 brevis.
721 523 846 568 cVos
873 521 1016 584 igitur
1041 522 1139 568 sine
1164 522 1482 568 controversia
1508 540 1606 569 am·
1620 539 1663 570 39

149 597 408 661 biguitatis,
434 606 481 644 et
504 598 731 661 pluralem
759 598 1123 655 nominativum,
1147 607 1194 644 et
1216 598 1499 661 singularem
1529 616 1607 662 ge-

148 673 351 719 nitivum
388 691 472 736 per
495 691 530 718 ae
556 673 769 720 scribite:
806 691 916 720 nam
943 674 1022 737 qui
1057 692 1151 719 non
1184 682 1341 737 potest
1365 674 1607 720 dinoscere

148 747 318 812 dsupra
342 748 620 812 scriptarum
647 767 819 796 vocum
853 767 1073 796 numeros
1105 757 1152 794 et
1176 766 1354 805 casum,
1378 748 1512 794 valde
1536 758 1606 795 est

151 825 308 870 hebes.
376 833 394 854 ‘²
410 825 661 874 Quatenus
685 844 808 890 saepe
834 844 942 873 cum
971 826 1031 872 sit
1054 833 1181 872 recte
1206 824 1452 888 scriptum,
1477 842 1557 871 vos
1584 843 1608 872 e
1626 842 1667 871 40

148 899 420 964 perducitiS,
445 910 490 948 et
515 901 667 948 facitis
693 903 920 966 quatinus
937 922 952 949 .·
986 910 1034 948 et
1058 918 1181 964 saepe
1206 901 1224 946 i
1247 901 1451 947 litteram
1477 919 1607 948 com-

152 977 344 1023 mutatis
378 977 426 1023 in
452 995 489 1023 e.
558 977 636 1024 De
661 996 753 1041 qua
779 996 838 1024 ne
874 979 1008 1042 plura
1032 976 1270 1039 loquendo
1294 976 1452 1023 videar
1474 977 1607 1023 vobis

150 1054 433 1115 exprobrare
478 1054 785 1117 imperitiam,
831 1062 1083 1100 contentus
1130 1070 1252 1108 sum,
1299 1052 1410 1114 quid
1467 1051 1610 1099 finter

150 1138 384 1191 utranque
419 1147 583 1175 vocem
619 1130 814 1184 intersit,
852 1130 1132 1192 significare.
1203 1128 1358 1191 Igitur
1382 1129 1609 1191 quatinus
1627 1148 1665 1177 41

151 1214 222 1251 est
240 1215 294 1250 ut
317 1206 460 1268 gquz'a
476 1223 613 1252 uam:
640 1223 732 1269 qua
752 1212 891 1252 tenus
911 1215 1068 1251 autem
1091 1203 1330 1266 significat
1350 1205 1496 1250 finem
1517 1203 1608 1250 loci

151 1279 413 1341 cujusdam,
439 1281 568 1327 velut
591 1280 824 1344 quafine.
896 1281 1032 1326 Nihil
1059 1289 1143 1336 est,
1168 1279 1324 1342 hquod
1350 1297 1445 1325 non
1469 1280 1610 1326 vultis

152 1357 395 1403 consulere
432 1357 490 1403 de
528 1358 617 1411 his,
643 1375 750 1420 quae
786 1357 1041 1419 ignoratis:
1079 1373 1187 1402 nam
1226 1364 1280 1401 ut
1316 1355 1493 1417 aliquid
1530 1373 1611 1400 ne—

153 1433 270 1479 scire
300 1442 437 1496 turpe
463 1451 556 1479 non
583 1443 669 1490 θεῖ,
696 1435 762 1480 sic
797 1435 844 1479 in
879 1433 1085 1479 deterius
1123 1432 1324 1478 scribere
1349 1432 1421 1477 vel
1453 1448 1614 1477 emen-

153 1509 262 1555 dare
287 1509 615 1572 turpissimum
644 1519 728 1556 θεῖ.
786 1510 1096 1556 Pertermine
1123 1509 1296 1555 dicitur
1332 1509 1611 1572 auspicium,
1632 1527 1670 1556 42

153 1585 264 1646 quia
302 1587 371 1642 fit,
405 1603 513 1631 cum
545 1586 603 1632 de
636 1588 730 1632 fine
763 1587 985 1632 Romano
1023 1586 1068 1631 in
1107 1603 1270 1648 agrum
1310 1585 1612 1649 peregrinum

153 1661 576 1724 transgrediuntur.
641 1662 733 1708 Sed
761 1663 962 1708 scribam
991 1680 1142 1719 νοθθε,
1169 1679 1285 1724 quas
1312 1661 1387 1707 alii
1416 1669 1614 1707 numero

155 1736 379 1799 singulari
406 1746 452 1783 et
475 1738 646 1800 plurali
681 1738 997 1784 indifferenter
1029 1755 1112 1801 per
1135 1755 1166 1783 u
1192 1747 1238 1783 et
1262 1755 1287 1782 ο
1313 1737 1614 1800 scripserunt,

154 1822 208 1859 ut
233 1813 383 1870 iavus,
413 1831 595 1869 corvus,
620 1833 765 1861 novus
789 1825 837 1861 et
861 1824 1028 1861 cetera.
1079 1815 1175 1861 Vos
1200 1813 1494 1860 nominativo
1519 1813 1615 1859 sin·
1634 1833 1672 1864 43

156 1891 305 1953 gulari
350 1908 432 1953 per
466 1890 561 1936 duo
596 1909 642 1948 u,
678 1910 881 1954 quorum
922 1892 1024 1937 vice
1057 1890 1359 1936 consonantis
1401 1890 1616 1952 fungitur

157 1966 373 2022 alterum,
399 1966 597 2012 alterum
637 1967 867 2031 accipitur
902 1985 987 2031 pro
1011 1966 1189 2012 vocali:
1226 1983 1336 2012 narn
1373 1983 1457 2029 per
1479 1964 1545 2011 ku
1570 1973 1616 2010 et

157 2059 182 2087 0
218 2042 403 2105 scriptae
440 2042 712 2105 significant
746 2043 977 2107 pluralem
1004 2060 1257 2089 numerum
1284 2051 1330 2088 et
1355 2058 1514 2087 casum
1544 2058 1618 2087 ac·-

156 2119 439 2172 cusativum‚
465 2136 588 2176 avos,
605 2119 788 2184 flavos,
815 2137 988 2176 corvos,
1013 2129 1060 2166 et
1086 2120 1255 2165 horum
1294 2118 1492 2164 similia:
1531 2135 1618 2163 nec

156 2194 283 2240 enim
312 2195 433 2240 mihi
465 2205 677 2258 superest
699 2196 867 2253 otium,
892 2199 973 2258 qui
1010 2195 1188 2259 possim
1221 2195 1406 2258 singula
1431 2194 1618 2255 exequi,

156 2287 243 2316 nec
262 2269 457 2317 lsufficit
473 2272 717 2328 memoria,
738 2290 848 2319 cum
870 2273 948 2319 vix
970 2273 1086 2328 haec,
1107 2290 1211 2334 quae
1232 2271 1403 2327 scribo,
1419 2271 1616 2334 implere

211 2450 230 2469 a
248 2443 371 2491 alteri]
395 2444 513 2492 altere!
536 2446 575 2480 P.
728 2444 748 2472 b
769 2447 992 2495 eademque]
1016 2447 1146 2484 eadem
1166 2448 1206 2483 P.
1357 2453 1373 2473 0
1391 2448 1468 2483 Vos
1488 2445 1615 2496 igitur]

158 2495 218 2532 Sic
238 2497 279 2532 P.
302 2510 418 2546 marg.
450 2498 528 2534 Vos
548 2499 592 2534 {su
613 2499 651 2533 in
673 2506 790 2535 textu.
902 2498 921 2526 d
941 2502 1068 2550 supra]
1093 2513 1202 2549 super
1222 2501 1262 2536 P.
1376 2506 1392 2526 e
1413 2500 1616 2547 Quatinus]

157 2549 354 2587 Quatenus
374 2551 416 2586 P.
438 2559 475 2586 et
496 2563 599 2587 versa
618 2552 697 2588 vice
715 2552 813 2588 infra
832 2555 1019 2602 quatinus.
1129 2552 1145 2579 f
1161 2553 1259 2589 inter
1275 2554 1473 2602 uti-anque]
1492 2562 1618 2589 utran-

158 2614 230 2651 que
250 2603 289 2638 P.
422 2610 443 2638 g
463 2606 548 2651 quia
567 2605 668 2652 nam]
691 2607 859 2652 quoniam
877 2607 916 2642 P.
1045 2605 1066 2633 h
1086 2606 1203 2655 quod]
1227 2605 1315 2655 quia
1334 2607 1373 2642 P.
1501 2604 1511 2631 i
1532 2617 1618 2641 avus

158 2667 291 2691 corvus
318 2657 455 2703 novus]
479 2669 564 2693 avos
584 2670 713 2694 corvos
735 2672 848 2695 novos
871 2659 909 2695 Ρ.
998 2658 1018 2686 k
1040 2661 1122 2707 vos]
1147 2672 1171 2695 u
1192 2667 1230 2696 et
1250 2672 1269 2696 ο
1290 2661 1329 2696 Ρ.
1430 2657 1441 2685 l
1461 2658 1613 2705 sufficit]

159 2707 273 2757 effigit.
293 2716 330 2745 et
349 2707 387 2744 in
408 2722 522 2758 marg.
554 2710 693 2759 suffigit
713 2712 753 2748 P.

214 2849 266 2884 40
291 2838 503 2887 Quatenus]
537 2840 652 2890 Lege,
677 2841 863 2882 Quatenus
914 2844 1122 2889 perducitis.
1161 2841 1362 2878 CAMER.
1403 2853 1468 2890 pro
1502 2841 1617 2888 quati-

161 2901 250 2937 saepe
270 2903 349 2927 cum
373 2894 532 2928 sitrecte
559 2896 731 2941 scriptum
756 2907 816 2930 vos
842 2907 862 2931 e
919 2897 1245 2943 nus—producitis.
