1962 3355
126 211 232 242 CAP.
258 204 303 254 7.
348 196 430 241 De
453 194 765 258 Syllabarum
791 201 970 241 natura
995 201 1040 241 et
1065 198 1366 244 comzeoeione.
1513 210 1572 248 45

127 327 207 363 aut
230 316 479 379 positione,
504 332 611 361 cum
651 315 942 361 zinferuntur
967 316 1093 362 brevi
1121 318 1313 380 syllabae
1338 318 1444 365 duae
1468 338 1577 366 con-

126 402 361 447 sonantes,
387 409 586 453 quarum
624 392 751 455 prior
780 410 964 456 semper
991 402 1139 449 muta,
1164 412 1364 456 sequens
1400 396 1580 457 liquida

126 478 211 514 est.
282 468 505 531 Superest
542 477 708 513 natura
751 468 917 525 brevis,
953 469 1087 530 cujus
1127 487 1246 515 unus
1283 470 1478 517 modus:
1532 473 1580 518 id
1603 492 1638 523 17

126 552 196 590 est
232 561 340 589 cum
379 552 593 605 correpta
631 543 802 589 vocalis
841 544 1013 589 desinit
1051 546 1098 589 in
1138 557 1496 605 consonantem,
1527 565 1581 594 ea

126 619 375 665 dumtaxat
407 619 526 681 lege,
567 626 618 664 ut
656 636 855 681 sequens
891 620 1072 681 syllaba
1113 621 1309 684 incipiat
1351 641 1374 668 a
1415 624 1581 678 vocali,

128 702 415 756 atamquam,

329 771 431 816 Hic
456 772 540 827 ait,
567 777 612 817 et
635 772 824 817 nostri&

130 846 202 891 Ita
227 844 496 892 efficiuntur
523 846 665 904 modi,
694 856 747 892 ut
783 846 1104 909 supradictum
1144 857 1229 902 est,
1254 858 1360 896 tres.
1432 850 1587 914 Igitur
1609 868 1645 898 ιε

129 922 281 985 prima
307 923 486 986 species
511 924 611 979 erit,
638 941 743 986 quae
779 923 982 986 bdactyli
1018 923 1150 987 pedis
1182 926 1367 972 tertiam
1397 928 1583 974 brevem

131 1016 213 1043 seu
249 998 529 1060 productam
556 1000 784 1053 vocalem,
812 1017 892 1045 seu
926 999 1125 1045 duarum
1163 1000 1514 1062 conjunctione,
1539 1003 1583 1049 id

131 1082 215 1129 θεῖ,
237 1074 613 1138 cdiphthongon,
633 1076 822 1138 longam
845 1075 1052 1121 efficiens
1072 1085 1235 1122 contra
1260 1077 1438 1140 legemd
1472 1080 1587 1125 hex-

132 1150 296 1196 ametri
338 1150 462 1195 heroi
502 1151 883 1214 amphimacrum
926 1151 1122 1207 inducit,
1160 1153 1241 1214 qui
1279 1170 1362 1215 pro
1398 1154 1588 1219 dactylo

132 1227 235 1289 lege
271 1227 596 1272 communium
637 1228 922 1290 syllabarum
963 1228 1235 1290 accipietur,
1261 1230 1325 1275 ita
1350 1238 1509 1277 tamen
1536 1241 1589 1278 ut

131 1319 332 1364 sequens
359 1320 383 1347 a
408 1302 557 1348 vocali
588 1320 671 1366 pes
705 1303 911 1351 inchoet.
981 1303 1132 1366 Cujus
1158 1307 1433 1370 exemplum
1462 1308 1587 1372 apud
1613 1328 1649 1358 19

132 1378 422 1435 Homerum,

330 1457 448 1519 ἄνδρά
472 1478 539 1517 μοι
564 1456 690 1503 ’ἔννεπε
714 1462 875 1517 μοῦσαὲ

133 1532 256 1595 apud
283 1540 515 1589 nostrum,

332 1608 506 1654 Insuloe
533 1608 664 1654 Ionio
688 1609 737 1655 in
761 1627 948 1673 rizagno.

132 1684 262 1730 Nam
291 1684 449 1730 subtili
478 1684 812 1746 conjunctione
838 1688 1017 1750 elongae
1041 1706 1146 1750 quae
1173 1698 1296 1744 sunt,
1320 1689 1593 1752 hujusmodi

137 1760 382 1823 utriusque
418 1761 592 1807 vocalis
639 1780 817 1807 nomen
865 1763 1125 1821 incurrunt,
1162 1775 1209 1811 et
1255 1766 1303 1811 in
1351 1767 1595 1812 collisione

136 1836 360 1899 sspatium
388 1837 615 1900 temporis
652 1837 752 1901 ipsa
777 1840 1115 1900 pronuntiandi
1153 1842 1391 1888 celeritate
1427 1860 1597 1888 consu-

137 1912 309 1958 mitur:
344 1922 667 1975 gquamquam
697 1915 910 1960 nonnulli
942 1914 1103 1977 hquasi
1135 1918 1323 1963 finalem
1363 1919 1591 1981 syllabam

136 1998 328 2052 propter
352 1988 711 2034 indifferentiam
741 2007 845 2052 quae
882 1991 928 2036 in
967 1993 1128 2038 metris
1153 1994 1376 2039 omnibus
1403 2013 1597 2058 compe-

138 2065 209 2120 tit,
236 2064 436 2122 tradant,
462 2082 601 2128 super
623 2082 718 2126 quo
742 2067 956 2130 plerique
981 2069 1245 2132 ambigunt,
1271 2070 1317 2116 in
1344 2072 1434 2117 isto
1459 2072 1597 2118 dum-

137 2148 268 2186 taxat
295 2141 581 2203 syllabarum
609 2143 938 2190 communium
973 2145 1233 2209 privilegio.
1306 2145 1495 2193 Harum
1533 2148 1598 2194 al·
1617 2172 1656 2194 20

138 2223 235 2260 tera
272 2224 357 2271 θεῖ,
393 2233 502 2262 cum
540 2215 751 2277 ejusdem
787 2219 921 2282 pedis
961 2221 1165 2267 secunda
1197 2222 1393 2285 syllaba,
1428 2233 1598 2270 natura

139 2307 324 2354 semper
360 2292 527 2349 brevis,
563 2301 730 2356 utpote
773 2296 984 2358 sequenti
1022 2297 1127 2343 loco
1165 2298 1210 2343 in
1250 2297 1441 2362 dactylo
1476 2300 1597 2363 pede

138 2365 402 2427 conjunctis
433 2367 616 2414 duabus
642 2372 1029 2430 consonantibus,
1057 2391 1254 2435 quarum
1289 2375 1416 2438 prior
1450 2386 1597 2433 muta,

139 2459 338 2504 sequens
365 2443 544 2505 liquida
569 2445 642 2501 sit,
667 2446 856 2509 longam
885 2449 1027 2496 efficit
1052 2450 1313 2514 positione:
1351 2462 1403 2498 ut
1428 2462 1513 2509 est,

341 2519 480 2566 Vidit
504 2519 809 2579 ituricremz's,

140 2593 187 2639 in
212 2611 239 2639 r
257 2613 271 2640 .-
310 2603 372 2651 θῖ,

194 2710 212 2729 Ζ
232 2703 469 2754 ingeruntur]
496 2705 704 2745 inferuntur
724 2710 764 2747 P.
878 2719 896 2738 a
916 2714 1112 2760 tanquam]
1139 2720 1328 2762 tamquam
1352 2715 1391 2751 P.
1472 2713 1491 2741 b
1507 2716 1594 2752 dac-

141 2756 222 2805 tyli]
249 2756 372 2795 dactili
395 2759 435 2795 P.
457 2767 494 2796 et
514 2759 565 2797 sic
583 2761 690 2799 infra.
781 2770 798 2790 c
815 2764 1043 2813 diphtongo]
1069 2765 1289 2816 dyptongon
1313 2768 1352 2803 P.
1446 2766 1465 2794 d
1486 2769 1595 2804 hexa-

140 2808 264 2857 metri]
285 2813 460 2848 exametri
480 2813 522 2848 P.
645 2823 662 2843 e
682 2815 819 2867 longae]
845 2817 954 2867 longe
974 2819 1015 2854 P.
1057 2847 1073 2863 a
1131 2817 1147 2844 f
1164 2819 1348 2868 spacium]
1371 2820 1531 2869 spatium
1554 2822 1594 2858 P.

142 2867 162 2896 8
181 2867 411 2953 quanqllanss]
435 2878 660 2916 quamquam
681 2869 723 2905 P.
834 2868 856 2896 h
875 2870 990 2920 quali]
1013 2871 1161 2921 quib—u—si
1183 2874 1223 2909 P.
1309 2871 1319 2898 i
1340 2872 1592 2920 thuricremis]

144 2921 346 2953 turicremis
400 2945 409 2954 .
