1962 3355
367 173 452 212 552

330 301 349 323 2
367 296 449 336 que
471 281 587 322 metri
613 297 673 331 ea,
695 297 789 337 quae
810 297 834 323 a
854 282 969 323 nobis
989 282 1208 337 explanata
1226 291 1300 332 est,
1322 282 1428 322 ratio
1447 281 1642 322 declarat.

807 172 877 212 Fl.
900 173 1086 213 Mallius
1113 173 1356 213 Theodorus

1702 281 1816 323 Reli-

368 364 452 403 qua
480 364 576 389 vero
603 359 783 404 quatuor
810 361 952 398 metra,
974 349 1017 389 id
1046 359 1106 389 est
1127 348 1462 398 choriambicum,
1492 348 1814 403 antispasticum,

371 416 557 456 Ionicum
578 432 601 457 a
623 417 788 472 majore,
814 416 1000 457 Ionicum
1029 432 1053 456 a
1073 416 1243 465 minore,
1266 415 1454 470 quamvis
1474 414 1817 470 dquadrisyllabis

368 483 543 538 pedibus
573 499 623 523 ex
654 482 769 539 parte
800 483 977 539 plurima
1007 492 1295 532 contexantur,
1320 492 1365 522 ut
1386 493 1522 523 tamen
1554 497 1696 522 eorum
1726 483 1818 523 finis

368 550 476 591 bnon
507 551 758 607 injucundus
789 551 855 600 sit,
877 559 1031 606 cprope
1061 564 1284 609 paucarum
1313 564 1537 605 paucarum
1568 549 1817 605 syllabarum

330 641 348 669 3
368 618 543 673 pedibus
563 633 680 673 opem
702 627 916 672 expetunt.
963 617 1101 657 dNam
1123 627 1170 657 ut
1191 632 1300 667 eum,
1321 631 1443 671 quem
1467 616 1519 656 ab
1540 616 1706 657 exordio
1726 632 1818 672 pro-

368 686 593 743 posuimus,
620 684 804 724 ordinem
836 683 998 724 dicendi
1028 699 1338 739 persequamur,
1369 693 1546 723 metrum
1577 683 1819 724 choriambi-

369 769 462 793 cum
495 763 612 808 eapte
642 751 814 792 efficitur
845 766 893 791 ex
929 751 1061 792 tribus
1091 751 1350 802 choriambis,
1374 749 1552 806 dactylo,
1575 760 1615 791 et
1646 750 1818 806 spondio

370 820 452 860 sive
474 819 666 868 trochaeo,
689 829 736 860 ut
756 828 816 859 est
836 818 937 859 illud
955 835 962 860 :

583 886 728 923 fCelsus
747 894 864 935 gequo
885 889 1069 924 Phoeniez‘a
1089 893 1182 924 veste
1202 890 1318 923 nitens
1338 889 1412 923 ibat
1430 888 1559 924 Arion.

331 971 352 999 4
373 955 530 996 Tribus
560 955 664 995 enim
688 955 932 996 choriambis
962 956 1037 996 nisi
1058 955 1284 1012 dactylicus
1307 955 1397 996 finis
1422 955 1696 1006 hadiceretur,
1717 954 1818 995 nihil

334 1041 349 1070 5
371 1023 411 1063 in
451 1022 514 1063 his
548 1033 650 1063 esset
684 1022 805 1064 dulce
841 1034 881 1064 et
915 1039 1122 1065 canorum.

424 1161 445 1189 b
483 1175 552 1198 non
584 1161 798 1208 injucundus
831 1165 893 1211 sit]
933 1164 991 1200 Ita
1023 1177 1066 1200 ex

371 1216 584 1263 conjectura
597 1224 635 1251 et
650 1229 694 1252 ex
710 1216 810 1252 libris
828 1217 939 1252 Paris.
955 1216 1065 1260 edidi,

372 1283 486 1319 quum
510 1269 547 1305 in
570 1269 733 1318 Guelph.
755 1268 976 1306 invenissem
999 1283 1068 1306 non

363 1323 544 1369 jocundus
562 1324 620 1357 sit.
653 1323 805 1359 HEUS.

427 1385 444 1404 0
479 1388 592 1424 prope
625 1387 825 1423 paucarum
864 1388 1067 1423 paucarum

372 1430 610 1478 syllabarum]
671 1430 904 1479 ConJecturae
963 1442 1065 1471 meae,

374 1485 484 1532 quam
510 1490 658 1518 secutus
687 1481 840 1517 alterum
865 1495 1065 1529 paucarum

374 1535 620 1585 abjiciendum
661 1547 740 1570 esse
779 1535 970 1583 opinabar,
1006 1548 1067 1570 au-

374 1588 525 1625 ctoritas
555 1588 692 1624 codicis
722 1586 852 1636 prioris
873 1587 983 1624 Paris.
1006 1601 1068 1636 pa-

375 1642 589 1678 trocinatur.
628 1641 715 1676 Non
738 1640 832 1676 nihil
853 1648 978 1676 tamen
999 1641 1065 1676 du·

375 1694 564 1731 bitationis
593 1702 773 1743 superest,
795 1707 841 1729 an
870 1706 1066 1740 paucarum

369 1760 571 1796 paucarum
587 1760 606 1782 a
628 1755 754 1783 nostro
775 1748 915 1783 dictum
938 1746 985 1782 sit
1003 1759 1068 1796 pro

375 1802 477 1837 valde
515 1813 729 1849 paucarum.
803 1799 1069 1836 Geminatione

375 1854 638 1891 vocabulorum
673 1852 981 1903 significationem
1012 1853 1069 1888 in-

374 1907 552 1944 tendendi
575 1920 655 1942 mos
668 1906 814 1942 Latinis
835 1920 918 1942 cum
943 1906 1068 1955 pleris-

374 1974 445 2009 que
465 1959 640 2010 gentibus
660 1959 870 1996 communis
886 1970 952 1996 est.
975 1959 1070 1995 Vide

378 2013 560 2050 Vechneri
584 2013 818 2050 Hellenolex.
837 2012 899 2048 lib.
914 2014 967 2049 II.
989 2025 1069 2061 cap.

380 2080 438 2114 13.
475 2080 511 2102 n.
543 2078 598 2103 12.
641 2075 679 2103 et
718 2065 811 2103 viros
851 2066 991 2108 doctos,
1027 2065 1071 2101 ad

375 2133 467 2169 quos
510 2120 656 2169 ablegat
696 2119 889 2155 adnotatio
938 2118 1071 2168 patrui.

429 2224 448 2252 d
470 2227 565 2261 Nam
588 2232 626 2261 ut
654 2239 744 2269 eum,
767 2226 885 2273 quem]
909 2225 1071 2274 Guelph.

377 2280 475 2315 Nam
496 2285 695 2327 utrumque.
754 2278 856 2315 Hinc
884 2292 954 2328 ego
980 2291 1071 2314 con-

371 2332 544 2382 jiciebam
568 2333 676 2368 Nunc
694 2337 811 2368 autem
835 2345 948 2379 quem.
977 2331 1070 2367 Pro—

378 2385 460 2435 pius
490 2387 615 2421 aberat
645 2398 665 2420 a
692 2398 776 2421 vero
799 2384 983 2426 Klotzius,
1010 2383 1071 2432 qui

378 2438 539 2473 malebat
586 2438 681 2472 Nam
726 2443 766 2472 ut
808 2450 913 2479 nunc,
957 2449 1070 2484 quem.

379 2491 516 2527 Verum
552 2490 761 2526 acutissime
795 2489 896 2530 vidit,
919 2502 986 2537 pro
1015 2488 1071 2524 in-

377 2543 475 2594 genii
496 2542 551 2578 sui
573 2543 784 2592 sagacitate,
807 2542 1070 2583 Ruhnkenius,

379 2596 440 2646 qui
466 2596 602 2638 locum,
625 2595 733 2643 plane
752 2604 795 2631 ut
819 2608 920 2630 nunc
940 2594 1070 2638 editur,

379 2649 653 2686 emendandum
690 2661 780 2690 esse,
811 2647 900 2683 mihi
931 2646 1073 2683 indica-

378 2712 482 2739 verat
521 2701 639 2738 multo
677 2710 776 2743 ante,
817 2714 927 2749 quam
965 2701 1073 2736 Mus..

379 2756 533 2807 gravius,
554 2755 606 2791 vir
632 2754 934 2796 humanissimus,
956 2753 1071 2790 docu-

380 2809 468 2845 isset
498 2821 579 2851 nos,
600 2807 651 2844 ita
679 2807 752 2857 legi
773 2806 810 2843 in
831 2815 989 2856 utroque
1008 2819 1071 2843 co-

381 2863 462 2898 dice
483 2860 592 2911 regio.
625 2861 778 2897 HEUS.

433 2922 449 2941 e
484 2920 567 2962 apte
604 2914 774 2963 efficitur]
817 2914 899 2950 Hoc
936 2920 991 2948 est
1028 2924 1071 2948 ex

1184 1024 1255 1065 Fit
1287 1024 1362 1064 hoc
1397 1034 1573 1064 metrum
1610 1023 1730 1064 etiam
1767 1037 1817 1062 ex

1124 1171 1281 1212 utroque
1313 1162 1424 1199 Paris.
1448 1175 1560 1211 quum
1588 1163 1626 1198 in
1654 1162 1816 1211 Guelph.

1124 1216 1248 1266 inepte
1288 1216 1470 1266 legeretur
1507 1216 1583 1251 abae
1620 1228 1686 1265 pro
1719 1221 1816 1263 apte.

1125 1270 1280 1306 HEUS.

1176 1321 1192 1348 f
1221 1324 1342 1359 Celsus
1367 1323 1472 1370 equo]
1499 1321 1552 1357 Ut
1575 1321 1703 1371 virgil.
1724 1321 1818 1357 AEn.

1122 1377 1213 1412 ΧΠ.
1252 1386 1339 1424 295.
1379 1377 1476 1411 altus
1517 1387 1619 1422 equo.
1679 1375 1819 1410 Celsum

1124 1429 1269 1478 proprie
1299 1429 1344 1464 de
1373 1430 1491 1475 equite
1525 1427 1609 1469 dici,
1640 1425 1818 1475 exemplis

1124 1481 1458 1518 demonstravimus
1496 1480 1533 1516 in
1572 1479 1819 1529 explicatione

1126 1534 1317 1570 marmoris
1330 1533 1518 1577 Laconici,
1528 1546 1637 1582 quam
1653 1533 1819 1568 animad-

1127 1587 1355 1624 versionibus
1376 1587 1413 1622 in
1435 1587 1657 1623 Corinthum
1682 1599 1715 1634 p.
1732 1598 1817 1631 140.

1125 1640 1278 1676 inseruit
1298 1640 1534 1676 doctissimus
1555 1639 1738 1675 Koenius.
1761 1639 1818 1674 Ε-

1125 1706 1230 1741 quum
1252 1698 1365 1742 poeta
1393 1692 1556 1742 appellat
1584 1691 1818 1741 delphinum,

1125 1759 1198 1796 quo
1220 1755 1344 1783 vectus
1374 1755 1430 1782 est
1454 1744 1592 1781 Arion:
1634 1744 1700 1780 nisi
1731 1744 1819 1793 qujd

1125 1800 1364 1849 praecesserit,
1387 1799 1430 1835 ad
1461 1799 1559 1848 quod
1590 1797 1652 1834 illa
1674 1810 1742 1833 vox
1762 1810 1821 1833 re-

1125 1853 1272 1889 feratur.
1331 1852 1503 1888 [Elianus
1533 1852 1583 1888 H.
1605 1852 1647 1887 A.
1668 1851 1735 1886 VI.
1761 1863 1820 1898 15.

1125 1909 1138 1941 ὅ
1174 1911 1250 1947 παῖς
1285 1908 1468 1950 ἀναβαίνων
1505 1906 1558 1941 τὶν
1595 1908 1745 1953 δελφῖνα,
1785 1908 1823 1943 ὦς

1125 1964 1226 1994 πῶλον
1247 1960 1390 2003 ἱππότης.
1431 1958 1525 1994 Ibld.
1552 1958 1649 1998 καλὶς
1666 1962 1742 1998 παῖς
1769 1961 1820 1992 ἶπ-

1126 2016 1225 2048 wedam
1262 2014 1312 2047 ἐπὶ
1346 2015 1488 2060 δελφῖνος
1522 2008 1587 2055 ἦν.»
1638 2011 1822 2045 Plloerlicia

1127 2066 1233 2101 vestis
1251 2073 1307 2101 est
1336 2064 1432 2114 palla
1460 2075 1654 2114 purpurea,
1676 2062 1823 2112 propria

1128 2117 1432 2154 citharoedorum.
1476 2116 1630 2153 Ovidius
1650 2117 1748 2152 Fast.
1772 2116 1820 2151 ΙΙ.

1133 2183 1218 2219 107.
1240 2171 1285 2207 de
1315 2172 1386 2207 hoc
1411 2171 1491 2219 ipso
1511 2170 1674 2206 Arione:
1710 2170 1820 2204 Indu-

1129 2230 1209 2260 erat
1230 2225 1336 2271 Tyrio
1353 2225 1403 2259 bis
1423 2226 1569 2258 tinctam
1592 2224 1724 2257 murice
1738 2222 1821 2268 pal-

1129 2279 1214 2313 lam.
1238 2277 1298 2312 ubi
1318 2276 1388 2312 vid.
1410 2277 1607 2324 Interpres.
1643 2275 1822 2310 RUHN-

1128 2330 1255 2366 KEN.

1182 2390 1202 2417 g
1235 2394 1322 2429 equo
1344 2381 1544 2428 Phoenz'cio]
1575 2380 1736 2429 Guelph.
1764 2381 1823 2416 hic

1127 2444 1164 2472 et
1185 2449 1220 2471 n.
1239 2446 1271 2481 7.
1293 2435 1541 2483 aequofinz'cia,
1565 2448 1599 2469 n.
1621 2446 1656 2480 4.
1667 2433 1821 2482 fenicia.

1129 2487 1284 2524 HEUS.

1182 2539 1198 2563 ¹¹
1229 2540 1446 2586 adiceretur]
1480 2541 1535 2576 Ita
1565 2539 1681 2576 MSS.
1711 2538 1822 2575 etiam

1128 2606 1158 2630 c.
1193 2595 1266 2630 XI.
1306 2606 1364 2631 12.
1402 2594 1571 2636 subicere,
1611 2600 1649 2629 et
1686 2606 1722 2628 n.
1762 2592 1821 2627 18.

1129 2649 1323 2683 adiciatur.
1365 2646 1473 2683 Conf.
1494 2646 1635 2682 Duker.
1655 2645 1699 2681 ad
1721 2645 1820 2681 Flor.

1129 2701 1158 2736 Ι.
1195 2713 1253 2736 10.
1286 2710 1321 2748 5.
1360 2708 1397 2736 et
1427 2712 1519 2748 quos
1547 2698 1674 2734 laudat
1705 2697 1821 2734 celeb.

1130 2755 1369 2789 Burmannus
1396 2752 1588 2788 Secundus
1609 2751 1654 2787 ad
1675 2751 1822 2787 Antho-

1128 2806 1203 2855 log.
1242 2807 1288 2842 L.
1337 2819 1367 2842 1.
1407 2806 1524 2855 epigr.
1567 2806 1630 2842 80.
1671 2817 1719 2841 vs.
1760 2815 1820 2851 15.

1131 2860 1286 2896 HEUS.
