1962 3355
138 168 244 199 CAP.
262 159 305 210 7.
327 162 370 198 8.
473 150 558 197 De
576 150 839 213 proceleuS.
909 152 1110 198 Saturn.
1136 159 1269 198 metr.
1491 163 1584 201 323

382 319 520 371 CAP.
552 319 686 370 VII.
732 321 816 371 De
842 316 1343 388 kproeeleusmatieo.

202 424 655 470 proceleusmaticus
694 432 878 470 constat
918 440 977 469 ex
1012 423 1198 469 duobus
1235 424 1507 487 pariambis,
1544 426 1590 472 id

134 508 205 544 est
229 508 453 561 quattuor
487 500 705 546 brevibus
742 501 951 564 syllabis,
978 500 1110 562 eujus
1144 501 1421 564 exemplum
1458 510 1506 548 et
1542 502 1590 547 in

134 574 310 638 pedum
337 576 738 622 demonstratione
763 577 916 640 posui,
942 585 989 622 et
1016 594 1143 623 nunc
1168 576 1396 623 referam:

306 652 412 692 Sede
434 653 507 692 tihi
530 651 723 692 lBromz'e
743 653 884 693 devoto
897 653 1005 708 pede
1026 661 1058 681 m
1073 654 1248 693 mulier:

305 720 466 759 Pecora
487 720 640 775 rapida
660 734 784 775 caper
804 722 960 776 agitat.
1022 721 1161 766 Humi

308 787 448 841 Caput
468 788 653 828 inanime
673 794 778 844 tepet
797 789 926 829 avida
946 803 1073 844 neque
1094 803 1258 828 manus.

135 875 300 922 Habet
334 876 411 923 hie
434 894 594 923 versus
619 879 1062 941 proceleusmaticos
1089 887 1197 934 tres,
1224 887 1443 941 quartum
1472 879 1592 942 pari-

134 953 347 1008 ambum,
374 954 615 1018 semipede
639 955 871 1001 cluditur:
909 956 973 1002 ita
997 965 1050 1002 ut
1081 955 1289 1001 detracta
1325 956 1593 1019 proceleus-

134 1030 309 1076 matico
342 1031 537 1094 syllaba,
563 1031 610 1077 in
637 1032 931 1094 tribrachym
957 1031 1094 1078 eadat
1127 1041 1171 1078 et
1210 1032 1408 1087 insistat,
1433 1050 1492 1078 ne
1519 1033 1593 1091 (ut

126 1105 247 1167 dixi)
278 1125 503 1154 numerus
531 1118 550 1137 ¹¹
567 1109 641 1163 sit,
667 1126 763 1154 non
791 1118 1011 1153 metrum.

391 1239 527 1290 CAP.
556 1239 719 1290 VIII.
761 1241 846 1291 Dc
877 1240 1132 1290 Satmw‘e‘o
1160 1258 1330 1291 versu.

198 1338 276 1384 De
311 1338 533 1384 Saturnio
564 1356 699 1385 versu
736 1338 992 1384 dicendum
1021 1346 1105 1392 est,
1130 1356 1273 1401 quem
1301 1337 1446 1383 nostri
1472 1338 1593 1384 exis-

131 1415 420 1461 timaverunt
456 1416 698 1480 proprium
735 1433 835 1461 esse
863 1414 1041 1461 Italicae
1074 1414 1291 1478 regionis,
1318 1414 1398 1460 sed
1423 1414 1593 1461 fallun-

133 1499 223 1537 tur.
291 1492 338 1538 A
364 1491 543 1538 Graeeis
579 1492 706 1538 enim
734 1491 858 1538 varie
894 1499 941 1537 et
979 1491 1142 1537 multis
1180 1490 1334 1537 modis
1367 1500 1592 1538 tractatus

134 1576 219 1622 est,
244 1585 338 1614 non
377 1569 529 1614 solum
558 1586 583 1615 a
609 1568 819 1625 comicis,
844 1567 924 1614 sed
951 1568 1094 1614 etiam
1133 1586 1159 1614 a
1194 1568 1411 1631 tragicis3
1446 1569 1592 1615 nostri

136 1654 292 1691 autem
324 1644 522 1708 antiqui,
550 1648 623 1706 (ut
647 1663 753 1691 vere
778 1645 950 1700 dicam,
977 1644 1102 1706 quod
1131 1650 1360 1708 apparet,)
1388 1645 1458 1690 usi
1484 1659 1595 1691 sunt

135 1738 191 1766 eo
215 1738 310 1766 non
335 1722 582 1768 observata
614 1722 731 1785 lege,
756 1740 844 1768 nee
868 1740 966 1768 uno
990 1740 1159 1785 genere
1182 1722 1449 1768 Ocustodito
1475 1722 1596 1768 inter

138 1814 185 1842 se
208 1813 394 1842 versus:
432 1797 511 1843 sed
547 1807 861 1861 praeterquam
899 1798 1027 1860 quod
1061 1798 1338 1844 durissimos
1364 1798 1594 1854 fecerunt,

136 1872 278 1918 etiam
320 1873 434 1919 alios
477 1874 726 1930 breviores,
764 1873 877 1919 alios
920 1873 1155 1936 longiores
1194 1874 1506 1930 inseruerunt,
1543 1884 1595 1921 ut

135 1949 215 1994 vix
253 1949 510 1996 invenerim
551 1951 674 2015 apud
711 1949 935 1995 Naevium
977 1967 1093 2012 quos
1129 1968 1215 2014 pro
1251 1950 1474 2013 exemplo
1510 1969 1593 2015 po—

137 2042 315 2071 nerem.
365 2026 509 2090 Apud
530 2027 808 2092 Euripidem
835 2036 882 2073 et
906 2026 1288 2074 PCallimachum
1315 2028 1473 2074 inveni
1501 2029 1593 2075 tale

137 2116 301 2162 genus,

314 2176 477 2218 Turdis
496 2177 687 2220 edacibus
708 2179 819 2220 dolos
838 2194 1056 2236 comparas
1075 2182 1217 2221 amice.

190 2324 211 2351 k
234 2327 576 2376 Proceleusmatz'co]
598 2330 904 2366 Proceleumatico
921 2332 966 2367 V.
988 2331 1094 2368 Med.
1166 2330 1177 2357 ¹
1197 2333 1329 2368 bromz'e
1347 2333 1489 2379 devoto]
1515 2334 1593 2368 bro-

137 2381 281 2417 mz'aclea
301 2381 347 2416 V.
452 2388 483 2407 ¹1²
504 2384 649 2430 mulier]
674 2384 804 2419 mulier
823 2386 926 2419 modo
944 2385 987 2420 V.
1020 2386 1219 2421 Santenius
1241 2386 1284 2422 ad
1299 2387 1452 2421 Terent.
1468 2386 1593 2423 BIaur.

138 2445 175 2481 p.
199 2444 211 2468 1
226 2445 281 2468 11.
338 2434 448 2470 Sedet
468 2437 526 2478 ibi,
547 2436 705 2480 Bromie,
729 2442 839 2472 terete
856 2440 947 2485 pede
970 2439 1109 2474 mulier.
1286 2446 1305 2465 n
1325 2440 1386 2486 sit]
1410 2438 1525 2475 Addit
1546 2440 1593 2476 V.

138 2497 209 2519 non
229 2491 393 2524 metrum.
583 2496 601 2515 0
623 2492 798 2525 custodito
818 2492 913 2526 inter
931 2504 967 2527 se
985 2504 1107 2527 versus
1120 2506 1132 2526 :
1162 2494 1223 2528 sec]
1242 2498 1483 2541 praeterquam
1503 2496 1596 2540 quod

139 2539 360 2585 durissimos]
395 2543 570 2577 custodita
594 2544 688 2578 inter
712 2556 748 2579 se
769 2546 991 2581 consentiant
1017 2557 1136 2581 versus
1155 2547 1216 2581 secl
1237 2552 1370 2593 praeter
1391 2560 1423 2593 q.
1446 2548 1594 2582 durissi-

140 2603 213 2626 mos
232 2592 279 2627 V.
471 2599 489 2622 ῐ)
513 2595 791 2643 Callimachum]
815 2597 928 2633 Addit
950 2599 995 2634 V.
1019 2604 1053 2634 et
1075 2601 1245 2646 quosdam
1265 2602 1414 2647 antique
1433 2601 1596 2635 comoeclz'e

137 2646 337 2692 scriptores.
377 2645 436 2682 De
457 2646 494 2683 h.
516 2648 539 2683 1.
563 2661 594 2684 V.
618 2650 769 2685 Santen.
793 2650 838 2686 ad
860 2651 1012 2687 Terent.
1034 2653 1159 2688 Maur.
1180 2665 1217 2702 p.
1234 2662 1324 2701 353.

193 2766 285 2813 Cap.
310 2776 344 2812 7.
376 2765 532 2814 Pecora]
569 2766 719 2804 Excidit
750 2782 836 2818 pyr·
893 2770 1042 2807 Boltius
1063 2773 1207 2808 arietat.
1241 2772 1351 2807 Conf.
1371 2771 1494 2807 Schol.
1513 2771 1591 2806 He-

139 2817 325 2855 rhichius:
358 2820 547 2855 tentabam
576 2820 730 2863 Pecora,
747 2824 838 2868 pede
894 2824 1023 2872 phaest.
1045 2838 1079 2874 p.
1101 2838 1161 2874 ²9³
1182 2835 1216 2872 7.
1264 2824 1590 2861 SANTEN.Te1·.

140 2873 281 2918 rapida.
339 2872 423 2908 Alia
453 2873 596 2909 ratione
627 2886 693 2923 pro
719 2876 839 2922 agitat
893 2877 1017 2914 Maur.
1039 2891 1073 2927 p.
1098 2890 1181 2914 112.

805 2946 930 2983 Tt2
