1962 3355
114 188 219 220 CAP.
244 172 289 219 6.
559 173 641 219 De
663 178 816 218 metro
840 173 1138 234 anapcestico.
1472 180 1564 218 283

354 294 440 341 De
465 294 664 341 dimetro
688 293 898 357 dipygno
923 292 1319 357 hypercatalecto.
1585 312 1605 339 4

177 369 571 432 WAnapcesticum
612 370 868 416 dimetrum
914 370 1087 416 ὃίπυκυου
1131 368 1569 433 hypercatalectum

113 446 167 490 fit
205 445 296 492 hoc
332 445 502 492 modo:
540 445 745 509 dactyle,
776 445 999 508 spondeo,
1024 446 1209 493 duobus
1234 446 1450 511 dactylis,
1475 446 1571 508 syl-

112 522 235 578 laba,

403 589 472 629 Tu
475 587 638 642 fueras
641 588 835 642 formose
851 601 960 643 puer
961 587 1138 641 fueras.

412 725 494 771 De
518 726 734 772 trimetro
760 725 1035 772 catalectico
1058 726 1278 789 simplici.
1591 742 1607 774 5

180 813 508 860 xTrimetrum.
546 814 884 876 anapcesticum
916 814 1244 861 catalecticum
1280 813 1482 877 simplex
1517 813 1572 859 fit

117 889 206 935 hoc
234 889 393 946 modo,
419 889 604 936 duobus
630 891 892 953 anapaestis,
918 888 1144 953 spondeo,

400 966 698 1006 Laceclaemona
712 972 862 1021 pastor
866 967 998 1021 flens.

429 1102 510 1150 De
532 1103 732 1149 dimetro
758 1103 1021 1149 acatalecto
1044 1102 1262 1165 simplici.
1591 1103 1611 1135 6

181 1191 544 1252 Anapoesticum
570 1191 839 1236 trimetrum
868 1190 1218 1237 Yacatalectum
1254 1190 1457 1253 simplex
1492 1188 1574 1235 tri-

116 1268 204 1314 bus
231 1266 480 1330 anapaestis
506 1274 721 1312 constare
745 1265 902 1323 debet,

578 1344 752 1384 Tribuit
773 1343 874 1383 milii
895 1344 976 1384 lex.

297 1476 384 1523 De
402 1475 823 1539 proceleusmatico
848 1483 1127 1523 tetrametro
1153 1475 1397 1524 catalecto,
1598 1496 1614 1527 7

184 1563 540 1626 Anapaesticum
582 1570 918 1611 tetrametrum
950 1564 1429 1627 proceleusmaticum
1465 1580 1579 1610 con-

117 1649 210 1687 stat
234 1641 383 1688 tribus
408 1640 868 1705 Zproceleusmatieis
893 1650 941 1687 et
965 1650 1133 1703 quarto
1159 1650 1413 1704 anapaestO,

314 1717 522 1757 aMoreris
542 1718 660 1757 asine
679 1718 854 1758 moreris
873 1718 991 1758 asine
1012 1718 1233 1773 vapulans.

200 1853 287 1900 De
311 1859 593 1900 tetrametro
620 1853 881 1900 acatalecto
897 1853 1043 1916 pleno
1061 1854 1497 1917 proceleusmatico.
1595 1871 1615 1902 8

189 1940 398 1988 Plenum
431 1940 912 2004 proceleusmaticum
950 1943 1005 1988 fit
1041 1951 1369 1988 tetrametrum
1410 1940 1579 2004 bquat-

122 2026 230 2064 tuor
254 2017 686 2081 proceleusmaticis
709 2018 862 2082 plenis
887 2018 1069 2082 positis,

349 2094 405 2133 Id
422 2095 542 2150 agite
556 2095 754 2150 peragite
773 2096 958 2135 celeriter
977 2096 1149 2135 itinera.

123 2167 234 2214 Hoc
267 2167 358 2213 cita
383 2167 540 2213 evenit
564 2167 613 2213 in
638 2168 936 2231 anapaestico,
963 2168 1204 2231 quomodo
1233 2168 1281 2214 in
1315 2167 1581 2231 ddactylico

122 2243 356 2290 contrario
392 2242 491 2305 ejus
529 2243 783 2301 σπονδειάζων
819 2244 976 2291 evenit
1012 2263 1174 2309 purus,
1201 2245 1281 2308 qui
1319 2245 1580 2292 contrarius

122 2328 193 2366 est
216 2319 655 2384 proceleusmatico.

277 2460 363 2507 De
386 2468 666 2510 tetrametro
692 2463 924 2511 catalecto
940 2464 1086 2527 pleno
1110 2465 1428 2530 Archigenio.
1599 2481 1619 2512 9

212 2548 567 2597 Tetram-etrum
620 2553 960 2614 anapcesticum
1010 2552 1208 2615 plenum
1266 2551 1584 2599 acatalectum

180 2697 209 2716 w
228 2692 522 2740 Anapaesticum]
545 2694 785 2743 Anapaestum
808 2695 851 2731 L.
873 2695 936 2744 qui
959 2708 1043 2732 mox
1064 2708 1138 2731 om.
1159 2697 1307 2731 δίπυκνον.
1457 2701 1477 2720 x
1496 2692 1580 2730 Tri-

128 2744 306 2790 metrum]
331 2745 521 2781 dimetrum
542 2746 585 2782 L.
608 2760 693 2783 mox
712 2749 861 2795 simplex
881 2748 1035 2784 accessit
1055 2761 1099 2784 ex
1119 2748 1165 2784 L.
1330 2754 1349 2782 Υ
1368 2748 1581 2784 acatalecti-

127 2797 231 2843 cum]
254 2798 469 2833 catalectum
489 2798 531 2833 L.
680 2807 697 2826 Ζ
718 2801 1022 2849 proceleusmatis
1042 2802 1087 2837 L.
1224 2808 1243 2827 a
1264 2800 1433 2846 moreris]
1457 2800 1517 2835 Sic
1537 2800 1581 2835 L.

129 2862 264 2885 memor
283 2850 352 2885 eris
371 2850 579 2887 Putschius.
744 2851 764 2879 b
784 2855 973 2901 quattuor]
999 2855 1111 2889 tribus
1130 2855 1173 2890 L.
1311 2860 1327 2879 ⁰
1346 2853 1414 2900 ita]
1440 2855 1518 2888 ideo
1537 2853 1581 2888 L.

129 2910 209 2937 turn
230 2904 266 2937 in
286 2915 361 2939 om.
472 2901 492 2929 d
510 2903 710 2953 dactylico]
734 2905 795 2942 Sic
817 2907 860 2941 L.
881 2908 1025 2954 dactylo
1045 2906 1254 2943 Pntschius.

792 2978 927 3014 002
