1962 3355
116 216 222 247 CAP.
249 208 292 259 7.
338 200 415 246 De
438 199 749 262 Syllabarum
773 205 954 245 natura
979 205 1025 245 et
1049 200 1350 245 connexione.
1503 205 1565 256 47

117 340 240 378 men,
264 321 397 383 rquia
433 321 536 366 loco
565 321 742 382 slongae
779 319 933 383 posita
968 337 1064 365 non
1098 328 1182 373 est,
1208 318 1303 364 vim
1342 319 1568 381 tproceri-

115 398 224 444 tatis
261 414 426 460 capere
461 413 554 441 non
592 403 761 458 potest.
833 395 956 440 Cum
996 403 1153 441 autern
1193 395 1352 440 locum
1387 394 1570 440 obtinet
1590 405 1627 437 27

116 474 268 534 longae
293 472 500 534 syllabae,
525 479 571 516 et
596 471 702 516 finit
734 479 915 533 partem
943 470 1182 527 orationis,
1205 480 1323 516 tunc
1347 478 1418 515 est
1443 487 1571 515 com-

116 547 273 594 munis
298 557 345 594 et
370 547 570 593 efficitur
600 547 753 608 longa,
778 546 932 608 unod
971 547 1113 592 etiam
1151 546 1352 592 naturali
1392 545 1572 591 ratione

115 624 343 670 dinoscas.
413 623 542 669 Nam
585 640 694 668 cum
731 640 885 668 sermo
921 624 1215 678 terminatur,
1252 632 1298 669 et
1333 632 1573 686 postrema
1592 629 1630 659 28

116 701 351 747 clauditur
391 700 586 762 syllaba,
624 699 681 745 ad
725 699 911 745 initium
958 700 1146 746 alterius
1185 699 1433 746 transitum
1473 698 1572 744 fieri

116 776 422 823 manifestum
459 786 544 832 est,
576 775 702 838 quod
740 775 1038 822 intervallum
1080 776 1307 838 aliquanti
1344 774 1573 838 temporis

116 853 516 917 intercapedinem
555 853 715 908 sumit,
758 853 824 899 sic
865 853 1059 915 syllabae
1107 852 1330 898 naturalis
1371 851 1573 898 brevitas

118 929 442 976 additamento
466 929 692 992 temporis
718 929 898 975 crescit.
950 928 1072 975 Haec
1097 929 1214 974 ratio
1240 927 1572 974 communium
1595 941 1634 972 29

119 1006 402 1069 syllabarum
430 1023 538 1052 cum
566 1007 611 1050 in
639 1005 899 1067 dactylicis,
923 1015 1026 1051 tum
1053 1005 1100 1050 in
1127 1004 1292 1050 ceteris
1315 1013 1573 1050 metrorum

119 1083 386 1145 generibus,
423 1083 509 1128 sub
535 1082 696 1152 eadem
735 1082 1060 1127 observatione
1096 1081 1339 1126 tractanda
1372 1090 1456 1134 est,
1482 1098 1575 1142 qua

119 1167 277 1202 tamen
326 1157 617 1219 frequentius
666 1167 877 1204 auctores
921 1157 1072 1203 Graeci
1116 1174 1259 1218 quam
1309 1157 1453 1202 nostri
1502 1157 1574 1202 usi

120 1242 254 1278 sunt:
289 1251 383 1279 non
409 1234 535 1279 enim
562 1233 728 1279 vitium
760 1242 843 1286 est,
868 1233 1046 1295 quippe
1071 1250 1180 1278 cum
1205 1232 1401 1277 maximi
1428 1241 1577 1278 wauc-

120 1319 242 1354 tores
265 1309 354 1355 boc
373 1327 520 1372 genus
539 1309 895 1372 compositionis
914 1310 1039 1354 ultro
1057 1309 1415 1355 xaffectaverint.
1445 1308 1574 1354 Nam

121 1384 245 1448 apud
279 1385 549 1431 Homerum
587 1386 807 1432 notabilis
844 1386 922 1431 ille
954 1403 1113 1431 versus
1151 1385 1365 1439 habetur,
1403 1385 1449 1430 in
1484 1402 1578 1446 quo

121 1470 345 1523 quattuor
372 1463 522 1526 longae
547 1464 741 1527 syllabae
766 1464 869 1525 lege
894 1462 1224 1508 communium
1251 1479 1337 1524 pro
1359 1461 1578 1506 brevibus

121 1538 353 1584 rinduetae
378 1539 699 1602 accipiuntur:
739 1539 873 1600 cujus
901 1539 1199 1602 zexemplum
1227 1547 1310 1595 est,

254 1615 296 1661 οὔ
319 1636 356 1661 τι
381 1638 448 1677 μοι
473 1615 582 1672 αἰτίη
608 1616 714 1670 ἐ’σσι,
741 1615 814 1662 θεοὶ
839 1616 879 1662 νύ
901 1638 968 1676 μοι
993 1615 1111 1661 αἴτιοι
1136 1615 1276 1661 aciem.

122 1691 229 1737 Alia
266 1709 421 1738 rursus
463 1692 586 1756 apud
623 1692 823 1738 eundem
862 1692 1034 1756 speciei
1068 1691 1295 1755 superiori
1336 1691 1582 1747 contraria,
1600 1709 1643 1737 30

123 1769 174 1814 in
200 1785 292 1830 qua
319 1769 478 1814 breves
506 1786 590 1831 pro
615 1768 767 1831 longis
792 1768 895 1830 lege
922 1768 1254 1814 communium
1275 1768 1582 1831 recipiuntur,

123 1854 176 1890 ut
200 1857 285 1901 est,

256 1920 366 1982 ἀμφὶ
390 1921 421 1967 δ’
446 1921 503 1983 ἄρ’
529 1921 751 1985 ἀμβρόσιον
776 1921 878 1967 ἑανὸν
902 1920 1007 1966 ἕσαθ’
1033 1920 1069 1966 ‹S‘v
1093 1921 1128 1967 οἷ
1149 1922 1306 1977 Ἀθήνη.

124 1997 255 2043 Nam
291 2007 383 2043 tres
419 1998 630 2043 continui
661 1997 836 2060 dactyli
872 1997 927 2043 be
954 1997 1100 2043 ternis
1131 1996 1323 2060 syllabis
1360 1996 1581 2042 brevibus
1602 2008 1639 2037 31

126 2073 404 2129 subsistunt,
429 2074 563 2135 cujus
592 2075 774 2136 generis
809 2074 933 2138 apud
960 2073 1162 2120 eundem
1190 2073 1458 2136 complures
1484 2090 1584 2118 ver-

126 2167 201 2195 sus
226 2150 535 2213 reperiuntur.

189 2225 406 2288 Dignum
443 2227 637 2272 forsitan
676 2227 980 2289 inquisitione
1017 2226 1090 2283 sit,
1117 2244 1199 2272 cur
1236 2235 1366 2271 muta
1392 2224 1583 2287 liquidae
1602 2238 1642 2267 32

125 2302 300 2348 sociata
325 2321 630 2350 communem
659 2305 887 2367 syllabam
926 2303 1103 2361 reddat,
1128 2303 1232 2350 duae
1259 2312 1415 2349 autern
1444 2302 1585 2348 semi-

124 2380 307 2426 vocales
325 2389 404 2426 aut
425 2391 567 2426 mutae
587 2382 818 2445 copulatae
838 2381 1054 2427 similiter
1072 2381 1192 2426 inter
1212 2399 1259 2426 se
1276 2397 1581 2442 nequaquam

128 2455 172 2501 id
211 2456 400 2513 faciant,
438 2475 531 2503 non
569 2457 846 2504 Cinmerito:
883 2456 1022 2503 dnarn
1063 2474 1209 2519 quum
1253 2456 1404 2518 major
1445 2456 1492 2502 in
1530 2456 1583 2502 li-
1602 2466 1642 2495 33

125 2531 270 2594 quida
293 2550 435 2594 quam
462 2533 511 2579 in
536 2544 670 2580 muta
689 2534 835 2579 virtus
862 2534 936 2588 sit,
958 2542 1124 2598 utpote
1149 2533 1449 2589 eametabola,
1476 2550 1582 2595 quae

180 2661 195 2680 ²·
215 2655 331 2702 quod]
355 2654 440 2703 quia
460 2656 500 2690 P.
639 2661 653 2681 S
675 2655 812 2704 longae]
835 2654 946 2704 longe
967 2656 1008 2691 P.
1146 2655 1160 2680 ’ί
1180 2653 1428 2704 proceritatis]
1454 2666 1582 2702 proce-

129 2706 214 2743 ritas
234 2707 274 2743 P.
399 2715 418 2733 V
438 2708 554 2756 quod]
577 2721 658 2756 quae
680 2710 719 2744 P.
742 2716 780 2744 et
800 2707 903 2744 infra.
1032 2715 1061 2733 W
1079 2708 1270 2754 authores]
1295 2716 1463 2743 auctores
1485 2707 1524 2741 P.
1547 2714 1585 2741 et

128 2760 234 2796 infra.
380 2768 401 2787 X
421 2760 658 2808 affectarint]
682 2761 945 2797 affectaverint.
975 2761 1074 2796 Nam
1097 2761 1137 2796 P.
1284 2768 1303 2795 Y
1324 2760 1501 2806 inductae]
1525 2772 1583 2793 su-

130 2826 245 2862 prasc.
268 2826 289 2849 a
310 2827 344 2862 p.
366 2827 414 2850 m.
435 2815 474 2850 P.
643 2821 661 2840 Ζ
681 2814 914 2863 exemplum]
941 2814 1152 2864 exemplum
1175 2821 1230 2849 est
1250 2814 1289 2849 P.
1446 2819 1465 2838 a
1484 2811 1580 2857 εἰσιν]

130 2882 222 2902 εσιαν
241 2868 282 2903 Ρ.
312 2867 403 2903 Mox
423 2869 551 2914 speciei
572 2868 722 2904 Putsch.
766 2867 868 2903 Libri
889 2869 1014 2915 specie.
1152 2864 1172 2892 b
1193 2866 1358 2912 aeternis]
1382 2863 1518 2901 eternis
1541 2864 1581 2899 P.

131 2925 148 2944 c
166 2919 371 2968 immerito]
402 2918 577 2956 inmerito
600 2921 638 2956 P.
781 2918 801 2946 d
821 2933 907 2956 nam
928 2920 1032 2967 cum]
1056 2932 1181 2968 namq3
1203 2923 1226 2954 ᾖ
1248 2920 1288 2954 P.
1428 2924 1444 2943 e
1467 2924 1582 2953 meta-

135 2971 235 3019 bola]
259 2972 468 3009 ametabola
487 2972 642 3010 Vossius
662 2974 704 3010 A.
722 2974 768 3009 G.
786 2975 815 3009 Ι.
838 2986 895 3021 19.
