1962 3355
324 212 418 249 332
792 203 944 250 Atilii
968 203 1310 250 Fortunatiani
1582 216 1691 245 PAR.
1717 215 1772 245 11.

326 324 413 370 hac
450 333 580 387 parte
604 324 1027 388 deprehendemus,
1050 324 1108 370 de
1133 325 1305 385 quibus
1342 323 1390 368 in
1427 322 1499 367 his
1535 320 1664 366 libris
1693 336 1774 365 ex-

324 400 623 463 plicabimus,
649 418 765 462 quos
791 401 849 446 de
874 400 1054 446 melicis
1078 398 1228 462 poetis
1253 406 1300 442 et
1323 397 1381 442 de
1405 395 1593 459 tragicis
1618 395 1772 440 choris

325 476 540 539 scripturi
580 477 819 523 videmur:
856 476 1027 538 quibus
1065 491 1256 519 necesse
1295 473 1381 518 erit
1419 473 1561 518 etiam
1604 472 1774 517 Graeca

327 552 623 614 interponere
649 552 894 614 exempla3
932 549 1057 612 quod
1094 567 1151 595 ne
1185 548 1444 594 faceremus
1468 548 1514 593 in
1541 548 1632 593 hoc
1654 547 1774 592 libro

325 627 685 673 elaboravimus.
754 627 882 671 Nam
910 626 945 671 si
973 626 1192 671 volumus
1217 625 1274 671 de
1308 625 1439 670 omni
1475 623 1655 670 ratione
1678 640 1776 668 car-

327 703 507 748 minum
546 703 714 755 dicere,
751 719 940 748 necesse
977 710 1048 747 est
1083 701 1140 747 ad
1182 718 1342 747 eorum
1381 700 1539 763 copias
1577 715 1772 744 manum

324 779 644 842 porrigamus:
682 778 761 838 qui
799 794 907 822 cum
946 787 1100 823 essent
1136 795 1229 822 non
1267 785 1452 822 tantum
1487 784 1640 838 poetae
1674 792 1777 837 per-

324 853 585 907 fectissimi,
611 852 689 898 sed
715 853 857 897 etiam
884 853 1067 908 musici,
1087 854 1186 899 sine
1214 870 1386 914 magno
1412 852 1568 897 labore
1593 867 1778 914 praepa-

324 931 434 976 ratis
460 931 715 975 utebantur
737 928 1057 975 facultatibus

859 1095 1246 1120 ..ψ

870 1208 1101 1259 PARS
1163 1207 1237 1258 ΙΙ.

915 1346 1102 1412 Prcefa
1109 1347 1192 1397 tio.

394 1461 497 1505 Etsi
524 1461 620 1506 scio
644 1471 690 1506 te
709 1461 838 1506 omni
864 1462 1019 1506 studio
1040 1471 1180 1524 atque
1200 1462 1370 1507 virtute
1389 1461 1437 1506 in
1462 1461 1550 1506 hoc
1569 1459 1777 1505 maxime

328 1538 550 1592 laborare,
577 1547 630 1583 ut
653 1547 884 1582 oratorem
911 1546 956 1582 te
992 1538 1149 1600 perfici
1182 1538 1310 1595 velis,
1333 1548 1379 1583 et
1416 1538 1506 1583 hoc
1543 1554 1689 1583 unum
1728 1536 1777 1582 in

328 1614 488 1659 animo
525 1614 773 1667 revolvere,
799 1631 893 1675 quo
926 1632 1012 1659 avo
1038 1624 1084 1660 et
1112 1633 1207 1676 quo
1241 1625 1370 1678 patre
1407 1615 1466 1660 sis
1502 1624 1654 1669 natus,
1679 1613 1777 1659 dies

327 1699 583 1750 noctesque
609 1688 836 1744 insistere,
863 1700 913 1734 ut
939 1690 1207 1752 eloquentia
1233 1691 1533 1736 tsenatoriam
1563 1689 1778 1736 cumules

327 1765 635 1827 dignitatem:
676 1764 808 1826 (quid
843 1765 968 1810 enim
1006 1766 1249 1827 pulchrius
1285 1766 1621 1812 Vdisertissimo
1658 1782 1779 1829 prae-

327 1841 457 1887 tore?
496 1851 576 1886 aut
599 1840 711 1902 quid
740 1841 990 1886 sublimius
1015 1842 1405 1905 eloquentissimo
1430 1842 1620 1888 consule
1637 1841 1674 1903 ἓ)
1711 1850 1781 1887 ta-

329 1934 438 1962 men
478 1917 674 1962 arbitror
706 1917 764 1962 ab
789 1917 868 1963 illa
892 1917 1155 1964 inrtutum
1187 1919 1403 1964 omnium
1429 1919 1504 1964 via
1528 1917 1781 1980 aliquando

328 1996 376 2040 in
400 1994 676 2040 diverticula
701 1993 1004 2050 flectendum,
1028 1994 1402 2057 discendumque
1427 2012 1525 2040 esse
1557 2004 1782 2058 praeterea

330 2070 523 2132 aliquid,
559 2069 852 2132 pedetentim
878 2079 1054 2127 tamen,
1072 2080 1119 2116 et
1143 2080 1345 2125 tantum,
1372 2082 1601 2133 quantum
1630 2079 1781 2116 orato-

329 2164 428 2192 rem
463 2156 510 2191 et
543 2163 637 2190 non
674 2147 824 2191 valeat
860 2163 1067 2200 avocare,
1104 2155 1150 2191 et
1186 2146 1333 2208 possit
1364 2164 1540 2192 ornare.
1611 2145 1782 2208 Cogita

331 2223 457 2268 enim
496 2230 572 2266 xte
613 2221 670 2267 de
708 2222 929 2267 omnibus
971 2222 1103 2267 bonis
1146 2223 1322 2268 artibus
1353 2222 1696 2283 judicaturum,
1734 2230 1781 2268 et

331 2307 508 2360 quanto
533 2297 762 2359 dignitate
798 2316 962 2343 onmes
999 2298 1217 2343 homines
1252 2298 1513 2350 Yanteieris‚
1537 2307 1670 2344 tanto
1696 2298 1782 2343 sci-

331 2373 458 2418 entia
489 2372 658 2417 debere
694 2382 928 2435 praestare.
997 2374 1173 2437 Accipe
1205 2374 1348 2433 igitur
1382 2373 1646 2420 Horatiana
1682 2392 1780 2420 me-

331 2459 401 2494 tra
417 2465 521 2509 quae
541 2448 709 2511 saepius
729 2450 964 2511 flagitasti.
1001 2449 1127 2495 Nam
1150 2450 1263 2511 quid
1284 2450 1423 2495 refert
1443 2450 1571 2496 hunc
1588 2460 1779 2513 poetam

332 2523 520 2579 imitari,
545 2533 718 2578 tenere,
743 2524 951 2587 diligere,
977 2526 1012 2570 si
1039 2543 1134 2571 non
1159 2543 1324 2571 omnes
1348 2526 1542 2572 virtutes
1567 2527 1666 2588 ejus
1702 2545 1784 2590 pe-

332 2599 459 2645 nitus
495 2599 803 2661 cognoveris?
842 2602 1000 2653 Quare
1037 2601 1298 2647 necessario
1325 2602 1464 2648 altius
1492 2611 1564 2649 Zet
1600 2604 1658 2649 ab
1694 2621 1783 2649 ovo

385 2730 399 2755 ’ί
418 2727 652 2776 senatoriam]
678 2730 799 2780 Vulgo
818 2736 1034 2767 senatorum.
1102 2739 1121 2757 V
1141 2733 1288 2779 diserto]
1312 2735 1539 2770 disertissimo
1562 2736 1605 2770 V.
1671 2737 1783 2770 inr..

336 2784 468 2829 tatum]
498 2785 668 2818 virtutum
701 2786 856 2819 omnium
889 2784 933 2820 V.
966 2785 1029 2832 qui
1060 2798 1143 2820 mox
1175 2786 1277 2822 addit
1308 2788 1342 2821 z‘n
1371 2789 1584 2823 diverticula
1602 2794 1687 2837 post
1710 2789 1778 2822 ali-

334 2837 489 2884 quanda.
602 2842 622 2860 X
643 2837 693 2883 te]
720 2849 761 2871 etr
782 2837 827 2872 V.
947 2844 964 2871 Υ
986 2839 1169 2885 anteieris]
1194 2841 1331 2875 anteire
1352 2840 1396 2876 V.
1417 2841 1522 2877 Med.
1644 2846 1662 2866 Ζ
1683 2845 1718 2875 et
1738 2841 1783 2876 ab

334 2891 415 2938 oro]
440 2892 549 2926 altius
569 2894 602 2925 et
623 2903 644 2925 α
666 2891 743 2925 vivo
764 2893 800 2927 in
823 2890 866 2926 V.
886 2896 922 2925 et
940 2902 961 2925 α
981 2891 1058 2927 vivo
1076 2892 1182 2928 Med.
