1962 3355
109 232 214 263 CAP.
233 226 278 273 9.
439 215 522 260 De
545 221 694 261 metro
723 214 877 260 lonico
900 213 977 259 ἀπὸ
1003 214 1230 264 ἐλάσσονος.
1473 221 1558 259 125

108 336 505 383 BaecheBromie
520 336 711 383 Bacche
724 335 920 382 Bromie
936 335 1131 381 Bacche
1146 333 1345 380 Bromie
1358 333 1563 380 Bacche.

109 415 251 469 Item,

240 488 401 535 Frena
428 506 609 552 capere,
635 488 731 535 tela
756 495 968 551 quatere,
991 504 1110 533 Sama
1118 486 1293 551 jacere
1317 485 1457 532 disce.

108 563 174 609 Et
207 565 346 626 gquia
380 566 482 610 fluit
513 564 737 620 numeris,
773 573 825 609 ut
861 563 1116 626 rhythmus
1156 562 1396 625 accipitur.
1466 560 1565 607 De-
1589 578 1626 610 ¹9

111 639 225 685 hinc
261 640 371 701 quia
407 651 572 704 aptum
611 640 891 687 saltantibus
928 639 1129 695 videtur,
1153 635 1505 701 Ῑῑὺπορχηματικον
1540 655 1566 682 a

111 715 288 761 Graecis
314 716 498 762 dicitur.
548 716 638 762 Sed
665 725 711 762 et
736 715 1103 779 ithyphallicum
1135 723 1338 760 metrum
1367 732 1391 760 e
1416 714 1565 760 tribus

111 791 327 838 trochaeis
353 810 621 838 connexum
658 810 780 856 saepe
806 793 934 838 hunc
960 792 1236 854 tribrachyn
1263 791 1350 837 sibi
1377 791 1564 836 inserit:

110 877 178 924 ut,

447 933 611 980 Hasta
636 933 823 981 ivit-idio·
845 941 1013 981 armet.

115 1009 252 1068 Item,

419 1076 651 1123 Placidus
668 1077 866 1139 percipe
890 1094 1077 1123 munus.

112 1173 253 1225 Quod
291 1174 553 1219 necessario
590 1174 925 1220 insinuandum
967 1192 1066 1220 esse
1104 1173 1264 1219 lectori
1300 1174 1476 1227 censui,
1511 1192 1569 1219 ne

112 1248 482 1312 ithyphallicum
521 1260 724 1296 metrum
753 1268 777 1296 e
802 1250 952 1296 tribus
990 1268 1176 1313 semper
1210 1250 1425 1296 troehaeis
1462 1251 1570 1295 sub-

112 1324 273 1370 sistere
299 1325 520 1372 audacter
545 1344 599 1373 ae
624 1335 801 1372 temere
827 1327 1165 1390 pronuntiaret.

231 1468 364 1520 CAP.
398 1469 497 1521 IX.
558 1472 643 1522 De
670 1479 836 1523 metro
864 1472 903 1521 I
901 1471 1047 1522 onie-0
1072 1469 1165 1520 οὶπὶ
1193 1468 1446 1524 ἐλάσσονος.

181 1556 373 1603 Ionicus
410 1558 578 1612 minor,
621 1575 763 1621 quem
810 1558 975 1604 musici
1018 1557 1093 1603 ἀπὸ
1130 1559 1343 1610 ἐλάσσονος
1385 1568 1570 1614 vocant,

113 1634 346 1679 contrario
371 1651 514 1696 quam
553 1635 762 1697 superior
799 1635 891 1680 situ
927 1644 1216 1699 temporum,
1244 1636 1450 1698 priorem
1489 1634 1570 1680 ha-

113 1712 193 1757 bet
228 1712 545 1775 pariambum,
582 1722 859 1774 sequentem
897 1712 1176 1776 spondeum,
1218 1720 1265 1757 et
1299 1710 1417 1756 khos
1455 1711 1574 1756 invi-

114 1805 236 1844 cem,
254 1798 308 1834 ut
333 1789 559 1852 superior,
579 1789 678 1835 sine
699 1791 794 1836 fine
817 1789 1090 1836 ¹currentes.
1130 1789 1341 1851 Adaeque
1361 1789 1573 1852 spondeo

113 1865 409 1919 terminatur,
436 1874 485 1912 ut
524 1866 678 1912 ionico
717 1867 950 1929 congruit,
987 1883 1096 1912 nam
1134 1883 1321 1929 semper
1356 1866 1575 1911 affectant

115 1941 162 1986 hi
202 1941 354 2004 longis
391 1942 584 2005 syllabis
618 1943 875 2000 terminari,
900 1942 980 2004 qui
1007 1960 1117 1989 cum
1144 1942 1319 1987 divisus
1345 1951 1429 1998 est,
1454 1941 1574 1987 inte·

116 2017 208 2080 gris
264 2019 472 2081 syzygiae
520 2035 577 2064 ex
626 2036 719 2081 qua
766 2029 952 2065 constat
998 2019 1294 2082 temporibus
1342 2018 1572 2064 efferatur.

115 2095 277 2146 ¹¹¹Quae
303 2094 339 2139 si
365 2095 495 2140 velut
521 2094 577 2140 ad
614 2095 896 2158 rhythmum
924 2094 1106 2157 digesta
1129 2094 1397 2151 decurrunt,
1422 2094 1575 2158 aptior
1596 2115 1610 2135 z

115 2188 168 2216 ac
214 2170 458 2234 pulchrior
500 2171 766 2217 habebitur.
840 2171 1001 2217 nNam
1051 2172 1215 2217 solutis
1262 2171 1432 2234 longiS‚
1477 2171 1574 2216 sive

114 2257 312 2311 utraque
349 2248 464 2310 ejus,
502 2248 598 2294 sive
633 2248 808 2294 alterna
848 2248 896 2293 in
934 2247 1050 2293 duas
1079 2248 1258 2304 breves,
1294 2265 1375 2293 seu
1411 2257 1574 2294 contra

116 2326 340 2371 connexis
378 2326 424 2370 in
462 2342 606 2371 unam
638 2325 828 2388 longam
856 2324 1039 2371 duabus
1077 2324 1313 2378 brevibus,
1338 2324 1434 2370 vim
1466 2342 1574 2388 pro-

115 2402 228 2465 priae
252 2411 429 2448 naturae
451 2402 745 2464 modumque
770 2401 1045 2465 corrumpit,
1071 2410 1213 2463 atque
1237 2418 1294 2447 ex
1322 2418 1369 2446 se
1393 2400 1575 2446 diversa

115 2495 287 2541 genera
312 2479 586 2542 speciesque
610 2478 842 2542 producit.
917 2477 1061 2524 Unde
1092 2478 1373 2541 plerumque
1410 2478 1575 2541 recipit

168 2630 189 2657 g
208 2623 323 2672 quod]
346 2622 432 2672 quia
450 2624 491 2659 P.
602 2622 622 2649 h
642 2624 937 2671 ὑπερχρωματικὸν]
964 2621 1332 2673 hyperchrematicon
1354 2623 1392 2658 P.
1490 2621 1500 2648 i
1523 2622 1573 2658 vi-

115 2675 220 2723 ridis]
241 2675 433 2726 viriperdis
454 2677 495 2714 P.
656 2675 677 2702 k
698 2677 787 2725 hoc]
813 2677 881 2713 hos
902 2677 943 2713 P.
1101 2674 1111 2702 l
1132 2677 1300 2723 currens]
1322 2683 1511 2713 currentes
1531 2677 1570 2711 P.

813 2740 832 2759 a

115 2778 146 2797 m
166 2773 259 2811 Quae
280 2771 327 2820 si]
351 2773 426 2812 Qui
447 2773 485 2809 Ρ.
599 2780 618 2799 n
642 2773 758 2820 Nam]
784 2786 859 2809 non
880 2774 921 2809 P.

175 2904 233 2939 19.
263 2893 556 2940 ὑπερχρωματικὲιι]
592 2892 698 2942 Lego
728 2896 817 2939 ἐπορ-
874 2893 1092 2928 Nunnesius
1108 2905 1166 2942 ap.
1183 2891 1433 2928 Santen.Ter.
1447 2889 1570 2925 Maur.

117 2945 308 2991 χηματικᾶν.
339 2945 512 2981 COMM.
564 2947 818 2993 ὑπορχηματικὲν
873 2959 908 2994 p.
930 2957 1013 2981 100.
