1962 3355
316 217 404 267 178
821 205 978 253 Marii
1005 206 1236 254 Victorini
1556 217 1654 248 Lm.
1680 217 1757 247 111.

377 330 543 393 Inquit
567 329 748 375 amicus
772 345 892 393 ager
917 328 1118 383 domino,
1144 327 1262 373 Sere
1278 324 1508 387 plurima,
1532 322 1743 368 reddam.

379 406 435 452 Si
459 407 572 453 bene
594 407 660 452 mi
666 404 854 469 facias,
880 404 1071 449 memini
1095 403 1181 448 tibi
1203 400 1383 447 solvere
1403 405 1586 462 grates.

379 483 541 529 Audio
567 481 852 528 canticulum
876 479 1092 541 Zephyri
1114 476 1387 524 modulante
1408 491 1623 520 susurra.

314 559 388 604 Ita
420 576 502 622 per
537 558 846 619 adjectionem
883 554 1054 601 residui
1092 552 1341 599 commatis
1379 551 1548 595 herous
1582 550 1764 609 integer

314 634 505 680 effectus
531 643 614 678 est.

276 730 295 760 9
382 709 503 755 Item
531 725 587 754 ex
613 708 764 754 tribus
789 706 1003 769 dactylis,
1023 703 1274 750 accedente
1301 701 1357 747 ad
1384 701 1609 747 extimam
1638 701 1765 747 clau-

316 785 463 830 sulam
506 782 781 846 pyrrhichio
820 799 900 827 seu
948 781 1122 835 iambo,
1170 779 1302 842 lyrici
1344 795 1502 823 versus
1541 786 1764 831 metrum,

315 859 438 921 quod
466 858 616 905 Graeci
654 857 932 903 aCalabrion
970 856 1225 919 appellant,
1250 853 1595 907 informabitur,
1633 870 1768 899 usur-

314 945 477 998 patum
506 952 530 979 a
555 933 821 996 pastoribus
847 931 1074 986 Calabris,
1095 931 1175 993 qui
1201 931 1449 977 decantare
1474 948 1544 976 res
1571 929 1765 975 rusticas

317 1011 387 1055 his
413 1009 564 1055 verbis
591 1010 756 1062 solent,
777 1007 901 1069 quod
929 1024 1077 1070 genus
1104 1007 1238 1052 metri
1260 1007 1507 1053 Annianus
1527 1006 1763 1052 Faliscum

317 1103 504 1132 carmen
532 1085 757 1139 inscribit,
783 1094 1046 1145 tamquam,

520 1159 751 1206 Carmina
770 1177 861 1221 per
883 1160 1044 1205 varios
1069 1159 1186 1204 dare
1210 1159 1379 1206 modos.

262 1261 299 1282 ιο
320 1238 390 1284 Ut
411 1247 480 1283 est
506 1236 621 1282 illud
649 1236 773 1299 apud
801 1235 1085 1298 Septimium
1115 1236 1360 1291 Serenum,

522 1312 727 1361 Quando
736 1310 955 1376 flagella
980 1310 1121 1373 ligas,
1148 1311 1216 1356 ita
1242 1310 1359 1373 liga,

521 1388 648 1434 Vitis
673 1395 717 1434 et
741 1387 897 1433 ulmus
922 1387 993 1432 uti
1016 1385 1162 1432 simul
1184 1392 1307 1432 eant.

320 1464 489 1509 Ferme
515 1480 678 1509 omnes
704 1462 880 1526 dactyli
920 1471 1043 1517 sunt,
1070 1461 1238 1507 ultimo
1263 1461 1494 1524 disyllabo
1519 1461 1770 1507 accedente

320 1539 531 1601 quolibet
556 1548 755 1601 excepto
781 1538 1004 1602 spondeo,
1026 1537 1150 1599 quod
1177 1555 1325 1600 genus
1351 1547 1397 1583 et
1421 1554 1478 1582 ex
1505 1537 1773 1600 penthemi-

322 1632 447 1660 mere
479 1624 608 1659 tome
638 1613 827 1659 formari
862 1612 1060 1676 poterit:
1097 1613 1161 1659 ita
1193 1623 1246 1659 ut
1275 1613 1459 1659 duobus
1492 1612 1692 1675 dactylis
1725 1623 1772 1658 et

321 1689 559 1752 semipede
596 1700 774 1752 partem
804 1688 1057 1734 borationis
1091 1689 1400 1751 implentibus
1427 1688 1611 1735 residua
1637 1689 1771 1735 metri

321 1765 475 1828 portio
509 1765 693 1810 duobus
731 1765 991 1828 disyllabis,
1028 1765 1074 1810 id
1108 1775 1178 1811 est
1211 1766 1487 1829 pyrrhichio
1520 1776 1566 1812 et
1597 1766 1773 1820 iambo,

322 1851 618 1895 terminetur,
646 1851 713 1897 ut,

525 1916 655 1963 Vitis
679 1923 724 1963 et
747 1916 905 1964 ulmus
928 1919 1026 1964 cati
1050 1918 1196 1964 simul
1219 1927 1342 1965 eant.

270 2016 300 2036 ιι
322 1992 536 2054 Adaeque
569 1992 654 2038 dex
681 2003 904 2054 quattuor
929 1994 1082 2040 herois
1108 2005 1154 2040 et
1179 1994 1419 2059 semipede
1445 1994 1777 2042 accedentibus

324 2068 508 2114 duobus
535 2068 590 2113 ad
619 2070 762 2114 finem
789 2087 947 2115 versus
977 2070 1161 2127 iambis,
1184 2072 1546 2118 Archilochium
1575 2082 1775 2118 metrum

324 2146 658 2207 procreabitur,
686 2155 736 2190 ut
760 2155 845 2201 est,

459 2219 712 2266 eVelivolis
728 2228 964 2281 properat
988 2221 1243 2283 multisque
1267 2222 1463 2285 citisque
1486 2223 1699 2269 navibus.

329 2294 469 2347 Quod
524 2295 560 2340 si
614 2312 698 2357 pro
741 2296 942 2342 navibus
989 2297 1166 2342 carinis
1212 2298 1437 2360 posueris,
1483 2299 1565 2344 fiet
1612 2298 1780 2345 herous

333 2371 617 2416 hexameter.

385 2482 404 2501 a
424 2473 641 2521 Calabrion]
665 2473 868 2510 Colobrion
892 2476 931 2511 P.
965 2489 995 2510 v.
1015 2476 1168 2512 Santen.
1182 2477 1267 2512 Ter.
1282 2477 1404 2513 Maur.
1428 2491 1461 2525 p.
1477 2489 1565 2525 333.
1596 2478 1690 2514 Bon
1711 2480 1783 2515 Fa-

332 2527 464 2564 liscum
488 2528 526 2563 P.
558 2526 767 2564 Phaliscum
790 2528 872 2563 edd.
1006 2526 1026 2554 b
1046 2528 1240 2576 orationis]
1266 2530 1494 2566 orationibus
1516 2532 1555 2567 P.
1683 2539 1699 2558 c
1720 2534 1778 2580 ut]

334 2589 371 2617 et
391 2581 429 2616 P.
561 2578 580 2605 d
599 2589 635 2616 et
655 2581 829 2628 quatuor]
855 2594 895 2616 ei:
917 2589 1093 2629 quattuor
1113 2582 1152 2616 P.
1293 2588 1308 2607 e
1329 2583 1780 2634 Velivolis——multisque]

333 2642 369 2669 et
391 2633 736 2669 velivolis—multis
757 2634 796 2669 P.

388 2724 425 2760 9.
447 2713 658 2759 Annianus]
684 2714 920 2748 Terentianus
935 2716 1031 2762 conj.
1151 2726 1206 2750 10.
1245 2716 1398 2755 Quando
1413 2717 1571 2765 flagella
1607 2720 1697 2765 ligas
1734 2720 1786 2754 ita

337 2764 530 2801 Fabricius
550 2764 646 2801 Bibl¹
664 2766 745 2801 Lat.
759 2766 825 2801 IV.
841 2778 877 2812 4,
894 2778 928 2812 3.
962 2767 1031 2802 Sed
1089 2767 1179 2813 liga]
1197 2768 1305 2816 Apud
1319 2769 1584 2806 Terentianum
1602 2773 1651 2817 (v.
1664 2773 1782 2814 2001)

335 2819 628 2867 Annianumpro
638 2827 787 2854 auctore
801 2818 1030 2854 Faliscorum
1081 2818 1192 2866 jngas
1225 2831 1262 2855 et
1290 2820 1397 2868 juga.
1454 2823 1506 2858 Et
1545 2837 1629 2859 mox
1668 2824 1785 2860 scribe

336 2870 540 2906 carminum
573 2871 783 2907 habendum
805 2884 884 2907 esse
903 2872 1033 2907 statuit
1087 2871 1234 2915 iterum,
1273 2876 1362 2909 vitis*
1391 2880 1425 2910 et
1466 2877 1582 2912 ulmus
1624 2879 1677 2913 uti
1711 2885 1783 2913 etc.

337 2923 571 2960 &Vernsdorfi
587 2925 691 2960 Poet.
707 2924 950 2961 Lat,Min.T.
962 2924 1030 2960 IV.
1088 2925 1284 2961 CAMER.

336 2989 372 3025 p.
389 2976 477 3013 818.
