1962 3355
147 184 251 215 CAP.
270 177 349 216 34.
567 170 649 216 De
672 187 893 217 versuum
913 171 1187 234 generibus.
1504 179 1597 219 485

429 288 528 329 Jam
552 302 666 344 vaga
687 289 824 329 tollere
844 289 1025 330 Phoebus

433 356 618 396 Lumina
637 356 819 397 destinat
837 363 947 398 ortu.

676 508 760 555 De
783 514 1080 556 tetrametro.
1620 531 1641 559 4

210 595 507 641 Tetrameter
543 595 752 641 uherous
792 614 851 643 ex
893 596 1109 643 inferiore
1147 606 1279 660 parte
1318 596 1599 653 hexametri,

146 671 309 733 chjus
335 671 609 735 exemplum
637 682 707 718 est
731 673 838 730 tale,

371 748 573 788 Fulmina
591 749 771 790 nubibus
791 749 914 790 obvia
934 755 1112 805 torques.

587 887 672 934 De
688 895 992 950 pentametro
1017 889 1172 935 heroo.
1621 913 1638 944 5

212 976 512 1021 pentameter
552 976 720 1022 herous
759 993 818 1022 ex
855 975 1073 1022 inferiore
1108 984 1242 1039 parte
1280 975 1600 1022 whexametri.

146 1051 306 1113 Hujus
333 1053 609 1115 exemplum
638 1063 723 1107 est,

315 1129 586 1183 xSparsaque
607 1128 834 1168 luminibus
846 1128 974 1183 polus
996 1128 1155 1168 indicat
1175 1133 1308 1168 astra.

146 1199 267 1247 Haec
292 1200 439 1246 incisa
463 1200 701 1255 dicuntur,
727 1200 772 1246 id
797 1209 869 1247 est
893 1210 1148 1258 commata,
1174 1208 1275 1247 XXet
1299 1199 1514 1263 quaedam
1543 1216 1601 1246 ex

144 1276 348 1322 inferiori
385 1286 517 1340 parte
549 1276 812 1323 hexametri
850 1276 1059 1323 detracta
1093 1287 1293 1341 possunt
1329 1277 1493 1334 videri,
1514 1276 1603 1323 yde

144 1352 383 1416 superiore
408 1352 621 1414 ejusdem
648 1362 781 1417 parte
805 1352 1009 1400 desecta.

548 1494 631 1541 De
647 1502 951 1558 pentametro
978 1494 1205 1559 elegiaco.
1620 1503 1641 1535 6

209 1581 511 1627 pentameter
535 1581 787 1645 elegimus,
812 1581 946 1643 cnjus
971 1582 1248 1646 exemplum
1275 1591 1361 1638 est,

345 1658 540 1698 Candida
560 1659 719 1698 ceruleo
739 1664 842 1699 nata
871 1660 1004 1699 Venus
1016 1659 1189 1714 pelago.

145 1730 242 1776 Hie
274 1740 459 1777 constat
491 1749 550 1777 ex
585 1731 770 1778 duobus
809 1731 1053 1796 principiis
1093 1731 1376 1786 hexametri,
1411 1730 1603 1794 zrecipit

146 1806 189 1851 in
229 1806 325 1852 imo
363 1806 458 1853 duo
494 1816 772 1871 anapaestos,
809 1808 880 1854 vel
919 1818 1043 1854 certe
1082 1807 1393 1854 novissimum
1437 1807 1602 1854 tribra-

144 1882 288 1945 chyn,
315 1883 539 1946 praedicta
563 1886 744 1930 ratione
769 1884 1046 1931 ultimarum
1073 1885 1380 1948 syllabarum.

614 2025 699 2072 De
724 2025 926 2073 iambico
950 2027 1134 2073 comico.
1622 2049 1638 2081 7

209 2111 450 2158 lambiens
476 2112 555 2175 qui
582 2121 746 2160 averus
771 2123 840 2160 est
865 2123 1051 2162 constat
1076 2132 1134 2161 ex
1160 2114 1384 2161 omnibus
1416 2114 1601 2173 iambis,

144 2198 211 2245 ut,

312 2265 433 2305 Anus
455 2266 614 2307 virente
635 2273 743 2307 secta
765 2266 785 2295 b
790 2269 920 2323 pinus
942 2268 989 2307 in
1013 2267 1173 2324 Grago.

142 2418 204 2462 B.)
235 2418 360 2452 tollere
375 2417 520 2463 phaebus
540 2420 677 2454 lamma
697 2421 853 2456 destinat
873 2425 957 2456 ortu
976 2420 1070 2456 AB.
1118 2420 1249 2469 Usque
1268 2420 1316 2456 ad
1336 2421 1504 2457 Fulmina
1524 2433 1599 2456 om.

142 2469 238 2505 Ven.
314 2475 336 2494 u
355 2469 540 2519 heroicus]
566 2473 693 2508 herous
707 2474 751 2509 A.
774 2482 812 2510 et
832 2473 884 2510 sic
906 2472 1053 2522 ubique.
1122 2480 1141 2499 V
1162 2471 1270 2520 hujus
1286 2473 1502 2523 exemplum
1523 2474 1597 2520 est]

142 2521 242 2568 cujus
263 2523 461 2570 exemplum
482 2529 534 2559 est
555 2526 629 2560 tale
646 2526 693 2562 B.
860 2533 889 2552 W
909 2528 1109 2564 hexametri
1129 2540 1204 2563 orn.
1226 2528 1324 2564 Ven.
1434 2534 1455 2553 Χ
1474 2539 1602 2575 sparsa

143 2589 238 2622 aqua
259 2576 449 2611 luminibus
467 2579 621 2623 popalus
643 2580 773 2626 (polus
791 2580 856 2627 A.)
878 2582 1015 2616 indicat
1034 2586 1135 2617 astra
1155 2581 1248 2617 Α.Β.
1346 2587 1387 2607 XX
1407 2580 1596 2629 quaedam]

143 2635 176 2665 et
197 2630 359 2676 quaedam
378 2629 476 2665 Α.Β.
500 2630 595 2667 Ven.
687 2639 707 2666 y
726 2640 764 2668 et
785 2632 831 2669 de
850 2634 1038 2683 superiore
1056 2633 1152 2682 ejus]
1178 2636 1222 2670 de
1241 2636 1425 2682 superiore
1443 2633 1600 2680 ejusdem

143 2683 238 2719 AB.
260 2688 294 2718 et
314 2695 389 2717 om.
410 2682 510 2719 Ven.
643 2691 661 2710 Ζ
680 2684 812 2734 recipit
832 2685 921 2723 imis·
939 2687 1032 2724 duos
1052 2695 1261 2736 anapaestos
1282 2687 1337 2724 vel
1358 2694 1459 2723 certe
1479 2687 1601 2722 novis-

143 2735 255 2782 simo]
279 2737 410 2783 recepit
432 2737 467 2771 tn
496 2737 566 2770 imo
595 2738 666 2772 cluo
697 2744 890 2784 anapestus
918 2741 1125 2788 (anapestos
1145 2742 1210 2788 B.)
1244 2742 1300 2777 vel
1330 2746 1424 2776 certe
1452 2741 1599 2775 novissi-

144 2801 240 2824 mum
259 2790 354 2825 AB.
376 2790 501 2836 recipit
524 2791 907 2828 mitio—novissimum
928 2794 1024 2830 Ven.
1153 2801 1173 2821 a
1191 2807 1315 2831 versus
1335 2801 1392 2829 est
1410 2791 1596 2838 comicus]

143 2854 247 2878 verus
266 2847 317 2877 est
336 2843 384 2879 Β.
407 2844 558 2878 comicus
577 2841 667 2879 item
689 2856 764 2879 om.
781 2846 823 2880 A.
912 2845 933 2874 b
955 2846 1005 2896 pi,
1020 2860 1089 2883 nus
1109 2860 1154 2883 ex
1175 2860 1263 2898 agro
1285 2847 1344 2882 hic
1365 2844 1512 2895 recipit]
1533 2846 1599 2892 pin

144 2897 199 2931 sin
217 2908 346 2943 grago.
378 2896 434 2932 hic
454 2897 584 2943 recepit
600 2896 643 2932 A.
659 2898 726 2944 pin
744 2898 799 2933 sin
818 2911 934 2946 grago
955 2900 1000 2937 B.
1018 2902 1125 2948 pinus
1144 2902 1181 2937 in
1201 2912 1291 2947 agro
1312 2899 1408 2935 Ven.
