1962 3355
114 203 221 234 CAP.
243 199 286 235 2.
566 187 650 232 De
675 185 937 249 Dactylico
959 193 1121 233 metro.
1505 196 1563 245 95

115 309 184 354 nit
208 324 377 354 vocum
413 307 592 369 integer
617 324 696 370 pes
722 324 837 363 esse,
862 306 941 352 sed
976 323 1095 351 sane
1111 314 1165 352 ut
1194 306 1415 369 perfectae
1448 308 1566 369 parti

114 383 337 429 orationis
362 383 420 428 de
445 383 657 445 sequenti
682 400 897 428 sermone
917 381 1094 444 aliquid
1121 381 1329 437 accedat,
1354 398 1442 427 nec
1465 399 1571 427 um-

113 477 256 522 quam
288 459 424 505 facile
460 477 571 506 cum
606 461 701 505 fine
734 457 866 522 pedis
901 475 1006 520 pars
1039 457 1262 503 orationis
1303 457 1569 520 impleatur.

117 535 171 581 In
210 535 459 598 anapaestis
492 545 648 581 autem
687 543 850 581 contra
887 534 1047 580 evenit
1081 533 1234 580 istud:
1272 532 1450 583 etenim
1487 544 1608 595 pesss

117 612 193 657 bic
217 611 413 674 singulis
439 610 852 674 conjugationibus
871 619 1052 673 partem
1074 610 1295 656 orationis
1315 608 1571 665 includere,

115 686 236 732 sicut
262 687 306 732 in
335 687 583 734 comoediis
619 687 844 750 pleraque
871 687 1092 751 exempla
1115 686 1368 733 declarant.
1437 685 1573 731 Non·
1590 706 1610 738 9

115 779 360 824 nunquam
403 763 508 809 haec
545 763 810 809 observatio
844 761 1235 826 praetermittitur,
1271 760 1353 807 sed
1383 760 1463 822 qui
1502 760 1574 805 fu-

115 838 237 884 erint
260 856 435 893 versus,
461 856 615 901 neque
638 856 808 886 sonum
834 857 989 902 neque
1019 839 1216 902 gratiam
1242 838 1504 893 habebunt,
1528 845 1574 881 et

116 931 266 978 prosae
300 915 497 963 orationi
535 915 714 962 similes
751 915 1014 961 audientur.
1084 914 1342 960 Trochaeus
1376 929 1575 960 numero
1597 933 1635 954 10

116 998 302 1036 tantum
342 991 627 1053 syllabarum
666 990 876 1054 spondeo
916 1007 1195 1052 congruens,
1227 989 1355 1035 velut
1397 987 1575 1034 alienus

119 1066 177 1111 ab
203 1065 292 1122 his,
317 1083 502 1130 semper
520 1066 566 1111 in
593 1067 773 1113 extima
792 1074 923 1128 parte
951 1082 1109 1111 versus
1136 1065 1385 1111 locabitur.
1424 1064 1578 1127 Super
1598 1079 1631 1100 1¹

119 1159 215 1202 quo
250 1141 392 1187 etiam
432 1160 560 1188 nunc
596 1142 719 1188 inter
751 1141 1087 1205 grammaticos
1131 1140 1186 1185 lis
1222 1139 1426 1203 pendet:
1464 1157 1575 1185 nam

118 1216 198 1278 qui
225 1234 335 1262 eum
374 1228 600 1274 asserunt,
626 1218 783 1263 ferunt
814 1216 1134 1280 pulchriorem
1167 1233 1353 1262 versum
1388 1217 1576 1280 epicum

118 1291 256 1345 effici,
286 1292 322 1337 si
359 1295 577 1348 κατάληξιν
609 1293 795 1347 habeat,
822 1292 867 1338 id
901 1301 986 1348 est,
1023 1292 1060 1338 si
1097 1292 1305 1338 troehaeo
1330 1292 1579 1338 claudente

119 1367 424 1414 terminetur:
462 1377 514 1414 ut
537 1367 850 1432 persuadeant
874 1367 1120 1430 dactylicis
1151 1367 1352 1430 pedibus
1378 1368 1580 1415 familia·

120 1444 232 1489 riter
263 1444 495 1490 trochaeos
529 1445 576 1491 in
608 1443 984 1508 depositionibus
1016 1443 1273 1506 conjugari.
1340 1443 1578 1490 Adversus
1601 1462 1635 1483 12

119 1537 238 1582 quos
274 1520 352 1566 alii
389 1521 479 1566 loci
515 1521 713 1577 extimo,
734 1520 781 1566 in
814 1537 910 1582 quo
944 1528 1130 1566 tantum
1165 1519 1303 1566 locali
1336 1520 1579 1584 praescrip-

120 1596 250 1641 tione
275 1597 506 1643 nituntur.
576 1597 682 1643 Nec
707 1596 987 1651 cimmerito,
1008 1604 1060 1642 ut
1085 1595 1339 1641 novissima
1363 1595 1462 1657 ejus
1489 1597 1582 1660 syl-

122 1672 242 1726 laba,
273 1671 406 1734 dquae
442 1690 628 1736 semper
660 1673 812 1719 brevis
845 1681 928 1728 est,
962 1689 1092 1717 mora
1125 1671 1363 1735 temporis.
1388 1671 1583 1718 interce-

121 1747 279 1805 dente,
314 1766 419 1811 quae
456 1749 504 1795 in
546 1751 641 1795 fine
675 1766 834 1795 versus
872 1747 1146 1794 naturaliter
1184 1748 1434 1811 contingit,
1474 1766 1584 1811 sup-

121 1824 319 1887 pleatur,
357 1842 453 1887 quo
490 1834 606 1872 tunc
649 1825 846 1872 demum
891 1841 975 1886 pro
1016 1824 1156 1886 longa
1197 1832 1424 1880 sumatur,
1462 1823 1583 1870 sicut

123 1900 358 1963 pleraeque
384 1901 430 1946 in
459 1902 620 1947 metris
646 1901 809 1947 finales
847 1899 1057 1962 syllabae,
1082 1899 1154 1944 vel
1189 1898 1347 1961 equod
1376 1899 1424 1945 in
1450 1899 1580 1945 omni

122 1992 257 2021 versu
284 1976 452 2023 ultima
478 1977 630 2022 brevis
662 1978 889 2038 ἀδιάφορος,
914 1974 961 2020 id
985 1983 1071 2031 est,
1096 1974 1385 2032 indifferens,
1414 1975 1584 2021 habea-

122 2058 212 2096 tur.
284 2052 404 2104 Quae
439 2062 599 2099 tamen
638 2052 875 2115 persuasio
907 2051 956 2097 in
994 2050 1153 2096 medio
1178 2051 1330 2113 posita
1355 2060 1513 2114 potest
1537 2061 1583 2098 et
1606 2072 1640 2100 13

122 2127 329 2173 trochaeo
354 2128 579 2175 accidere.
616 2129 729 2174 Non
756 2136 883 2174 amat
909 2136 1084 2180 autem,
1108 2135 1163 2172 ut
1187 2125 1369 2172 dictum
1396 2135 1481 2183 est,
1501 2144 1584 2190 per

123 2203 331 2266 singulos
379 2203 522 2267 pedes
561 2205 702 2251 verba
743 2204 894 2259 finire,
937 2202 1016 2249 sed
1056 2202 1324 2249 immiscere
1365 2203 1582 2267 syllabas.

176 2356 192 2375 e
212 2349 415 2398 immerito]
452 2350 585 2388 merito
607 2352 646 2387 P.
774 2349 792 2377 ‘l
812 2352 911 2400 quae]
946 2362 1019 2399 qua
1047 2350 1086 2385 P.
1216 2357 1232 2376 e
1250 2351 1368 2399 quod]
1395 2364 1466 2400 que
1488 2352 1528 2388 P.

125 2482 223 2513 mox,
264 2471 445 2506 includere
492 2470 595 2507 deest
631 2472 732 2513 solet,
768 2471 822 2508 vel
880 2478 1080 2507 renitarum
1095 2469 1271 2507 numeris.
1301 2472 1359 2515 Ut,
1374 2473 1425 2508 At
1441 2474 1583 2519 relgz'na

123 2530 222 2558 certe
260 2522 448 2559 subaudiri
484 2523 607 2561 debet.
650 2525 824 2561 COMM.
876 2523 998 2572 gralvi
1013 2522 1092 2569 jam
1117 2519 1124 2572 Ι
1149 2523 1284 2561 cludam
1313 2533 1363 2567 et,
1387 2525 1580 2574 Insiglnem

126 2575 211 2611 Hoc
233 2584 429 2612 monuerat
449 2576 693 2613 Camerarius.
876 2577 1027 2626 pieltate
1049 2576 1181 2623 vilrum
1203 2580 1256 2614 tot
1281 2578 1396 2627 aldire
1416 2580 1580 2629 lalbores.

178 2627 226 2664 ib.
252 2641 321 2675 quo
336 2635 447 2676 pacto
463 2632 578 2666 evenit
593 2643 717 2666 vocum
732 2631 824 2667 inte·
880 2631 1006 2666 CAM.

123 2693 188 2727 ger
204 2693 267 2728 pes
286 2682 373 2728 esse]
406 2682 615 2719 Mendosus
644 2691 682 2719 et
712 2685 826 2719 muti·
941 2695 999 2719 12.
1038 2682 1237 2731 κατάληξιν]
1284 2683 1308 2719 f.
1347 2684 1384 2719 in
1425 2682 1581 2720 catalexi

126 2733 182 2769 lus
202 2733 306 2770 locus
326 2733 364 2770 in
387 2734 582 2772 manifesto
605 2749 728 2779 sensu,
750 2736 827 2772 fieri
883 2737 1037 2773 Santen.
1057 2737 1145 2773 Ter.
1166 2737 1291 2773 Maur.
1314 2750 1349 2786 p.
1370 2748 1456 2784 219.

126 2786 225 2822 enim
259 2786 337 2823 vult
368 2787 551 2837 integrum
582 2789 716 2838 pedem
751 2802 826 2825 non
943 2801 1000 2837 13.
1022 2789 1180 2836 extimo]
1203 2788 1331 2826 extimi
1355 2789 1408 2825 Id.

128 2838 353 2889 integrarum
385 2853 515 2877 vocum
547 2842 610 2878 sed
641 2841 745 2891 quasi
772 2842 826 2878 di·
937 2842 986 2878 ib.
1009 2842 1134 2894 locali]
1160 2843 1302 2879 locatur
1321 2842 1376 2878 Id.
