1962 3355
349 199 419 240 xiv

661 287 732 324 Ed.

456 361 577 395 νείατον

457 412 503 447 ab
524 410 656 447 eodem

457 461 622 500 Laconia

457 515 556 553 varia

458 569 602 605 deserta
620 565 785 603 Laconia

459 619 646 670 Caryatidi

459 675 601 710 honore

458 726 666 772 βουκολισμὸς

460 792 481 815 a
501 777 633 814 Siculis

459 830 608 867 habitus
629 842 711 865 vero

458 884 578 919 inerat
597 890 635 918 et

462 935 660 972 multitudo
680 931 867 975 circuibat,
888 942 1036 968 carmen

459 988 668 1037 AEgyptum

459 1052 597 1076 clrcum
618 1051 734 1088 pagos

459 1104 633 1142 pecorum
655 1100 692 1128 et
711 1091 856 1140 frugum

460 1145 704 1193 omniumque
737 1155 857 1179 rerum
893 1154 1049 1191 proven·

514 1205 595 1233 tum

461 1249 722 1285 Bucolicorum

459 1300 652 1351 Daphnim

461 1362 499 1392 et
518 1362 670 1390 venuste

350 475 427 513 447

353 937 431 984 448

354 1365 428 1403 45¹

462 1562 633 1601 insectati

463 1617 560 1666 quod
582 1617 619 1652 in
640 1615 795 1666 satyrica

462 1669 678 1719 Autolycus,
702 1667 829 1704 Burris

462 1723 571 1758 Oscae
591 1734 757 1771 personae

463 1774 536 1810 alte
556 1774 738 1823 producta

463 1826 650 1862 illustrant

355 1889 431 1926 472
463 1878 656 1928 Hyperion

462 1932 664 1968 bacchatur

461 1984 634 2033 Zephyro

354 1627 434 1666 454

355 1786 427 1822 471

890 194 1247 237 PRAEFATIO.

1403 280 1487 316 MS.

1103 351 1231 388 niaton

1103 405 1151 441 ob
1171 403 1299 440 eadem

1102 457 1234 493 lacona

1104 509 1245 545 diversa

1104 562 1287 599 desertam
1308 560 1475 596 laconica

1103 613 1283 664 curyatidi

1105 668 1284 704 honorem

1105 719 1332 756 buculismus

1106 786 1126 809 a
1146 771 1300 821 singulis

1107 824 1255 861 habitus
1276 831 1399 860 autem

1107 877 1224 914 iuerat
1243 890 1288 913 eo

1108 929 1309 966 multitudo
1328 941 1477 965 carmen
1498 927 1675 964 circuibat

1106 983 1143 1019 in
1166 990 1342 1032 egyptum

1105 1035 1243 1072 circum
1264 1035 1378 1084 pados

1105 1101 1280 1138 pecorum
1302 1100 1344 1123 ac
1363 1087 1510 1137 frugum

1107 1140 1376 1189 hominumque
1395 1147 1614 1190 proventum

1107 1244 1359 1283 bucolicarum

1107 1298 1235 1335 dafnin

1108 1365 1150 1388 ac
1169 1358 1326 1387 venuste

1109 1403 1282 1441 Susariou
1331 1409 1433 1438 tauta
1478 1400 1599 1449 logica
1640 1412 1808 1451 congyne

1161 1456 1301 1493 cecallu
1341 1467 1444 1491 moso
1478 1455 1652 1491 odemote
1691 1452 1807 1490 ucesti

1162 1507 1433 1558 euricyemiana
1453 1519 1628 1543 neucacu.

1109 1569 1240 1599 sectati

1110 1614 1209 1663 quod
1232 1626 1312 1650 mea
1332 1611 1446 1662 tyrica

1110 1675 1174 1703 aut
1194 1666 1310 1703 olicus
1331 1664 1501 1702 busiridis

1111 1732 1195 1756 osce
1216 1731 1374 1768 persone

1111 1773 1183 1808 alte
1203 1771 1381 1821 producte

1111 1824 1312 1860 inlustrant

1109 1876 1312 1926 hypperiou

1110 1930 1289 1966 bachatur

1110 1982 1234 2032 zefyro

421 2099 649 2146 Terhaerii
683 2117 798 2162 quas
831 2101 1055 2163 pauculas
1086 2099 1436 2145 observationes
1472 2098 1590 2144 meis
1628 2097 1810 2143 immis-

357 2175 447 2233 cui,
479 2193 544 2221 eae
569 2174 814 2238 descriptae
851 2184 962 2221 sunt
993 2192 1052 2221 ex

1087 2175 1275 2239 exempl
1283 2175 1347 2221 ari
1374 2175 1519 2220 Gram
1529 2191 1572 2220 m
1580 2173 1754 2220 atieoru
1763 2191 1807 2219 m

356 2251 463 2297 Lat.
496 2250 687 2296 Putsch.
715 2249 787 2295 ed.
824 2268 949 2296 nunc
983 2269 1127 2313 penes
1159 2269 1250 2305 me,
1286 2251 1400 2297 olIm
1436 2250 1483 2295 in
1522 2249 1811 2295 bibliotheca

358 2327 409 2373 P.
444 2326 708 2372 Burmanni
755 2325 1012 2372 adservato.

1084 2326 1302 2372 Salmasii
1356 2327 1470 2372 item
1517 2325 1810 2386 conjecturas

358 2403 551 2464 aliquot,
579 2401 759 2447 utinam
786 2401 956 2463 plures,
984 2419 1169 2448 mecum
1204 2401 1576 2448 communicavit
1602 2400 1809 2445 amicus:

360 2478 439 2523 ubi
476 2495 585 2523 vero
622 2477 864 2539 exemplar
904 2478 1249 2541 autographum
1298 2477 1438 2523 hodie
1473 2484 1706 2522 servatum
1751 2475 1809 2520 sit

359 2569 544 2615 prorsus
571 2552 748 2615 ignoro.
