1962 3355
157 174 263 205 CAP.
287 168 444 215 11‚12.
479 158 565 204 De
588 155 1085 219 metris—Dactylico
1110 156 1397 201 lzeaeametro.
1507 153 1597 200 461

423 277 508 324 De
532 276 800 323 accusativo
827 281 873 321 et
894 275 1106 321 vocativo
1124 273 1329 336 plurali.
1628 292 1663 313 12

222 376 400 422 Omnia
437 375 628 421 nomina
669 373 931 420 masculina
962 382 1009 419 et
1044 372 1273 418 feminina
1309 371 1605 417 vaccusativo

157 470 266 499 casu
292 462 339 499 et
366 453 580 499 vocativo
605 451 813 515 wplurali
840 450 885 496 in
907 450 1200 512 quibuslibet
1224 448 1418 513 syllabis
1444 448 1606 494 termi-

156 538 264 574 nata
298 529 638 592 producuntur,
663 536 832 591 praeter
857 527 1037 581 Graeca,
1063 544 1171 588 quae
1194 535 1290 572 tam
1326 524 1606 579 accusativo,

156 622 210 650 as
245 605 424 668 syllaba
459 605 638 659 Xfinita,
664 621 805 667 quam
844 603 1060 649 vocativo
1096 619 1145 649 es
1177 601 1442 658 terminata,
1467 601 1608 647 corri-

155 682 366 745 piuntur.
425 681 711 728 Accusativo
747 680 828 735 sic,
851 680 1013 736 Troas,
1037 679 1296 743 J'Phrygas,
1321 677 1604 741 Delpliinas.

154 757 401 813 Vocativo,
427 776 454 804 o
477 759 637 815 Troes,
663 766 679 787 Ζ
689 756 914 820 Phryges,
940 765 986 802 et
1010 764 1164 802 cetera
1190 755 1374 802 similia.

587 902 707 946 CAP.
727 899 818 945 XI.
856 899 963 945 ..DE
989 913 1187 944 METRls.

223 988 505 1042 Metrorum,
532 988 577 1034 id
604 996 672 1033 est
699 986 924 1050 legitimae
949 985 1372 1049 aacompositionis,
1397 984 1608 1031 obscuri-

157 1076 226 1111 tas
280 1066 565 1128 scrupulosae
619 1064 891 1110 intentionis
940 1063 1209 1126 indaginem
1266 1062 1609 1108 bvehementer

157 1141 366 1203 inquirit,
391 1142 699 1205 quamobrem
735 1140 865 1186 omni
892 1140 1132 1186 canfractu
1158 1138 1500 1185 circumitionis
1527 1139 1604 1183 ab-

156 1218 266 1274 lato,
291 1217 506 1280 quaedam
535 1227 682 1263 metra
707 1215 914 1262 dilucide
939 1224 986 1261 et
1017 1216 1219 1262 breviter
1243 1215 1454 1279 exposui.
1523 1214 1610 1260 Et-

157 1295 286 1340 enim
319 1294 437 1340 mihi
471 1312 542 1340 res
568 1294 818 1340 videbatur
850 1292 1050 1339 absurda
1082 1310 1179 1338 rem
1217 1295 1376 1339 nativa
1400 1291 1610 1338 obscuri-

156 1379 251 1416 tate
275 1369 514 1416 difficilem
542 1370 683 1416 etiam
711 1369 912 1433 caligine
937 1369 1246 1433 expositionis
1271 1369 1506 1431 obtegere.

758 1501 835 1547 De
857 1518 1012 1547 versu.
1629 1516 1647 1537 2

221 1605 395 1652 Versus
436 1614 506 1651 est
548 1604 753 1668 partium
796 1604 1007 1668 legitima
1047 1603 1309 1667 dispositio,
1346 1612 1393 1649 et
1431 1601 1608 1666 pedum

157 1680 283 1727 culta
307 1682 562 1745 copulatio,
588 1681 866 1728 consonanti
904 1681 1060 1745 specie
1095 1681 1341 1726 metricam
1379 1679 1610 1726 exhibens

157 1757 384 1820 regulam.

363 1889 479 1934 CAP.
499 1888 619 1935 XII.
658 1888 738 1934 DE
765 1902 1047 1934 DACTYLmo
1075 1902 1404 1934 HEXAMETRO.

222 1988 396 2035 Versus
448 1987 660 2034 heroicus
705 2005 729 2033 a
769 1986 1019 2033 duodecim
1072 1985 1263 2049 syllabis
1304 1985 1352 2030 in
1388 1983 1608 2048 dseptem

157 2065 319 2111 decem
359 2065 562 2128 syllabas
598 2064 836 2126 longatur,
870 2063 992 2109 ultra
1028 2079 1121 2108 non
1168 2070 1335 2125 potest.
1404 2060 1534 2107 Nam
1572 2061 1608 2106 si

157 2140 263 2203 plus
308 2140 466 2197 habet,
512 2140 820 2186 excutiuntur
865 2157 948 2203 per
988 2138 1164 2194 ἔκθλιψιν
1205 2138 1277 2184 vel
1318 2140 1608 2197 θσυυαλοιφήν.

157 2216 410 2262 Scanditur
445 2225 603 2262 autem
641 2215 807 2261 sexies.
878 2214 1069 2278 Recipit
1103 2214 1272 2261 fetiam
1307 2213 1465 2278 pedes,
1498 2231 1609 2260 cum

157 2302 227 2338 est
272 2292 527 2356 legitimus,
568 2292 689 2338 inter
735 2310 783 2338 se
826 2291 1025 2338 variatos
1067 2290 1200 2347 duos,
1241 2290 1523 2354 spondeum,
1563 2298 1611 2336 et

212 2464 227 2482 V
249 2458 406 2492 ablativo
426 2458 521 2493 Ven.
712 2464 741 2483 W
762 2457 891 2507 plurali
914 2456 1158 2507 quibuslibet]
1182 2459 1323 2505 plurali
1342 2459 1379 2492 in
1400 2458 1611 2504 quibuslibet

157 2511 304 2557 syllabis
322 2510 465 2546 A.B.C.
485 2512 521 2545 in
542 2511 753 2557 quibuslibet
775 2511 869 2547 Ven.
1007 2517 1027 2536 X
1048 2509 1431 2557 finito—terminato]
1442 2511 1611 2558 finita—

160 2565 348 2600 terminata
367 2563 461 2599 A.B.
665 2571 685 2598 Y
704 2572 826 2614 stygas
847 2564 1073 2613 Delphin-as]
1085 2564 1234 2612 frygas,
1255 2564 1404 2613 delfines
1423 2564 1467 2599 A.
1490 2569 1611 2610 tragus

158 2619 265 2664 stiges
285 2618 328 2652 C.
465 2622 483 2641 Ζ
504 2616 642 2665 styges]
653 2616 785 2664 fryges
804 2618 846 2652 A.
855 2617 976 2665 friges
996 2618 1041 2654 B.
1189 2624 1208 2643 a
1227 2617 1287 2653 De
1307 2617 1452 2653 ratione
1474 2624 1610 2653 metro·

160 2671 260 2717 rum]
288 2670 349 2705 De
368 2670 489 2704 metris
508 2669 553 2704 A.
683 2676 723 2696 aa
738 2672 923 2716 positionis
944 2671 1038 2707 Ven.
1167 2667 1187 2696 b
1207 2670 1484 2716 vehementem]
1508 2670 1610 2705 vehe-

158 2728 296 2759 menter
313 2722 411 2758 AB.
603 2728 619 2747 e
639 2721 751 2757 fluctu
772 2721 1019 2770 circuitionis]
1050 2723 1218 2772 anfractu
1238 2724 1491 2759 circumitionis
1509 2722 1607 2757 A.B.

159 2774 179 2802 d
198 2776 235 2812 in
257 2775 386 2812 decem
406 2781 443 2810 et
463 2781 605 2823 septem
628 2774 801 2824 syllabas]
828 2777 864 2811 z'n
883 2778 1133 2823 septemdecem
1155 2777 1251 2813 A.B.
1367 2782 1382 2801 e
1403 2783 1440 2811 et
1459 2781 1610 2810 συναλοι-

159 2830 239 2877 φὴν]
274 2830 329 2865 vel
356 2827 522 2875 sinallfen
551 2829 599 2863 A.
630 2829 687 2864 vel
715 2829 924 2875 sinalyphen
956 2829 998 2864 C.
1030 2831 1183 2877 eclypsin
1214 2830 1270 2864 vel
1302 2828 1488 2875 synaliphe}
1511 2828 1609 2863 Ven.

159 2881 174 2908 f
191 2882 310 2929 euim]
337 2883 444 2917 etiam
466 2881 558 2916 A.B.
819 2888 823 2891 ’
