1962 3355
626 187 834 228 INDEX
867 186 1175 228 CAPITUM.
1544 186 1626 229 591

372 299 438 340 28.
470 297 538 337 De
560 298 815 350 anapaestico
835 325 1511 336 ....................................
1545 294 1624 345 48ι

369 367 435 408 29.
466 354 535 394 De
555 355 792 406 antispasto
837 381 1512 392 ....................................
1546 350 1630 401 482

369 423 439 465 30.
470 411 539 450 De
553 410 830 450 choriambico
837 437 1512 448 ....................................
1546 407 1629 461 483

368 480 436 521 31.
469 467 537 507 De
556 468 693 507 ionico
714 464 874 519 majore
894 493 1513 505 .................................
1546 463 1628 517 483

369 535 439 577 32.
471 524 539 563 De
559 524 694 563 ionico
715 525 876 563 minore
893 551 1514 561 .................................
1548 520 1630 574 483

370 593 439 634 33.
472 580 540 619 De
552 581 745 633 paeonico
781 609 1054 619 ...............
1067 613 1070 616 .
1070 607 1513 617 ........................
1548 576 1634 627 484

370 649 439 690 34.
472 637 540 676 De
561 650 759 676 versuum
775 635 1004 689 generibus
1011 664 1514 674 ...........................
1547 633 1635 684 484

371 705 394 746 3
400 703 480 747 5-3
488 705 524 746 9.
557 693 625 732 De
643 694 784 732 metris
798 692 1060 731 Horatianis
1067 720 1513 731 ........................
1548 700 1630 743 505

172 805 444 846 FLAVIUS
483 803 770 845 MALLIUS
804 803 1192 844 THEODORUS
1231 816 1289 843 DE
1329 803 1518 842 METms

285 876 380 902 cum
400 861 519 917 'notis
550 861 721 917 integris
746 861 787 900 J.
814 861 862 900 F.
886 859 1139 915 Heusingeri
1173 875 1222 900 ex
1256 858 1319 899 ed.
1344 859 1398 899 L.
1424 859 1516 899 Bat.

291 920 396 971 1766
439 947 1515 959 .........................................................
1549 926 1632 970 525

348 1006 379 1030 c.
405 1004 440 1030 1.
473 990 541 1030 De
561 991 732 1043 syllaba
781 1020 1514 1030 .......................................
1549 988 1633 1043 528

400 1059 439 1088 2.
471 1047 539 1086 De
552 1047 732 1100 pedibas
782 1077 1515 1087 .......................................
1549 1057 1634 1100 532

400 1116 439 1157 3.
472 1104 540 1142 De
561 1105 704 1143 metris
725 1108 816 1143 octo
838 1133 1515 1143 ....................................
1549 1112 1632 1156 535

400 1174 440 1212 4.
476 1160 544 1199 De
563 1165 694 1199 metro
716 1160 923 1213 dactylico
956 1190 1516 1200 ..............................
1550 1168 1631 1213 537

399 1228 438 1269 5.
471 1217 540 1256 De
560 1222 691 1256 metro
712 1217 892 1256 iambico
899 1246 1517 1256 .................................
1550 1225 1636 1269 542

403 1275 440 1313 6.
475 1273 544 1312 De
565 1279 695 1312 metro
716 1273 926 1312 trochaico
955 1303 1516 1313 ..............................
1551 1282 1633 1325 547

403 1339 442 1381 7.
474 1330 543 1368 De
564 1336 694 1369 metro
717 1330 972 1382 anapcestico
1013 1359 1517 1369 ...........................
1551 1340 1635 1382 549

404 1386 442 1425 8.
475 1386 543 1425 De
563 1391 695 1425 metro
716 1386 995 1425 choriambico
1013 1415 1518 1425 ...........................
1551 1397 1577 1438 5
1580 1395 1632 1438 51

403 1455 440 1493 9.
472 1442 541 1482 De
562 1448 693 1481 metro
715 1443 988 1495 aniispastico
1014 1472 1519 1482 ...........................
1553 1455 1576 1495 5
1582 1451 1635 1495 53

379 1510 443 1539 10.
474 1498 543 1537 De
563 1504 695 1538 metro
716 1500 852 1539 ionico
874 1498 1033 1553 majore
1069 1529 1518 1539 ........................
1552 1510 1639 1552 554

380 1567 397 1594 Ι
412 1567 445 1594 1.
476 1554 545 1595 De
565 1561 697 1595 metro
718 1557 854 1596 ionico
874 1557 1036 1596 minore
1072 1586 1520 1596 ........................
1553 1566 1636 1608 555

178 1642 434 1698 Scriptorum
457 1641 616 1697 aliquot
638 1651 824 1683 veterum
846 1643 1147 1698 apospasmatia
1166 1659 1188 1683 e
1209 1643 1301 1684 cod.
1323 1642 1507 1699 Guelph.
1552 1644 1639 1697 560

178 1734 405 1774 JULIUS
440 1734 717 1775 SEVERUS
751 1748 809 1774 DE
840 1748 1031 1775 PEDIBUS
1073 1766 1520 1775 ........................
1553 1735 1637 1788 567

181 1822 422 1863 ISIDORI
456 1835 741 1862 GLOSSARIUM
788 1853 1520 1865 .......................................
1554 1836 1641 1879 574

179 1912 485 1954 ΑΝΟΝΥΜΙ
515 1913 709 1952 CAEsURAE
730 1925 940 1953 VERSUUM
960 1944 1522 1955 ..............................
1554 1925 1637 1968 577

484 1969 553 2009 De
573 1971 718 2009 metris
731 2000 1521 2013 ..........................................
1555 1972 1640 2026 580
