1962 3355
116 256 223 289 θΑΡ.
244 250 288 288 3.
598 241 681 286 De
704 240 938 303 dactylico
962 248 1127 288 metro.
1477 252 1571 300 249

115 373 270 419 natur,
295 378 436 424 quam
475 361 545 408 sui
574 360 708 425 pedis
733 363 970 423 quantitas
996 361 1159 425 exigit,
1184 362 1470 424 syllabarum
1497 362 1569 407 vel

116 444 403 500 temporum,
427 446 496 494 ut,

259 515 484 569 Postquam
503 527 570 554 res
587 513 719 563 Asiae,
742 513 989 568 Priamique
1009 518 1190 553 evertere
1204 518 1388 569 gentem.

113 585 370 632 Trochaeus
404 594 475 632 θεῖ
497 586 623 632 enim
655 591 866 649 gentem,
891 601 998 630 cum
1027 583 1220 630 deberet
1251 592 1332 630 aut
1353 583 1570 646 dactylus

114 678 215 706 esse
263 671 342 707 aut
390 661 639 725 spondeuS.
721 660 1237 724 Brachycatalecticus,
1280 659 1459 723 species
1501 668 1572 706 est
1593 674 1628 695 1²

112 754 220 799 quae
253 738 299 783 in
335 739 495 785 metris
533 738 810 786 scandendis
845 756 927 802 per
953 736 1153 797 συζυγίαν,
1179 736 1226 782 id
1255 745 1327 782 est
1359 753 1443 799 per
1473 734 1572 780 ebi-

113 830 198 858 nos
238 814 382 877 pedes
424 815 696 877 disyllabos,
731 815 875 870 venit,
912 830 1019 860 cum
1064 812 1113 858 in
1155 812 1412 858 novissimo
1449 810 1570 874 pede

111 889 380 952 composito
411 908 509 936 esse
541 890 730 936 debenti
769 889 1076 953 tetrasyllabo
1115 905 1236 934 unus
1263 905 1345 951 pes
1370 886 1428 933 de
1453 887 1568 932 sim-

111 964 314 1027 plicibus
340 965 495 1022 sdesit‚
519 966 565 1012 id
591 975 661 1012 est
684 966 789 1012 duae
815 966 1026 1029 syllabae,
1049 972 1116 1020 ut,

452 1041 510 1080 M
508 1054 669 1080 cecenas
688 1041 827 1081 atavis
846 1041 951 1080 edite
972 1053 1031 1079 re.

113 1110 212 1156 Hic
246 1111 371 1157 enirn
407 1129 529 1158 unus
565 1130 648 1176 pes
682 1113 884 1175 simplex
918 1112 1063 1168 deest,
1087 1109 1166 1155 gid
1199 1118 1270 1155 θεῖ
1293 1108 1400 1155 duae
1426 1109 1566 1173 sylla·
1590 1124 1627 1154 13

112 1187 198 1243 bae,
223 1196 273 1232 ut
297 1189 356 1232 sit
382 1188 574 1250 plenum
603 1196 806 1233 metrum
835 1186 1219 1249 Asclepiadeum,
1246 1184 1372 1247 quod
1398 1183 1570 1248 hspon-

109 1260 209 1307 deis
245 1271 293 1307 et
324 1262 610 1308 choriambis
649 1271 848 1308 constat.
919 1261 1365 1325 HypercatalectUS,
1391 1261 1568 1324 species

109 1345 182 1382 est
205 1354 312 1383 cum
339 1337 482 1383 finitis
514 1337 714 1400 pedibus
741 1337 877 1383 metri
903 1337 1142 1400 praepositi
1177 1336 1449 1383 necessariis
1475 1354 1570 1382 una

109 1413 290 1476 syllaba
315 1413 539 1469 abundat,
565 1422 633 1467 ut,

284 1490 436 1529 Omnia
452 1489 670 1529 Mercurio
689 1489 840 1529 similis
861 1503 1074 1545 vocemque
1093 1490 1356 1544 coloremque.

110 1561 303 1624 Syllaba
328 1562 553 1619 abundat,
578 1579 721 1624 quam
754 1562 1096 1626 imperitissimi
1123 1572 1168 1608 ct
1192 1562 1323 1608 omni
1349 1570 1446 1608 arte
1472 1579 1570 1608 rne-
1592 1582 1628 1611 ¹4

109 1637 224 1684 trica
249 1639 449 1701 separati
486 1638 773 1685 hebetudine
793 1638 996 1701 quadam
1023 1638 1207 1702 decepti
1234 1638 1448 1700 sequenti
1467 1655 1568 1684 ver—

108 1714 181 1760 sui
198 1713 432 1778 jungunt,

506 1795 582 1836 que
603 1782 664 1822 Et
683 1781 984 1835 erz‘nesflavos,

108 1877 218 1907 cum
245 1879 338 1907 non
365 1862 423 1908 sit
448 1862 558 1909 artis
595 1864 760 1927 prioris
786 1880 945 1910 versus
982 1862 1124 1925 pedes
1159 1861 1464 1923 sequentibus
1489 1879 1567 1908 co-

109 1937 286 2000 pulare.
355 1938 518 1996 Nunc,
543 1940 664 1986 sicut
693 1939 1044 2003 proposuimus,
1070 1938 1128 1984 de
1153 1937 1390 2001 dactylico
1416 1948 1566 1984 metro

109 2011 333 2060 ibreviter
356 2013 627 2061 doceamus.

390 2145 522 2197 CAP.
553 2145 660 2196 III.
713 2147 793 2197 De
820 2146 1075 2215 dactylico
1101 2155 1282 2197 metro.

175 2242 491 2306 Dactylicam
519 2250 724 2288 metrum
750 2243 972 2289 omnibus
998 2252 1046 2289 et
1072 2243 1338 2306 simplicius
1369 2241 1391 2270 k
1409 2252 1455 2288 et
1487 2261 1566 2289 an-

107 2319 284 2382 tiquius
309 2328 395 2377 est,
420 2319 546 2382 quod
572 2319 798 2366 dividitur
824 2320 870 2365 in
891 2319 1069 2384 species
1092 2318 1227 2365 ¹XV1:
1265 2319 1564 2365 hexametras

107 2395 301 2458 quidem
327 2404 567 2458 quattuor,
596 2396 836 2442 heroicam
863 2396 1207 2452 hexametram,
1232 2402 1264 2423 ¹¹¹
1282 2394 1564 2450 bucolicam,

108 2471 418 2529 Choerileam,
436 2471 698 2535 Priapeiam
718 2490 729 2517 :
765 2481 1085 2536 pentametras
1107 2480 1346 2533 quattuor,
1364 2471 1566 2517 catalec-

107 2554 205 2592 tam
245 2556 608 2610 pentametram,
646 2547 896 2611 integram,
950 2546 1443 2611 penthemimericam,
1478 2546 1567 2592 Ar·-

162 2689 178 2708 e
199 2682 324 2729 binos]
349 2683 410 2718 Sic
430 2682 476 2718 L.
497 2684 585 2719 duos
605 2684 814 2721 Putschius.
917 2682 933 2710 f
950 2683 1063 2732 desit]
1089 2683 1150 2720 Sic
1169 2684 1215 2720 L.
1238 2686 1334 2720 deest
1353 2683 1564 2720 Putschius.

108 2742 129 2771 g
149 2735 185 2772 id
206 2743 263 2772 est
283 2735 382 2781 duae]
406 2734 466 2771 Sic
490 2735 532 2771 L.
552 2738 588 2771 id
608 2742 659 2772 est
680 2749 755 2772 om.
781 2737 989 2774 putschius.
1145 2735 1166 2762 h
1186 2735 1362 2787 spondeis
1382 2744 1420 2772 et
1439 2736 1563 2772 chori-

107 2788 246 2835 ambis]
266 2789 422 2835 spondeo
442 2793 476 2823 et
496 2789 701 2824 choriambo
720 2789 766 2825 L.
914 2788 925 2815 i
945 2789 1119 2836 breviter]
1144 2790 1205 2825 Sic
1226 2790 1270 2825 L.
1288 2791 1391 2837 prius
1412 2790 1566 2825 breviter

107 2841 317 2878 Putscliius.
427 2838 448 2865 k
469 2848 508 2876 et
527 2840 732 2889 antiquius]
757 2847 790 2878 et
810 2855 884 2878 om.
907 2842 952 2879 L.
1064 2841 1075 2868 ¹
1095 2842 1184 2889 xvi]
1211 2841 1271 2878 Sic
1292 2842 1338 2878 L.
1358 2854 1455 2877 xvii.
1474 2842 1564 2877 Put-

108 2893 245 2930 schius.
386 2900 417 2919 m
438 2893 646 2929 bucolicam
667 2895 937 2941 hexametram]
961 2894 1021 2931 Sic
1043 2895 1088 2931 L.
1112 2896 1356 2931 hexametram
1376 2907 1450 2929 om.
1472 2894 1563 2929 Put-

107 2946 244 2983 schius.
302 2945 413 2983 Posui
436 2947 679 2982 hexametram
699 2956 784 2996 post
804 2948 996 2983 heroicam.

796 3010 881 3054 Kk
