1962 3355
349 210 438 259 162
855 210 1011 257 Marii
1038 209 1276 256 Victorini
1596 218 1691 248 ΜΒ.
1718 217 1793 248 111.

346 331 502 378 hendo
553 331 723 378 minori
778 340 1058 377 consecutus
1104 339 1189 386 est,
1236 337 1291 374 ut
1336 335 1533 388 uterque
1586 322 1795 387 phallico

290 425 326 457 17
347 417 496 454 metro
521 406 894 454 concluderetur.
964 406 1092 452 Nam
1119 404 1328 468 superior
1352 402 1642 456 hexameter,
1666 398 1747 455 sic,

746 481 890 528 Veris
914 488 958 527 et
984 481 1179 527 Favoni.

347 576 545 621 sequens
569 557 794 610 trimeter,
819 557 897 611 ita,

739 632 987 678 Maclzinae
1012 631 1214 676 carinas.

344 709 494 762 kQuae
532 717 726 770 utraque
766 708 914 753 tribus
950 705 1166 752 trochaeis
1206 702 1416 759 adnexis,
1453 701 1498 747 id
1538 711 1608 748 est
1647 710 1796 747 metro

344 785 551 848 phallico
580 783 878 839 terminante,
905 781 1162 828 admodum
1199 780 1321 826 intra
1350 796 1398 825 se
1429 777 1650 825 decenter
1683 795 1795 824 con-

345 868 527 905 sonant.

614 990 746 1041 CAP.
779 989 875 1040 IX.
932 990 1017 1040 De
1045 988 1313 1039 Phctlcecio
1338 997 1520 1040 metro.

410 1087 697 1134 Phalaecium
725 1096 899 1140 autem,
924 1085 1070 1148 lquod
1096 1094 1143 1131 et
1167 1086 1557 1149 ithyphallicum,
1585 1085 1621 1131 si
1647 1085 1795 1132 tribus

343 1164 558 1210 trochaeis
585 1163 842 1218 claudatur,
869 1162 1157 1226 appellatum
1190 1162 1323 1208 aiunt
1358 1181 1383 1208 a
1420 1162 1650 1219 Phalaeco,
1674 1161 1795 1224 mqui

342 1239 424 1285 illo
458 1240 727 1303 frequenter
762 1257 874 1285 usus
908 1247 992 1294 est,
1026 1247 1079 1284 ut
1111 1238 1323 1302 Sappho,
1353 1238 1479 1301 quod
1517 1247 1701 1285 constat
1735 1256 1795 1284 ex

343 1316 581 1379 Glyconio
606 1316 944 1378 ”octasyllabQ
968 1325 1036 1371 ut,

609 1392 690 1439 Sic
714 1402 759 1438 te
784 1392 891 1438 diva
911 1397 1081 1452 potens
1110 1389 1272 1454 Cypri.

306 1469 536 1532 2Recipit
583 1477 739 1514 autem
789 1467 1071 1530 spondeum,
1111 1467 1458 1524 choriambum,
1496 1468 1711 1514 iambum
1751 1477 1798 1513 et

343 1545 590 1608 syllabam,
614 1553 681 1602 ut,

541 1620 708 1666 Sulcos
733 1627 846 1666 tunc
866 1626 1093 1683 retegunt
1117 1636 1259 1666 comae
1285 1619 1499 1666 latentes.

342 1696 475 1743 Idem
516 1698 597 1742 fiet
632 1696 1001 1759 ithyphallicum
1042 1696 1129 1741 sub
1154 1714 1208 1741 ea
1243 1696 1471 1742 divisione
1507 1696 1556 1742 in
1586 1714 1679 1758 qua
1703 1696 1798 1758 pri-

342 1791 448 1819 mus
475 1790 556 1835 pes
583 1782 634 1817 ut
658 1772 704 1817 in
732 1772 951 1834 glyconio
977 1772 1064 1817 erit
1089 1790 1209 1818 unus
1230 1790 1254 1817 e
1273 1781 1496 1835 quattuor
1520 1771 1763 1835 disyllabis
1785 1790 1795 1817 2

342 1848 515 1894 dehinc
540 1848 772 1911 dactylus,
798 1856 911 1893 tunc
939 1858 1028 1893 tres
1054 1848 1263 1903 trochaei,
1286 1857 1337 1893 ut
1361 1856 1431 1892 est
1453 1847 1624 1893 ⁰etiam
1654 1846 1747 1903 hic,

538 1924 836 1970 <Iamdudum
865 1924 953 1969 tihi
977 1924 1215 1970 disserens
1231 1923 1446 1985 probavi.

305 2017 323 2045 3
345 2000 550 2053 Quidam
589 2010 747 2046 tamen
785 2000 963 2046 nullam
1003 2001 1168 2046 volunt
1192 2017 1292 2045 esse
1327 1998 1642 2045 differentiam
1678 1999 1799 2044 inter

345 2077 446 2130 hos,
485 2076 563 2122 sed
603 2077 806 2122 eundem
851 2076 1216 2139 ithyphallicum
1258 2085 1306 2121 et
1341 2075 1630 2121 Phalaecium
1679 2074 1799 2121 acci-

346 2151 499 2214 piunt.
573 2152 682 2198 Hoc
718 2162 875 2198 autem
907 2152 1142 2198 Phalaecio
1177 2169 1312 2198 versu
1349 2152 1576 2197 Liberum
1613 2160 1793 2213 patrem

347 2228 635 2274 sollemniter
660 2239 851 2286 canunt,
871 2230 906 2275 si
925 2227 1149 2291 Pquidem
1170 2228 1298 2290 quod
1318 2228 1460 2274 etiam
1483 2227 1582 2288 ejus
1603 2227 1798 2272 nomine

346 2311 393 2348 et
417 2303 695 2365 rhythmum
724 2314 770 2350 et
795 2314 999 2351 metrum
1026 2304 1297 2367 complente
1328 2303 1691 2360 demonstratur,
1717 2302 1798 2359 sic,

544 2379 733 2426 Bacche
761 2381 948 2427 Bacche
972 2379 1177 2427 Bacche.

347 2453 470 2498 Sane
493 2454 751 2516 reperimus
777 2457 1065 2502 Phalaecium
1092 2456 1274 2520 syllaba
1296 2455 1553 2502 novissima
1573 2455 1799 2512 detracta,

346 2529 491 2574 veluti
518 2539 750 2586 scazonta,
777 2541 828 2576 ut
853 2541 937 2589 est,

546 2604 692 2651 Nunc
725 2606 1047 2671 Trojamfera
1070 2609 1281 2655 vindicat
1311 2608 1491 2664 Venus,

347 2696 491 2740 quem
516 2680 680 2725 volunt
705 2681 847 2727 videri
875 2683 1112 2730 claudum.

398 2804 418 2831 k
439 2806 550 2852 Quae]
574 2815 698 2855 suntq:
723 2807 760 2842 P.
930 2806 940 2833 l
960 2809 1057 2856 quod
1079 2818 1116 2845 et
1135 2809 1430 2859 ithyphallicum,
1452 2811 1501 2857 si]
1527 2809 1800 2859 qnethyphalli-

344 2872 432 2895 cum
453 2858 499 2895 sit
519 2859 559 2894 P.
725 2866 755 2884 m
775 2859 855 2907 qui]
879 2861 974 2908 quod
998 2863 1036 2897 P.
1202 2870 1221 2888 n
1243 2863 1488 2912 octosyllabo]
1511 2863 1737 2912 octasyllabo
1758 2863 1799 2899 P.

345 2918 363 2937 o
385 2911 516 2959 etiam]
541 2919 596 2948 est
615 2913 725 2947 etiam
749 2913 788 2948 P.
900 2920 919 2946 P
940 2913 1087 2961 quidem
1109 2916 1226 2963 quod]
1252 2917 1350 2964 quod
1372 2930 1406 2965 q.
1429 2917 1468 2952 Ρ.
