1962 3355
163 189 268 221 CAP.
295 183 338 220 4.
642 170 726 216 De
753 167 1129 232 orthographia.
1552 178 1606 215 21

162 295 384 342 cooritur.
441 293 647 355 Anceps,
671 290 867 348 ancilla,
900 288 1120 346 zamma,
1143 295 1417 353 angustum,
1447 290 1615 352 anqui-

159 372 241 425 rit,
278 388 374 417 non
411 368 597 431 ajudico
632 385 716 431 per
746 384 823 424 an,
858 365 940 412 sed
978 382 1108 410 more
1133 365 1406 412 Graecorum
1445 382 1528 428 per
1551 382 1618 428 ag

161 447 355 493 solitum
379 445 565 492 bscribi.
634 444 781 490 Nune
811 441 1024 504 cadjicio‚
1050 442 1172 488 sicut
1195 442 1319 488 inter
1343 459 1388 488 m
1413 450 1460 486 et
1483 458 1516 487 n
1539 441 1617 487 lit-

160 533 309 570 teram
347 539 436 568 vox
473 521 630 568 media
663 530 763 567 tam
799 519 973 566 Graecis
1015 518 1151 576 desit,
1188 536 1331 581 quam
1373 518 1524 572 nobis,
1554 518 1618 564 ita

160 600 284 646 inter
304 617 335 646 n
360 616 550 661 quoque
583 606 630 643 et
651 614 689 661 g
711 596 902 643 deesse:
940 614 1096 658 neque
1125 596 1250 641 enim
1277 604 1331 641 ut
1354 595 1421 641 illi
1447 595 1618 657 ἄγγελον

161 686 208 722 et
231 675 438 736 (Ῑάγκῦλην
461 683 508 720 et
533 673 721 730 similia,
748 674 845 719 sive
880 690 964 737 per
989 690 1013 718 c
1037 672 1133 718 sive
1168 689 1252 734 per
1271 689 1309 735 g
1332 671 1619 735 scripserint,

162 753 433 798 alterutram
471 750 517 796 in
555 749 918 813 pronunciando
948 749 1156 795 litteram
1192 748 1495 812 exprimunt:
1533 765 1620 793 nec

161 846 246 875 nos
273 826 565 891 supradictas
590 843 740 882 voces,
766 825 862 872 sive
897 843 980 888 per
1006 842 1030 870 c
1053 825 1149 870 sive
1181 842 1263 888 per
1283 841 1320 887 g
1345 824 1620 881 scribamus,

162 904 349 969 proprie
385 911 465 949 aut
491 919 514 949 c
537 902 850 965 exprimimus
886 902 934 947 in
959 901 1175 955 dicendo,
1203 911 1284 947 aut
1303 919 1354 965 g,
1383 918 1488 963 quae
1515 917 1620 957 vox,

163 980 390 1042 quoniam
427 978 580 1024 ordini
617 977 905 1023 elitterarum
943 987 1209 1023 nostrarum
1232 977 1376 1033 deest,
1401 987 1448 1022 et
1481 977 1621 1023 fami-

163 1056 320 1103 liarior
344 1065 414 1102 est
440 1055 629 1101 auribus
662 1054 830 1100 nostris
856 1072 884 1100 n
913 1054 1069 1117 potius
1095 1071 1237 1115 quam
1266 1072 1318 1117 g,
1341 1052 1409 1099 fet
1435 1070 1621 1115 ancepS,

162 1143 210 1179 et
234 1132 428 1189 aneilla,
454 1141 501 1177 et
526 1133 756 1194 gang-ina,
780 1140 826 1176 et
851 1137 1126 1193 angustam,
1145 1139 1191 1175 et
1213 1130 1441 1193 anquirit,
1466 1139 1513 1175 et
1536 1145 1622 1175 an-

163 1225 289 1266 cora,
314 1217 360 1254 et
385 1207 571 1263 similia,
595 1223 678 1270 per
698 1223 729 1252 n
754 1207 911 1269 potius
938 1223 1082 1267 quam
1110 1223 1192 1268 per
1212 1223 1249 1268 g
1274 1205 1492 1251 scribite:
1529 1206 1620 1252 sic·

162 1294 216 1332 ut
250 1302 334 1349 per
367 1284 461 1330 duo
482 1301 520 1347 g
544 1282 763 1346 quotiens
787 1281 987 1328 duorum
1005 1299 1042 1345 g
1063 1299 1230 1327 sonum
1259 1299 1391 1327 aures
1417 1281 1623 1344 exigent,

162 1370 217 1408 ut
252 1377 497 1425 aggerem,
531 1358 786 1424 suggillat,
816 1357 1219 1422 hsuggerendum,
1253 1364 1551 1420 suggestum,
1577 1367 1624 1403 et

163 1438 350 1484 similia.
425 1437 562 1494 Sunt,
585 1437 665 1500 qui
693 1437 813 1482 inter
841 1453 873 1482 u
898 1452 1088 1497 quoque
1114 1443 1161 1479 et
1184 1434 1202 1479 i
1230 1434 1406 1480 litteras
1443 1452 1621 1497 suppu-
1644 1456 1659 1467 -

163 1523 265 1561 tant
301 1514 462 1560 deesse
498 1513 635 1560 nobis
664 1531 817 1571 voces,
853 1511 933 1559 sed
969 1510 1192 1575 pinguius
1219 1528 1361 1572 quam
1399 1511 1429 1567 i,
1453 1511 1622 1556 exilius

163 1608 306 1653 quam
346 1608 409 1636 u.-
448 1589 547 1635 ised
586 1598 631 1634 et
667 1605 783 1652 pace
814 1606 974 1634 eorum
1019 1587 1238 1644 dixerim,
1276 1605 1369 1632 non
1404 1587 1563 1633 vident
1588 1605 1624 1651 y

163 1667 367 1714 litteram
398 1665 696 1723 kdesiderari,
722 1665 787 1711 sic
813 1666 939 1712 enim
967 1664 1151 1729 gylam,
1176 1664 1453 1728 lmyserzmz,
1476 1664 1625 1728 sylla-

165 1744 285 1800 bam,
303 1759 591 1805 proxymum
621 1741 843 1788 dicebant
871 1743 1070 1805 antiqui.
1142 1742 1234 1788 Sed
1271 1760 1399 1788 nunc
1425 1760 1624 1788 consue-

164 1819 279 1866 tudo
328 1836 587 1883 paucorum
640 1819 890 1864 hominum
946 1819 1010 1865 ita
1058 1818 1355 1880 loquentium
1406 1819 1621 1864 evanuit:

166 1895 365 1957 ideoque
392 1913 528 1940 voces
556 1895 665 1940 istas
693 1903 724 1922 ¹¹¹
737 1912 818 1957 per
843 1895 858 1940 ι’
881 1895 1084 1940 scribite.
1155 1894 1203 1940 Si
1237 1912 1469 1940 memores
1503 1912 1624 1940 csse-
1646 1916 1659 1922 -

164 1971 223 2017 tis
249 1971 424 2016 dixisse
452 1988 527 2016 me
552 1971 701 2026 vobis,
737 1971 1081 2034 praepositionis
1118 1971 1323 2017 litteram
1351 1988 1380 2016 n
1406 1970 1624 2033 quotiens

164 2049 359 2093 verbum
400 2057 686 2109 sequeretur,
720 2048 853 2093 aliter
891 2048 938 2093 iu
979 2048 1050 2093 his
1089 2047 1340 2094 dumtaxat
1381 2065 1488 2110 quae
1535 2056 1623 2093 nex

166 2124 257 2171 hac
291 2124 653 2188 0praepositione
691 2125 829 2170 verba
863 2124 1158 2187 ⁰000nposita
1194 2133 1317 2181 sunt,
1344 2124 1515 2170 mutari
1553 2141 1627 2169 so-

164 2200 258 2246 lere
293 2200 342 2246 in
379 2217 438 2257 m,
474 2217 567 2245 non
606 2199 908 2263 scripsissetis
944 2200 1177 2263 improlem
1208 2209 1268 2247 Ρη
1302 2199 1426 2263 quod
1466 2217 1549 2264 per
1581 2217 1627 2246 m

165 2277 395 2324 debuistis
433 2276 677 2339 improlem
716 2278 942 2324 scribere:
994 2276 1219 2339 improles
1254 2278 1384 2323 enim
1425 2286 1510 2333 est,
1545 2276 1625 2339 qui

164 2354 378 2401 nondum
406 2354 474 2400 vir
499 2365 582 2400 est.
643 2354 812 2417 Igitur,
839 2372 943 2416 quae
970 2354 1135 2400 Graece
1161 2353 1362 2399 scribitis
1388 2371 1472 2417 per
1495 2360 1527 2409 ψ
1551 2353 1627 2398 lit-

166 2441 332 2487 teram,
358 2430 569 2477 scribetis
598 2430 770 2476 Latine
794 2448 879 2494 per
895 2448 968 2492 ps.
1012 2430 1164 2476 Graeci
1199 2430 1476 2494 priusquam
1512 2429 1629 2474 reci-

222 2536 239 2555 2
260 2527 411 2575 ancilia]
436 2527 575 2578 angitia
594 2529 633 2564 P.
796 2527 976 2577 ajudico]
995 2528 1140 2578 judicat
1155 2530 1194 2565 P.
1342 2526 1362 2554 b
1384 2527 1511 2573 scribi]
1535 2528 1626 2563 scri-

167 2583 253 2619 bere
273 2583 313 2618 P.
424 2588 441 2607 c
461 2580 609 2628 adjicio]
633 2580 749 2618 adicio
771 2583 808 2618 P.
931 2579 950 2607 d
970 2583 1129 2629 dyxd'ssqv]
1153 2590 1304 2629 αγκαλην
1324 2583 1364 2618 P.
1393 2580 1522 2617 Paullo
1543 2588 1628 2616 ante

167 2640 208 2671 ut
229 2635 380 2671 Putsc'n.
403 2648 468 2684 pro
489 2640 566 2670 aut.
689 2641 704 2660 e
726 2634 949 2681 litterarum]
973 2635 1133 2670 litteram
1156 2636 1197 2671 P.
1321 2633 1337 2660 f
1355 2644 1394 2670 ut
1413 2635 1566 2684 anceps]
1592 2641 1629 2669 et

169 2701 306 2738 anceps
327 2689 365 2724 P.
504 2695 525 2722 g
545 2686 696 2738 angina]
722 2688 861 2738 angitia
882 2689 919 2724 P.
1072 2686 1092 2713 h
1112 2688 1403 2738 suggerendum]
1430 2699 1628 2736 suggeren-

170 2741 255 2777 dam
276 2743 316 2777 P.
427 2739 437 2766 i
457 2741 519 2777 sed
543 2742 649 2790 pace]
674 2742 737 2777 sed
759 2749 797 2777 et
818 2754 908 2791 pace
928 2742 967 2777 P.
1078 2739 1097 2766 k
1121 2736 1338 2789 desiderari]
1364 2740 1568 2777 desiderare
1589 2739 1629 2774 P.

169 2793 180 2820 l
201 2793 405 2843 myserum]
429 2793 601 2830 miserum
623 2795 663 2830 P.
775 2802 806 2820 m
826 2795 931 2844 peri]
956 2807 1020 2844 per
1040 2808 1060 2830 u
1084 2796 1124 2831 P.
1225 2802 1245 2820 n
1267 2807 1309 2830 ex
1332 2795 1415 2841 hac]
1439 2796 1475 2828 in
1497 2793 1564 2828 hac
1586 2793 1626 2827 P.

171 2847 244 2884 Sed
267 2861 394 2897 margo
414 2860 435 2883 a
454 2861 489 2897 p.
513 2861 562 2883 m.
583 2860 626 2883 ex
649 2848 729 2883 hac.
893 2854 911 2874 o
941 2847 1223 2896 praepositione]
1259 2855 1363 2896 parte
1384 2845 1567 2895 positione
1589 2845 1627 2879 P.

171 2907 210 2927 00
227 2900 453 2950 composita]
479 2900 676 2950 conposita
696 2901 736 2937 P.
847 2907 867 2935 P
888 2914 909 2936 n
930 2901 1048 2949 quod]
1076 2900 1225 2949 inquam
1249 2902 1288 2936 P.

1637 309 1676 340 70

1650 2378 1688 2409 74
