1962 3355
126 202 234 234 CAP.
253 196 298 234 3.
337 187 421 233 De
443 202 629 233 summa
650 184 838 231 numeri
860 201 962 247 quoe
985 191 1246 231 metrorum
1271 184 1358 245 850.
1486 192 1574 229 145

127 308 230 354 haec
265 309 304 354 si
338 308 523 370 singula
548 307 640 352 sint
664 307 805 352 nullis
826 305 892 352 eis
917 305 1229 368 congregatis,
1254 314 1304 351 ut
1329 313 1376 350 et
1409 303 1466 349 de
1504 321 1580 348 su-

127 384 388 447 perioribus
424 384 647 440 diximus,
684 382 934 429 manifesta
972 390 1143 428 essent.
1212 383 1282 428 At
1318 398 1426 427 cum
1462 379 1582 424 inter
1603 395 1637 415 ¹1

128 478 176 505 se
202 460 373 507 similia
399 471 479 507 aut
502 459 703 524 disparia
728 466 997 514 nectuntur,
1022 466 1137 504 tunc
1161 475 1220 503 ex
1257 457 1357 519 ipsa
1384 455 1583 501 brevita-

127 536 186 582 tis
212 536 515 582 conclusione
538 535 797 582 obscuritas
834 534 1055 588 nascitur,
1079 533 1206 579 unde
1232 532 1513 594 συγκεχυμένα
1535 540 1583 576 et

126 612 429 671 ἀπεμφαίνοντα
458 630 484 658 a
510 612 702 667 Graecis,
727 629 751 656 a
788 610 924 656 nobis
962 608 1160 675 confitsa
1189 619 1235 655 et
1271 606 1584 672 inmanffesta

129 688 364 750 appellata
390 697 514 735 sunt.
573 688 719 735 Fiunt
744 688 903 750 itaque
931 705 1014 750 per
1036 688 1118 733 has
1144 685 1502 748 conjunctiones
1527 684 1585 730 de

129 763 203 809 his
240 780 390 810 LX1111
428 765 715 822 differentiis,
749 773 804 810 ut
851 762 1050 824 majores
1087 762 1234 809 nostri
1274 762 1318 808 in
1363 762 1451 807 hac
1490 770 1587 806 arte

130 840 356 886 sublimes
393 841 702 898 tradiderunt,
739 840 918 903 species
954 838 1319 885 differentiarum
1366 846 1590 900 quattuor

131 916 280 962 millia
306 933 443 974 XCVI,
469 918 648 964 scilicet
673 916 1000 980 multiplicatis
1032 915 1155 961 inter
1179 933 1226 961 se
1251 915 1408 961 ’‘colis.
1478 914 1589 959 Pro-

130 1011 364 1056 ponamus
401 994 561 1056 itaque
594 1011 822 1041 canonem
860 992 1083 1056 dactylici
1121 992 1165 1037 in
1206 992 1481 1055 exemplum
1521 1009 1648 1036 re-12

131 1069 366 1131 liquorum
412 1080 594 1133 septem
631 1080 904 1125 metrorum,
947 1069 1025 1130 qui
1061 1078 1147 1124 cst,
1179 1076 1231 1114 ut
1266 1068 1424 1121 ceteri,
1456 1085 1590 1130 aeque

131 1154 239 1192 octo
275 1145 662 1201 differentiarum,
702 1145 790 1190 ita:
828 1163 936 1191 nam
975 1156 1055 1190 aut
1097 1144 1382 1207 dactylicum
1426 1161 1592 1189 mono-

133 1230 340 1266 metrum
379 1221 843 1284 brachycatalectum
876 1220 1114 1283 dactylico
1150 1229 1449 1266 monometro
1488 1221 1592 1265 bra-

131 1297 460 1360 chycatalecto
486 1298 750 1361 copulatur,
775 1305 856 1343 aut
881 1296 1004 1342 idem
1026 1296 1490 1356 bracliycatalectum
1518 1314 1593 1342 ca-

133 1373 368 1430 talectic0‚
405 1383 486 1420 aut
523 1375 781 1420 acatalecto
814 1383 895 1419 aut
927 1373 1324 1436 hypercatalectO,
1361 1381 1407 1418 et
1435 1390 1592 1418 rursus

133 1449 257 1495 idem
297 1451 762 1515 bracl‘lycatalectum
794 1449 1082 1512 dactylicum
1108 1449 1312 1495 dimetro
1336 1449 1595 1511 brachyca-

133 1526 320 1582 talect0‚
345 1536 424 1572 aut
448 1527 651 1573 dimetro
677 1527 968 1583 catalectico,
994 1535 1075 1571 aut
1093 1526 1297 1571 dimetro
1321 1527 1593 1581 acatalectO,

133 1610 216 1648 aut
255 1602 459 1648 dimetro
496 1603 878 1667 hypercatalec'to
917 1602 1147 1649 sociatur:
1184 1621 1288 1665 quae
1325 1613 1434 1648 sunt
1464 1620 1594 1648 com-

135 1679 422 1725 mutationes
454 1689 562 1726 octo
592 1680 785 1725 canonis
824 1679 977 1726 unius.
1048 1679 1202 1742 Igitur
1225 1697 1281 1725 eo
1307 1688 1446 1742 pacto
1470 1688 1594 1741 yquo
1619 1696 1653 1723 ¹3

136 1767 491 1803 monomctrum
517 1757 983 1820 brachycatalectum
1021 1773 1294 1818 percurrens
1320 1764 1427 1802 octo
1453 1772 1595 1800 cano-

136 1849 235 1889 nas,
260 1841 311 1878 ut
335 1833 646 1889 ostendimus,
672 1833 783 1879 fecit
808 1832 1092 1878 differentias
1130 1848 1297 1887 LXIIII,
1322 1832 1385 1877 ita
1418 1840 1464 1876 ct
1496 1848 1596 1875 mo-

138 1917 407 1954 nometrum
436 1908 726 1973 dactylicum
753 1908 1077 1954 catalecticum
1105 1917 1151 1953 et
1187 1908 1524 1953 Zacatalectum
1550 1915 1597 1951 et

140 1985 573 2048 hypercatalectum
606 2004 712 2032 cum
746 2004 882 2032 suum
922 1994 1196 2047 ceterosque
1228 2002 1432 2030 canonas
1470 1993 1593 2029 atam

138 2080 223 2126 per
254 2073 605 2109 monometrum
636 2080 778 2125 quam
806 2081 889 2126 per
924 2062 1210 2108 bdimetrum
1239 2062 1424 2123 singula
1452 2070 1599 2106 metra

139 2140 559 2202 epercucurrerint‚
578 2139 892 2203 proculdubio
917 2139 1062 2185 octies
1089 2156 1336 2201 sexagenae
1361 2147 1601 2200 quaternae

139 2216 414 2262 differentiae
450 2214 773 2280 deolligentur.
843 2216 920 2263 Ex
945 2216 1117 2279 quibus
1142 2216 1344 2261 efficitur
1375 2231 1601 2261 numerus
1628 2234 1662 2261 ¹4

139 2292 509 2339 differentiarum
549 2293 596 2339 in
634 2311 919 2356 unaquaque
958 2293 1093 2339 metri
1129 2293 1285 2356 specie
1320 2292 1605 2354 quingenta-

140 2386 244 2415 rum
272 2384 364 2415 XII.
434 2369 481 2415 Si
511 2387 622 2433 ergo
646 2370 788 2415 unius
814 2370 1008 2416 canonis
1046 2370 1146 2415 haec
1176 2387 1365 2415 summa
1390 2368 1448 2414 de.
1472 2368 1605 2414 diffe-

142 2445 401 2492 rentiarum
429 2446 827 2510 multiplicatione
857 2446 1109 2509 colligitur,
1136 2445 1438 2491 manifestum
1479 2444 1604 2508 apud

143 2539 310 2568 omnes
343 2521 431 2568 erit
466 2531 602 2569 eocto
627 2540 882 2580 canonum,
907 2522 952 2568 id
978 2531 1049 2568 est
1072 2532 1330 2568 metrorum
1369 2522 1608 2585 principa-

199 2705 220 2725 X
240 2698 330 2735 colis
350 2706 648 2749 prototyporum.
679 2700 812 2748 Itaque
833 2712 954 2736 canon
975 2700 1047 2747 est]
1071 2699 1174 2736 colis.
1205 2699 1463 2747 Proponamus
1482 2698 1606 2744 itaque

145 2765 329 2789 canonem
350 2753 391 2788 P.
501 2759 521 2787 Y
540 2753 631 2802 quo]
657 2753 756 2800 quod
776 2753 818 2788 Ρ.
937 2760 954 2779 Ζ
975 2752 1238 2798 acatalectum]
1263 2751 1540 2787 acatalecticnm
1565 2749 1604 2783 P.

146 2811 166 2832 ἢ
186 2818 261 2841 non
282 2806 376 2853 tam]
400 2812 476 2842 tam
499 2806 541 2841 P.
666 2803 686 2831 b
706 2805 925 2854 dimetrum]
949 2819 1016 2856 per
1036 2805 1236 2842 dimetrum
1258 2805 1297 2840 P.
1420 2810 1436 2828 ⁰
1457 2814 1604 2850 percun-

147 2857 281 2906 rerint]
305 2866 618 2908 percucurrerunt
638 2859 677 2895 P.
699 2859 995 2908 percucurrerint
1014 2860 1071 2895 ed.
1094 2860 1201 2894 Cani.
1342 2854 1361 2881 d
1377 2854 1603 2903 colligenur]

145 2911 376 2962 colliguntur
390 2912 428 2948 P.
540 2918 557 2937 e
576 2913 658 2959 1111]
681 2919 767 2948 octo
788 2913 828 2948 P.

870 2990 901 3019 U
