1962 3355
154 197 250 224 CAP.
276 197 357 224 VII.

611 185 679 224 De
698 191 827 225 metro
848 187 1117 238 atzapaestico.
1521 186 1606 229 549

153 295 349 335 rationem
371 294 579 349 recipiant.
631 294 771 348 Atque
790 292 941 333 idcirco
961 294 1013 334 ab
1032 294 1109 334 hoc
1130 304 1275 340 metro,
1299 303 1339 334 et
1361 293 1604 349 tribrachys,
1627 306 1645 335 8

152 373 192 402 ct
224 361 426 417 dactylus,
448 370 489 401 et
514 372 761 416 anapaestus,
785 375 865 400 non
898 360 973 400 nisi
1004 376 1129 416 quam
1160 360 1409 416 parcissime,
1441 370 1482 401 et
1513 376 1607 401 con-

152 429 269 470 sultis
289 429 404 485 prius
425 428 608 476 auribus,
630 427 875 468 admittendi
897 438 1006 468 sunt.

210 497 330 546 Quod
365 496 486 537 etiam
524 495 564 535 in
596 494 772 535 iambico
804 505 934 535 metro
967 495 1155 536 hservare
1192 495 1435 535 videbimus,
1496 496 1604 536 Nam
1625 509 1645 540 9

153 564 310 605 tametsi
333 564 524 604 omnibus
540 562 753 619 inparibus
774 562 863 617 ejus
887 562 1003 602 metri
1027 563 1123 603 locis
1145 562 1400 619 tribrachyn,
1421 573 1493 602 aut
1514 577 1607 603 ana-

114 635 118 638 ’
152 641 345 686 paestum,
377 641 449 672 aut
487 630 693 686 dactylum
728 629 966 670 conlocandi
1007 630 1201 671 ifacultas
1235 639 1308 681 est,
1345 645 1437 671 rara
1471 640 1606 671 tamen

151 713 293 738 eorum
323 699 370 738 fit
401 698 614 747 admixtio,
635 713 769 752 neque
800 697 884 738 ulla
904 698 969 738 vel
994 698 1033 738 in
1056 698 1230 740 iambico
1250 698 1311 739 vel
1340 699 1380 739 in
1404 698 1608 739 trochaico

151 776 283 806 metro
303 766 440 806 iambo
460 775 532 806 aut
563 765 758 814 trochaeo,
781 780 905 820 quam
939 781 1032 806 cum
1064 766 1238 823 spondio
1268 774 1342 807 aut
1372 767 1506 822 aptior
1535 776 1606 807 aut

152 826 408 888 frequentior
429 842 563 888 potest
585 848 670 873 esse
691 833 779 888 conj
789 833 941 873 unctio.

486 951 592 990 CAP.
619 950 724 990 VII.
759 951 825 990 De
846 956 974 991 metro
995 951 1262 1006 anapaestico.

209 1034 289 1074 kln
322 1033 577 1088 anapaestico,
599 1045 735 1073 autem
771 1043 900 1073 metro
927 1033 1087 1073 nullum
1122 1032 1268 1088 pedem
1291 1032 1348 1073 ita
1367 1048 1606 1088 congruere,
1633 1045 1642 1065 ¹

152 1112 199 1143 ut
233 1101 469 1158 spondium,
508 1100 707 1142 videmus.

152 1170 228 1210 hoc
251 1178 380 1209 metro
401 1185 425 1209 a
445 1168 692 1224 quibusdam
718 1168 876 1209 Graecis
903 1168 1082 1224 positum
1110 1168 1380 1217 inveniamus,
1403 1184 1452 1209 eo
1473 1178 1609 1210 tamen

151 1233 338 1274 adhibito
377 1233 659 1288 confragosius
699 1233 897 1288 quiddam
940 1243 1101 1274 resonat
1142 1242 1182 1274 et
1221 1233 1380 1274 durius.
1460 1235 1645 1290 Itaque3

152 1301 314 1342 tametsi
349 1300 538 1356 dactylus
573 1311 697 1356 atque
727 1311 961 1356 anapaestus
993 1311 1088 1341 sunt
1126 1301 1380 1356 temporibus
1410 1317 1542 1356 pares,
1568 1303 1610 1343 id

769 1100 898 1141 ¹Nam
937 1100 1126 1156 quamvis
1161 1100 1280 1141 etiam
1318 1100 1529 1157 dactylum
1567 1101 1606 1141 in
1629 1115 1645 1135 2

154 1380 288 1409 tamen
320 1368 480 1409 aurium
515 1384 668 1418 sensus,
695 1368 761 1408 cui
789 1378 848 1408 est
880 1368 1057 1408 maxime
1089 1368 1333 1422 parendum,
1359 1368 1607 1424 mefflagitat‚

153 1445 214 1486 ut,
236 1452 357 1492 quem
381 1436 432 1476 ad
456 1436 626 1476 modum
648 1435 864 1476 intromitti
887 1435 926 1475 in
951 1445 1127 1476 metrum
1150 1434 1416 1491 dactylicum,
1439 1451 1490 1476 ne
1521 1438 1611 1493 ejus

152 1505 395 1545 suavitatem
426 1513 680 1560 corrumpat,
703 1515 937 1560 anapaestus
967 1519 1048 1544 non
1070 1513 1220 1559 potest,
1240 1503 1295 1544 ita
1316 1514 1494 1546 metrum
1516 1521 1611 1547 ana-

153 1651 241 1687 dum
275 1650 488 1686 videbatur:
526 1652 687 1697 quamvis
717 1663 759 1687 ea
786 1662 849 1697 pe<

152 1707 234 1740 (lum
251 1706 344 1739 ratio
360 1705 521 1750 recipiat.
544 1703 656 1739 Paris.
674 1717 727 1752 pr.
743 1716 851 1750 quam

153 1771 196 1793 ea
212 1759 342 1804 pedum
364 1759 515 1799 ratione,
538 1756 630 1792 alter
645 1769 751 1803 quam.
772 1768 851 1791 eam

149 1812 279 1859 pedam
302 1812 488 1845 rationem.
520 1810 673 1845 HEUS.

206 1862 227 1889 h
260 1876 402 1900 servare
427 1863 638 1909 videbimus]
660 1862 743 1898 Jam
775 1861 848 1912 pri-

153 1918 237 1953 dem
274 1915 601 1965 p1·aest⁴‹mtissi1nus
632 1915 850 1952 Ruhnkeni-

155 1984 209 2012 υς,
230 1969 337 2017 cujus
374 1968 573 2006 eruditioni
606 1977 644 2005 et
676 1967 849 2004 humani-

154 2025 220 2059 tati
243 2023 396 2059 Mallius
428 2021 587 2058 maxima
609 2022 721 2058 debet
741 2034 850 2058 orna-

154 2085 292 2120 menta,
314 2075 490 2112 indicavit
511 2074 612 2118 mihi,
633 2074 700 2111 sibi
723 2088 849 2111 emen-

155 2130 320 2165 dandum
357 2128 469 2165 videri
509 2131 644 2164 servari
681 2130 848 2164 videmus.

157 2183 267 2219 Hanc
314 2185 566 2232 conjecturam
626 2194 851 2231 magnopere

153 2236 405 2279 commendat,
423 2235 520 2283 quod
540 2236 578 2271 in
599 2235 714 2271 altero
735 2235 849 2271 Paris.

154 2291 327 2331 videmur,
350 2288 388 2325 in
409 2288 525 2325 altero
545 2290 703 2324 videmus
734 2300 852 2337 nuper

154 2342 350 2379 inventum
385 2349 452 2378 est.
516 2341 614 2380 Quia
646 2350 771 2378 tamen
806 2342 851 2377 de

155 2396 264 2432 verbo
285 2394 406 2431 activo
426 2407 568 2431 servare
590 2394 679 2430 nihil
705 2402 852 2430 mutant

155 2448 317 2489 codices,
339 2456 506 2496 superest
532 2448 623 2484 mihi
652 2461 726 2484 non
750 2447 851 2484 nulla

155 2501 351 2542 dubitatio,
382 2513 427 2536 an
459 2500 679 2537 Theodorus
708 2500 851 2537 dederit

155 2567 298 2590 servare
317 2554 490 2590 debemus.
550 2553 755 2603 Scripserat
775 2555 849 2590 for-

156 2616 253 2643 tasse
302 2605 468 2642 librarius
507 2605 637 2655 aliquis
679 2607 851 2643 sollemni

158 2673 260 2697 more
299 2658 440 2708 antiqui
471 2658 649 2708 temporis
681 2662 849 2703 alchimus,

157 2714 255 2750 unde
276 2720 404 2762 postea
420 2713 624 2753 videbimus,
645 2711 733 2748 hinc
751 2715 850 2749 vide-

155 2780 237 2802 mur
252 2774 290 2802 et
308 2767 465 2802 videmus
485 2764 623 2801 factum
645 2772 712 2801 est.
743 2767 852 2802 Certe

155 2821 193 2856 iu
242 2817 415 2868 Pompeii
463 2826 500 2854 et
547 2817 669 2854 Mallii
724 2818 852 2855 codice

158 2872 319 2922 Guelph.
350 2872 604 2913 scribibantur,
625 2870 761 2918 facire,
794 2873 850 2907 in-

157 2927 325 2968 dicenter,
355 2938 421 2974 pro
441 2925 698 2967 scribebantur,
709 2924 850 2971 facere,

906 1652 1124 1692 indecenter,
1146 1659 1183 1686 et
1203 1658 1377 1687 sexcenta
1398 1649 1529 1687 similia
1551 1665 1606 1689 re-

906 1703 1110 1753 periuntur.
1143 1704 1298 1741 HEUS.

960 1755 1162 1804 ifacultas
1194 1763 1246 1793 est
1275 1757 1379 1804 rara]
1414 1756 1604 1795 Librarius

904 1809 1042 1846 codicis
1063 1809 1226 1859 Guelph.
1250 1811 1328 1847 haec
1347 1818 1384 1846 et
1413 1811 1604 1860 sequentia

906 1862 957 1899 ita
1004 1862 1286 1912 inquinaverat:
1335 1863 1504 1911 facultas
1551 1871 1603 1902 est

905 1921 989 1952 rata
1017 1921 1134 1952 tamen
1165 1929 1285 1952 eorum
1303 1918 1355 1965 fit
1385 1919 1603 1954 acimioetione

907 1982 973 2017 que
993 1971 1082 2005 ulla.
1141 1970 1339 2006 Corrector
1365 1983 1474 2019 super
1492 1984 1602 2007 voca-

908 2023 1036 2059 bulum
1059 2024 1135 2058 ulla
1157 2022 1317 2059 litteram
1339 2036 1361 2058 η
1382 2023 1540 2073 scripsit,
1563 2033 1603 2061 ut

906 2083 1002 2113 esset
1021 2077 1137 2118 nulla,
1159 2085 1270 2125 atque
1290 2075 1340 2112 ita
1365 2077 1602 2121 sententiam,

906 2142 1016 2178 quam
1032 2127 1161 2175 juvare
1193 2129 1319 2171 voluit,
1350 2129 1467 2179 magis
1491 2130 1601 2167 etiam

907 2182 1147 2232 perturbavit.
1191 2184 1358 2232 Uterque
1378 2183 1492 2220 Paris.
1511 2183 1605 2221 liber

908 2235 1132 2272 medicinam
1156 2235 1243 2272 fecit
1272 2237 1357 2272 huic
1386 2236 1469 2273 loco
1495 2237 1604 2286 plane

906 2289 1078 2333 eandem,
1113 2303 1223 2339 quarn
1264 2289 1352 2326 olim
1392 2293 1604 2340 conjectura

906 2354 1131 2392 paraveram.
1162 2343 1318 2379 HEUS.

961 2393 982 2420 k
1015 2396 1057 2431 In
1091 2397 1324 2444 anapaestico]
1364 2396 1604 2446 Praepositio-

907 2461 992 2484 nem
1043 2448 1102 2485 hic
1146 2448 1295 2485 defendi
1341 2462 1447 2499 posse
1485 2449 1602 2487 video.

907 2500 1083 2551 Suspicor
1116 2510 1255 2545 tamen,
1290 2510 1457 2539 nostrum
1495 2504 1605 2540 verbo

907 2568 1103 2602 congruere
1131 2555 1243 2592 dandi
1272 2569 1398 2593 casum
1423 2555 1604 2603 junxisse,

907 2621 950 2644 ex
987 2608 1261 2658 interpolatoris
1298 2618 1423 2646 autem
1456 2610 1605 2659 lecytho

907 2660 1005 2697 istud
1027 2664 1063 2697 in
1083 2661 1237 2698 adlitum
1257 2675 1348 2698 esse.
1381 2662 1537 2699 HEUS.

960 2713 971 2740 ¹
1003 2715 1101 2750 Nam
1139 2717 1301 2762 quamvis
1334 2717 1442 2751 etiam
1477 2717 1602 2762 dacty-

909 2768 997 2813 lum]
1072 2768 1184 2804 Paris.
1242 2780 1314 2804 sec.
1372 2769 1602 2815 dactylicum.

911 2820 1063 2857 HEUS.

961 2879 993 2899 m
1024 2873 1225 2923 efflagitat]
1254 2872 1417 2922 Guelph.
1439 2878 1473 2908 et
1490 2873 1606 2922 flagi-

910 2931 976 2962 tat.
1008 2927 1164 2963 HEUS.
