1962 3355
360 186 421 231 56
871 184 1029 231 Marii
1056 184 1299 232 Victorini
1657 203 1753 234 ΜΒ.
1779 205 1810 235 1.

357 306 462 351 loco
507 314 802 368 suggerente,
838 323 933 351 non
978 307 1372 368 praetermiserim,
1409 307 1598 354 eosdem
1638 309 1810 371 figuras

356 381 532 445 pedum
571 380 831 427 secundum
865 381 1014 444 spatia
1038 391 1306 445 temporum
1335 401 1418 446 per
1442 384 1619 429 litteras
1645 384 1708 429 ita
1733 385 1812 430 de-

357 457 580 520 signasse,
607 466 659 502 ut
686 456 833 501 brevis
871 456 1065 519 syllabae
1091 457 1208 514 loco,
1233 475 1336 520 quae
1362 458 1421 504 sit
1450 458 1588 504 unius
1625 468 1812 522 tempo-

355 533 431 588 ris,
473 542 676 596 ponatur
711 535 781 578 B:
817 532 1007 595 ylongae
1044 542 1201 578 autem
1240 534 1358 590 Ιοοο,
1391 551 1495 596 quae
1533 534 1592 580 sit
1626 543 1811 598 tempo-

354 626 458 655 rum
504 609 668 663 duum,
704 611 786 654 M:
827 609 917 654 hoc
954 607 1076 665 ideo,
1117 618 1168 655 ut
1197 627 1281 672 per
1316 610 1493 655 litteras
1529 610 1690 673 regula
1727 628 1810 674 pe-

297 702 335 723 10
353 684 467 731 dum
502 685 640 731 facile
677 685 1022 747 Zintellegatur.
1094 684 1180 730 Pes
1217 694 1374 731 autem
1409 685 1562 731 dictus
1596 695 1681 743 est,
1713 686 1808 731 sive

352 760 496 821 aquia
530 778 636 823 pars
675 777 905 805 mensurae
941 768 988 805 et
1022 759 1189 806 modus
1215 760 1436 822 quidam:
1474 761 1689 807 similiter
1724 779 1807 825 pes

351 845 558 891 vocatur,
584 836 680 881 sive
705 835 816 897 quia
838 837 886 880 in
918 835 1219 898 percussione
1257 836 1450 882 metrica
1474 836 1607 899 pedis
1643 837 1807 900 pulsus

351 912 542 973 ponitur
566 910 867 972 tolliturque:
905 928 986 956 seu
1013 910 1138 971 quia,
1165 919 1217 956 ut
1247 927 1331 955 nos
1366 910 1602 973 bpedibus
1635 912 1806 958 nostris

350 986 644 1048 ingredimur
679 994 820 1046 atque
851 985 1196 1047 progredimur,
1231 985 1296 1031 ita
1332 995 1379 1031 et
1413 1002 1570 1032 versus
1603 1004 1686 1049 per
1721 988 1806 1033 hos

293 1083 327 1105 11
351 1062 492 1125 pedes
518 1060 738 1107 metricos
763 1060 976 1123 procedit
997 1070 1043 1107 et
1062 1060 1258 1107 scandit.
1297 1061 1428 1107 Inter
1449 1061 1617 1124 pedem
1646 1070 1803 1108 autem

348 1148 395 1184 et
435 1137 718 1200 rhythmum
761 1136 853 1182 hoc
895 1136 1100 1190 interest,
1137 1135 1263 1198 quod
1305 1154 1386 1199 pes
1435 1137 1534 1182 sine
1576 1136 1806 1199 rhythmo

347 1233 448 1261 esse
484 1233 578 1260 non
609 1223 780 1278 potest,
805 1213 1061 1276 rhythmus
1097 1223 1255 1260 autem
1293 1214 1392 1261 sine
1427 1215 1547 1278 pede
1586 1215 1804 1272 decurrit,

347 1309 439 1338 non
477 1292 602 1337 enim
648 1290 927 1354 gradiuntur
965 1290 1087 1336 mele
1127 1290 1302 1353 pedum
1345 1291 1685 1348 mensionibus,
1721 1291 1800 1337 sed

346 1368 587 1431 rhythmis
614 1369 751 1412 fiunt.

291 1464 327 1487 η
412 1445 560 1491 Pedes
610 1451 754 1505 Cergo
796 1441 1033 1505 simplices
1086 1449 1195 1487 sunt
1248 1440 1519 1498 duodecim,
1566 1442 1646 1504 qui
1696 1459 1803 1505 pro-

347 1520 524 1566 cedunt
571 1518 979 1579 dadcrescuntque
1035 1535 1060 1563 a
1108 1516 1290 1562 duabus
1345 1517 1538 1580 syllabis
1588 1517 1644 1563 ad
1693 1527 1800 1572 tres,

347 1597 459 1642 item
508 1595 692 1641 duobus
739 1594 1034 1657 temporibus
1083 1593 1138 1639 ad
1187 1611 1284 1650 sex,
1328 1611 1385 1639 ex
1434 1594 1606 1656 quibus
1654 1593 1801 1656 disyl-

289 1687 324 1716 13
346 1672 455 1729 labi,
498 1670 663 1734 †quod
705 1680 928 1732 quattuor
966 1680 1239 1733 temporum
1286 1671 1510 1717 existunt.
1582 1672 1800 1723 Quorum

345 1748 565 1811 princeps
605 1756 651 1792 et
695 1754 893 1792 eauctor
930 1746 1252 1809 Pyrrhichius,
1301 1747 1381 1809 qui
1430 1756 1476 1792 et
1522 1748 1798 1793 Pariambus

344 1833 391 1869 et
432 1823 702 1869 Dibrachus
742 1821 1031 1885 appellatur:
1080 1821 1160 1867 sed
1199 1822 1473 1868 pariambus
1513 1822 1633 1876 ideo,
1670 1821 1799 1884 quod

344 1901 502 1946 minus
545 1899 717 1944 habeat
752 1914 901 1943 unum
945 1906 1134 1960 tempus
1183 1899 1241 1943 ab
1288 1899 1465 1952 iambo,
1516 1899 1624 1960 παρὰ
1669 1898 1797 1944 enim

345 1976 498 2023 Graeci
525 1976 681 2021 minus
716 1973 895 2027 dicunt,
917 1974 1175 2020 subsistens
1208 1992 1232 2019 e
1265 1973 1447 2019 duabus
1485 1974 1719 2028 brevibus,
1744 1983 1799 2020 ut

345 2053 448 2109 dea,
485 2062 752 2114 temporum
793 2049 970 2095 duum:
1008 2049 1072 2095 ita
1107 2049 1235 2095 enim
1271 2050 1389 2095 ratio
1424 2049 1652 2112 exposcit,
1684 2058 1738 2095 ut
1773 2067 1800 2094 a

343 2128 470 2174 brevi
507 2127 638 2189 origo
673 2136 945 2189 temporum
983 2125 1195 2188 coeperit,
1221 2125 1399 2188 quippe
1435 2142 1543 2170 cum
1584 2124 1796 2185 ejusdem

343 2203 602 2266 geminatio
625 2203 824 2264 longum
850 2201 1012 2246 fecerit
1036 2209 1242 2263 tempus,
1270 2200 1394 2246 haud
1422 2199 1555 2245 aliter
1579 2216 1720 2260 quam
1748 2200 1795 2245 in

342 2279 578 2326 numeris:
615 2277 790 2323 etenim
830 2293 886 2321 ex
924 2294 1019 2322 uno
1056 2275 1387 2338 multiplicato,
1418 2275 1564 2321 veluti
1597 2275 1797 2338 primor-

287 2377 322 2406 14
342 2357 420 2403 dio
462 2373 514 2402 ac
557 2353 750 2409 semine,
787 2353 951 2414 reliqui
992 2352 1266 2415 gignuntur.
1347 2350 1454 2396 Nec
1493 2350 1734 2397 immerito
1770 2369 1796 2397 a

394 2463 414 2491 Y
433 2455 570 2505 longae]
596 2454 708 2504 longa
728 2453 767 2488 P.
908 2458 926 2478 Ζ
946 2451 1194 2501 intelligatur]
1218 2450 1455 2498 intellegatur
1475 2451 1517 2486 P.
1656 2457 1675 2477 a
1693 2463 1795 2499 quae-

341 2510 445 2556 dam]
471 2508 556 2557 quia
575 2508 614 2543 P.
723 2503 743 2531 b
764 2504 937 2554 pedibus]
960 2504 1117 2554 pedibus
1138 2503 1270 2539 nostris
1292 2505 1333 2540 P.
1445 2510 1461 2529 c
1482 2504 1615 2550 igitur]
1640 2516 1728 2553 ergo
1750 2504 1793 2540 P.

340 2560 359 2587 d
379 2561 612 2607 accrescunt]
635 2559 854 2595 adcrescunt
872 2558 913 2594 P.
1025 2564 1040 2583 e
1061 2557 1211 2604 author]
1237 2564 1364 2592 auctor
1385 2556 1425 2591 P.
1446 2563 1484 2591 et
1503 2568 1600 2591 mox.

392 2662 429 2698 9.
454 2653 614 2696 ponatur
646 2647 675 2682 B
695 2646 783 2691 etc.]
815 2645 926 2680 Notae
954 2644 1034 2679 bre·
1092 2643 1215 2692 longa.
1251 2641 1483 2679 Camerarius
1514 2642 1546 2677 B
1566 2641 1601 2677 in
1625 2643 1672 2684 A,
1693 2649 1729 2678 et
1751 2643 1798 2678 M

339 2702 435 2738 vium
468 2709 506 2737 et
536 2700 728 2750 longarum
761 2697 931 2733 videntur
956 2708 1036 2732 esse
1091 2695 1129 2731 in
1148 2697 1180 2731 B
1196 2695 1415 2731 mutandum
1433 2702 1571 2737 censet,
1592 2703 1714 2730 motus
1727 2695 1792 2731 illo

338 2755 474 2791 debere
497 2752 700 2789 litterarum
726 2753 761 2787 A
780 2759 818 2788 et
840 2751 882 2792 B,
905 2757 942 2786 et
971 2762 1036 2798 ap·
1093 2748 1193 2797 quod
1221 2761 1257 2797 p.
1277 2749 1339 2795 63,
1366 2760 1396 2784 1.
1425 2748 1478 2795 [c.
1498 2748 1550 2789 xi,
1573 2747 1657 2794 61.]
1679 2755 1716 2784 et
1736 2761 1792 2784 se-

338 2816 443 2857 paret
473 2807 545 2842 hoc
577 2805 805 2854 planumque
840 2804 880 2839 fit
908 2802 945 2838 in
980 2814 1035 2838 se·
1092 2802 1293 2850 quentibus
1307 2800 1454 2850 legitur.
1484 2801 1664 2848 EgoBet
1679 2801 1791 2836 stIre-

338 2860 548 2910 quentibus.
572 2858 770 2894 CAMER.
809 2857 841 2891 Β
858 2868 923 2905 pro
935 2857 1036 2903 βραχ.
1093 2854 1211 2890 tinere
1226 2853 1348 2898 nialog
1378 2862 1416 2890 et
1435 2853 1530 2890 forte
1548 2866 1590 2889 ex
1612 2853 1681 2889 hoe
1701 2853 1793 2890 alter

336 2915 360 2950 i.
373 2927 407 2952 e.
427 2911 525 2951 brevi
540 2911 749 2962 syllaba,M
762 2922 844 2946 vero
859 2924 957 2956 μακρ.
971 2907 1035 2945 i.e.
1093 2906 1154 2943 ille
1175 2906 1278 2943 loeus
1298 2906 1552 2956 corrigendus.
1585 2906 1759 2943 COMM.
