1962 3355
375 184 470 233 494
978 175 1229 224 Diomedis
1627 190 1724 221 ΜΒ.
1750 191 1826 223 111.

374 296 681 343 Admiscetur
720 296 833 343 huic
869 305 1060 361 propter
1095 297 1292 360 gratiam
1328 296 1566 344 varietatis
1602 295 1829 343 adimeter

373 373 606 421 heroicus.
674 372 805 420 Nam
829 373 924 419 tale
947 381 1033 429 est,

719 449 933 503 Quifleta
947 449 1129 504 primus,

374 507 529 569 quale,

723 570 898 610 Terruit
918 569 1100 609 hurbem.

373 645 431 692 In
468 653 623 691 cetero
658 643 825 707 recipit
860 642 951 688 hoc
989 650 1196 688 metrum
1235 641 1468 705 spondeos
1498 650 1545 687 et
1578 641 1720 687 calios
1754 641 1824 688 sui

373 720 556 785 generis
582 717 739 783 pedes.

313 810 348 841 31
438 795 756 843 Archilochus
792 794 937 841 etiam
962 793 1021 840 de
1046 793 1251 840 iambico
1275 794 1444 841 colobo
1468 793 1612 841 dfacit
1635 810 1826 841 comma

371 874 478 931 tale,
599 936 701 976 Huc
720 935 819 976 ades
839 936 974 990 Lyoee.

373 1011 514 1066 Quod
538 1011 633 1057 tale
657 1018 743 1066 est,
768 1009 907 1071 quale
932 1008 1065 1065 illud,

597 1086 813 1127 Machinae
832 1086 1014 1126 carinas.

369 1161 438 1208 Et
459 1169 615 1226 potest
640 1159 846 1223 suppleri
872 1158 1105 1204 iambicus
1130 1158 1350 1204 ecolobus
1375 1157 1455 1215 sic,

604 1236 880 1292 Trahuntque
899 1236 1044 1284 siccas,
1065 1234 1144 1275 huc
1164 1234 1261 1275 ades
1282 1235 1421 1288 Lyaee.

308 1335 348 1365 32
435 1311 710 1358 Dimetrum
752 1308 992 1355 heroicum
1031 1324 1089 1354 ex
1125 1308 1361 1372 superiore
1393 1315 1526 1372 parte
1557 1305 1823 1353 hexametri

370 1388 570 1435 ffactum
596 1394 680 1442 est,
705 1394 758 1431 ut
783 1392 892 1430 sunt
916 1384 1010 1441 illa,

596 1462 805 1503 Scribentz'
825 1460 927 1500 mihi
941 1465 1226 1515 praemonstra
1246 1459 1337 1499 dea.

370 1539 468 1585 Hic
492 1536 618 1584 enim
646 1536 740 1582 duo
764 1535 906 1599 pedes
932 1543 1041 1580 sunt
1066 1534 1123 1580 de
1148 1533 1381 1598 principio
1407 1533 1683 1579 hexametri.

305 1642 348 1674 33
433 1613 542 1660 &Sic
566 1622 613 1659 et
637 1612 904 1658 trimetrum
926 1628 983 1656 ex
1009 1611 1247 1674 superiore
1271 1618 1402 1674 parte
1428 1609 1690 1656 hexametri
1710 1609 1821 1667 tale,

595 1691 653 1730 M
652 1704 738 1730 usae
758 1688 949 1729 Pierides
968 1702 1124 1728 novem.

366 1763 489 1811 hSed
516 1763 607 1810 hoc
636 1762 761 1809 idem
796 1763 1178 1808 Anacreonteum
1207 1769 1292 1815 est,
1317 1759 1375 1806 de
1400 1777 1496 1822 quo
1528 1777 1668 1823 supra
1701 1758 1823 1806 dixi-

367 1860 488 1888 mus.
558 1840 687 1887 Nam
725 1839 880 1886 simile
912 1848 983 1885 est
1014 1838 1129 1884 illud
1162 1837 1290 1900 quod
1327 1855 1634 1901 posueramus
1660 1854 1823 1884 exem-

365 1919 515 1983 plum,

592 1983 668 2024 Sic
687 1988 723 2022 te
744 1982 844 2022 diva
855 1987 1006 2037 potens
1029 1981 1175 2036 Cypri.

429 2052 779 2098 Tetrametrum
810 2050 1007 2095 heroum
1034 2066 1091 2095 ex
1119 2047 1357 2112 superiore
1382 2046 1506 2094 ktale
1530 2056 1618 2104 est,

595 2128 762 2182 Optima
782 2131 913 2166 mente
933 2126 1116 2180 tibifiro
1137 2138 1326 2165 munera.

365 2201 463 2248 Hic
488 2201 525 2247 si
551 2200 693 2247 addas
720 2200 838 2246 duos
862 2199 1020 2260 pedes,
1045 2199 1093 2246 id
1117 2209 1202 2254 est,

597 2278 774 2317 Terruit
795 2275 969 2326 luo-bem,

364 2351 640 2397 hexameter
663 2349 956 2413 implebitur.

300 2455 341 2486 35
428 2427 728 2472 Pentameter
753 2442 943 2487 quoque
980 2423 1194 2469 heroicus
1229 2423 1283 2468 fit
1317 2439 1376 2468 ex
1409 2420 1647 2485 superiore
1684 2429 1817 2485 parte

362 2501 626 2549 hexametri
653 2501 733 2555 sic,

304 2084 346 2115 34

415 2652 435 2672 a
453 2645 596 2680 dimetri
615 2643 712 2678 Ven.
821 2640 842 2668 b
862 2642 1009 2689 urbem]
1034 2643 1151 2678 orbem
1172 2642 1217 2678 A.
1328 2647 1345 2667 0
1365 2639 1474 2687 alios]
1500 2640 1572 2675 alio
1591 2640 1636 2675 A.
1719 2635 1740 2664 d
1760 2638 1815 2674 fa-

359 2699 428 2745 cit]
440 2698 538 2746 fecit
559 2698 604 2733 B.
662 2696 755 2732 Mox
787 2697 860 2731 tale
886 2701 937 2731 est
958 2696 1052 2732 Ven.
1271 2701 1287 2720 e
1308 2693 1477 2740 colobos]
1506 2694 1620 2729 colobi
1647 2692 1692 2728 A.
1717 2691 1812 2727 Ven.

358 2751 374 2778 f
378 2752 526 2800 sactum
547 2756 599 2787 est
617 2749 712 2785 AB.
840 2756 861 2784 g
882 2748 1109 2796 trimetrum]
1136 2748 1198 2785 Sic
1217 2753 1252 2784 et
1272 2749 1475 2784 trimetrum
1494 2747 1588 2783 AB.
1697 2743 1719 2770 h
1740 2744 1813 2780 Sed

359 2804 478 2852 idem]
501 2805 574 2841 Sed
593 2804 659 2839 hoc
678 2804 770 2838 idem
790 2802 835 2838 B.
987 2799 999 2835 j
1022 2803 1132 2849 meae]
1155 2815 1279 2838 novem
1297 2802 1345 2837 A.
1367 2804 1412 2837 7ιό
1432 2801 1526 2837 Ven.
1582 2799 1676 2835 Mox
1695 2810 1814 2833 exem-

353 2860 421 2906 pla
439 2859 537 2895 Ven.
655 2854 677 2882 k
697 2855 766 2902 sic]
790 2856 862 2892 tale
881 2855 975 2892 A.B.
998 2864 1077 2892 tum
1100 2857 1164 2891 tibi
1183 2868 1259 2893 om.
1281 2856 1328 2891 B.
1452 2852 1465 2880 1
1484 2853 1614 2890 urbem
1633 2851 1811 2888 hexame-

358 2912 431 2959 ter]
456 2913 575 2948 orbem
593 2910 768 2947 exametrz'
782 2909 826 2946 A.
847 2910 970 2945 urbem
990 2921 1065 2946 om.
1086 2909 1184 2945 Ven.
