1962 3355
321 202 384 240 32
841 190 995 237 Maria·
1024 192 1261 238 Victorini
1620 207 1720 237 Lm.
1742 206 1774 237 1.

323 313 418 360 Hae
443 314 636 377 syllabae
661 330 745 377 pro
771 313 991 358 brevibus
1017 312 1139 376 apud
1166 321 1360 369 vetereS,
1380 329 1465 375 pro
1489 312 1642 375 longis
1665 330 1776 358 vero

268 407 305 438 17
324 390 449 454 apud
485 407 650 436 omnes
686 398 942 453 ponuntur.
1013 389 1172 434 Potest
1210 398 1257 434 et
1298 388 1375 433 hie
1415 387 1583 434 modus
1616 398 1775 435 sextus

268 638 304 667 18

270 1503 306 1534 ¹9

267 2094 308 2116 ’ΖΟ

268 2397 305 2418 21

323 467 651 513 communium
694 465 983 529 syllabarum
1021 463 1183 522 videri,
1209 464 1287 527 qui
1330 463 1455 527 apud
1492 482 1659 511 omnes
1699 483 1777 512 ve-

323 552 444 589 teres
469 560 670 606 semper,
691 550 737 588 et
762 541 884 606 apud
912 540 1184 604 iVirgilium
1214 541 1494 604 plerumque
1526 558 1611 604 pro
1636 542 1778 604 longa

324 619 505 682 syllaba
540 627 637 665 est:
686 635 795 664 nam
837 635 920 681 pro
960 617 1088 663 brevi
1132 616 1256 681 apud
1298 634 1444 663 novos
1491 625 1653 679 poetas
1688 616 1778 662 fre-

323 703 547 756 quenter:
587 693 715 756 quod
741 702 811 739 est
836 693 916 750 sic,
943 711 1050 739 cum
1077 695 1273 740 verbum
1312 693 1408 740 sive
1444 710 1621 739 nomen
1645 710 1670 739 o
1696 693 1778 738 ha-

324 770 402 816 bet
429 770 644 816 ultimam
672 777 951 832 correptam,
967 787 1062 815 non
1089 769 1395 832 sequentibus
1421 767 1640 815 kduabus
1666 786 1778 814 con-

324 846 627 892 sonantibus:
667 854 732 901 ut,

593 919 746 966 Canto
771 937 871 983 quse
896 919 1103 966 ¹solitus.

323 984 403 1040 Et,

590 1048 779 1096 Moenia
796 1049 959 1112 prima
985 1049 1242 1113 locoj'atis.

324 1114 466 1171 Item,

594 1178 686 1226 Cui
707 1179 840 1226 Jcmo
864 1187 897 1208 ¹¹¹
913 1181 1181 1226 summissa.

324 1244 390 1291 Et
414 1244 540 1299 alibi,

592 1309 708 1356 Heu
732 1310 930 1357 nimium
953 1310 1091 1374 virgo
1115 1310 1329 1358 nimium.

326 1408 383 1454 In
418 1407 491 1453 his
517 1408 643 1454 enim
680 1409 902 1454 omnibus
928 1426 953 1455 o
979 1409 1132 1455 littera
1158 1417 1370 1471 correpta
1408 1426 1492 1472 pro
1524 1412 1664 1473 longa
1703 1428 1780 1457 ac-

326 1484 513 1548 cipitur.
600 1485 728 1531 Nam
766 1502 851 1548 pro
893 1485 1020 1531 brevi
1059 1486 1205 1531 nnovi
1245 1494 1429 1531 tantum
1473 1494 1780 1550 ⁰posuerunt,

324 1570 378 1606 ut
403 1561 655 1618 Martialis,

691 1625 803 1673 IVon
827 1645 931 1674 amo
955 1634 1001 1674 te
1028 1627 1210 1673 Sabidi.

326 1702 391 1748 Et
416 1701 540 1764 apud
566 1702 821 1765 Virgilium
850 1703 1099 1757 invenitur,
1127 1713 1177 1749 ut
1201 1711 1286 1760 est,

690 1778 835 1825 Iszc
858 1781 969 1835 scio,
996 1780 1113 1843 quid
1132 1781 1195 1826 sit
1221 1796 1366 1825 amor.

326 1854 419 1900 Sed
439 1854 518 1917 qui
541 1855 665 1900 banc
690 1856 921 1918 syllabam
944 1857 1133 1919 longam
1166 1873 1266 1901 esse
1290 1855 1571 1900 onlueruut
1596 1871 1782 1917 semper

325 1931 509 1977 elidunt
551 1930 661 1976 inde
692 1932 709 1977 i
744 1931 964 1986 litteram,
1004 1942 1054 1978 ut
1092 1932 1172 1987 sic,
1211 1948 1337 1978 mmo
1367 1948 1457 1977 sco.
1506 1947 1780 1992 quanquam

326 2016 495 2054 ‘lcausa
515 2017 585 2053 est
605 2025 745 2070 super
763 2008 854 2054 hoc
874 2010 1032 2065 verbo,
1048 2025 1192 2071 quare
1209 2025 1399 2053 necesse
1417 2017 1488 2053 est
1506 2024 1532 2052 ο
1550 2007 1780 2052 rlitteram

326 2083 512 2146 corripi.
574 2084 631 2129 In
658 2084 730 2129 bis
757 2084 884 2129 enim
912 2085 1063 2131 verbis
1083 2102 1186 2147 quae
1205 2084 1453 2130 nominum
1477 2082 1680 2146 speciem
1703 2100 1783 2144 ge-

325 2169 451 2216 runt,
467 2159 633 2205 eadem
659 2160 826 2224 corripi
853 2170 1038 2224 oportet
1061 2169 1252 2223 propter
1276 2158 1623 2205 discretionem.
1650 2158 1778 2203 Nam

325 2235 438 2292 scio,
469 2236 505 2281 si
539 2235 762 2299 corripias
795 2254 820 2282 o
857 2236 1077 2293 litteram,
1101 2237 1296 2282 verbum
1325 2245 1421 2289 est3
1460 2235 1496 2281 si
1532 2234 1782 2299 producas,

327 2319 532 2357 Snomen
570 2320 640 2357 est
676 2312 925 2375 singularis
963 2312 1107 2358 dativi
1146 2313 1217 2358 vel
1253 2312 1460 2369 ablativi,
1495 2321 1548 2358 ut
1583 2311 1708 2369 huic,
1736 2322 1784 2358 et

328 2388 387 2434 ab
411 2388 497 2434 hoc
518 2388 628 2434 scio.
699 2388 824 2434 Item
851 2389 944 2434 tale
973 2399 1043 2434 est
1078 2395 1303 2446 monstro,
1328 2398 1374 2434 et
1399 2394 1597 2445 ostento,
1622 2397 1669 2435 et
1693 2388 1784 2434 fre-

380 2517 391 2544 i
420 2518 646 2568 Vergilium]
672 2518 871 2569 Virgilium
894 2520 936 2556 P.
1063 2518 1085 2545 k
1105 2520 1263 2566 duabus]
1287 2520 1431 2556 duobus
1452 2521 1493 2556 P.
1621 2518 1632 2546 1
1652 2519 1783 2556 solitus

327 2572 416 2618 etc.]
453 2572 584 2608 solitus
619 2573 659 2607 P.
830 2580 861 2598 m
892 2571 1092 2619 submissa]
1127 2572 1288 2609 suffiissa
1318 2574 1360 2608 P.
1525 2580 1545 2599 n
1565 2585 1640 2609 non
1674 2572 1778 2620 novi]

327 2624 413 2660 novi
435 2625 474 2660 P.
604 2631 622 2650 0
644 2626 816 2673 posuere]
841 2633 1047 2674 posuerunt
1068 2626 1109 2661 P.
1237 2632 1257 2660 P
1278 2625 1477 2662 voluerunt
1496 2626 1659 2675 semper]
1684 2638 1783 2662 sem·

328 2690 392 2726 per
411 2677 607 2713 voluerunt
626 2679 666 2713 P.
715 2678 811 2713 Mox
833 2684 871 2713 ut
891 2680 936 2714 sit
954 2677 1118 2714 Vossius.
1220 2685 1239 2712 q
1260 2680 1406 2726 caussa]
1431 2691 1542 2714 causa
1560 2680 1602 2714 P.
1686 2685 1701 2704 r
1721 2678 1782 2715 lit-

327 2731 465 2778 teram]
490 2742 510 2765 o
528 2729 690 2766 litteram
712 2731 753 2766 P.
887 2736 901 2756 s
923 2731 1078 2778 nomen]
1102 2743 1239 2766 nomen
1261 2739 1318 2767 est
1338 2731 1377 2766 P.

386 2859 445 2896 19.
467 2845 571 2883 Dicit
588 2846 780 2896 Sosipater
799 2846 835 2883 in
856 2847 929 2883 hoc
943 2846 1028 2883 Vir·
1082 2855 1235 2890 veteres,
1257 2846 1403 2896 sequuti
1424 2848 1590 2891 Graecos,
1611 2865 1633 2884 ω
1653 2856 1784 2885 natura

327 2899 404 2950 gilii
413 2913 519 2936 versu
533 2899 671 2936 nullam
683 2900 925 2949 synaloepheu
934 2912 1026 2943 esse,
1083 2900 1234 2949 longam
1247 2900 1284 2936 in
1302 2899 1433 2936 ultima
1443 2900 1546 2937 verbi
1562 2900 1701 2950 syllaba
1717 2914 1783 2951 pro

328 2953 392 2989 sed
423 2953 518 2989 hanc
551 2953 662 2990 fuisse
696 2954 891 2995 rationem,
927 2953 1027 3002 quod
1084 2953 1276 2989 communi
1296 2954 1522 3004 usurparint.
1551 2954 1727 2991 COMM.
