<?xml version="1.0" encoding="UTF-8"?>
<!DOCTYPE html PUBLIC "-//W3C//DTD XHTML 1.0 Transitional//EN"
    "http://www.w3.org/TR/xhtml1/DTD/xhtml1-transitional.dtd">
<html xmlns="http://www.w3.org/1999/xhtml" xml:lang="en" lang="en">
 <head>
  <title>
</title>
<meta http-equiv="Content-Type" content="text/html;charset=utf-8" />
  <meta name='ocr-system' content='tesseract 3.04.00' />
  <meta name='ocr-capabilities' content='ocr_page ocr_carea ocr_par ocr_line ocrx_word'/>
</head>
<body>
  <div class='ocr_page' id='page_1' title='image "./scriptoreslatini00gaisuoft_0533.png"; bbox 0 0 1962 3355; ppageno 0'>
   <div class='ocr_carea' id='block_1_1' title="bbox 142 155 1592 203">
    <p class='ocr_par' dir='ltr' id='par_1_1' title="bbox 142 155 1592 203">
     <span class='ocr_line' id='line_1_1' title="bbox 142 155 1592 203; baseline -0.001 -1"><span class='ocrx_word' id='word_1_1' title='bbox 142 155 342 203; x_wconf 85' lang='lat' dir='ltr'><strong>CAP.36.</strong></span> <span class='ocrx_word' id='word_1_2' title='bbox 629 155 746 202; x_wconf 75' lang='grc' dir='ltr'><strong>Ὠδαὶ</strong></span> <span class='ocrx_word' id='word_1_3' title='bbox 773 156 885 201; x_wconf 73' lang='lat' dir='ltr'><strong>libri</strong></span> <span class='ocrx_word' id='word_1_4' title='bbox 907 156 1114 201; x_wconf 63' lang='lat' dir='ltr'><strong>secundi.</strong></span> <span class='ocrx_word' id='word_1_5' title='bbox 1501 163 1592 200; x_wconf 80' lang='lat'><strong>515</strong></span> 
     </span>
    </p>
   </div>
   <div class='ocr_carea' id='block_1_2' title="bbox 206 274 1655 340">
    <p class='ocr_par' dir='ltr' id='par_1_2' title="bbox 206 274 1655 340">
     <span class='ocr_line' id='line_1_2' title="bbox 206 274 1655 340; baseline -0.001 -17"><span class='ocrx_word' id='word_1_6' title='bbox 206 277 409 323; x_wconf 83' lang='lat' dir='ltr'><strong>Decima</strong></span> <span class='ocrx_word' id='word_1_7' title='bbox 433 285 598 340; x_wconf 87' lang='lat' dir='ltr'><strong>quarta</strong></span> <span class='ocrx_word' id='word_1_8' title='bbox 622 276 711 321; x_wconf 91' lang='lat' dir='ltr'><strong>ode</strong></span> <span class='ocrx_word' id='word_1_9' title='bbox 746 276 837 321; x_wconf 87' lang='lat' dir='ltr'><strong>hoc</strong></span> <span class='ocrx_word' id='word_1_10' title='bbox 871 274 998 320; x_wconf 86' lang='lat' dir='ltr'><strong>idem</strong></span> <span class='ocrx_word' id='word_1_11' title='bbox 1036 284 1239 320; x_wconf 85' lang='lat' dir='ltr'><strong>metrum</strong></span> <span class='ocrx_word' id='word_1_12' title='bbox 1269 274 1426 328; x_wconf 86' lang='lat' dir='ltr'><strong>babet,</strong></span> <span class='ocrx_word' id='word_1_13' title='bbox 1453 274 1594 336; x_wconf 89' lang='lat' dir='ltr'><strong>quod,</strong></span> <span class='ocrx_word' id='word_1_14' title='bbox 1618 294 1655 322; x_wconf 77' lang='lat'><strong>14</strong></span> 
     </span>
    </p>
   </div>
   <div class='ocr_carea' id='block_1_3' title="bbox 139 349 1164 485">
    <p class='ocr_par' dir='ltr' id='par_1_3' title="bbox 139 349 1164 485">
     <span class='ocr_line' id='line_1_3' title="bbox 139 349 1131 418; baseline -0.004 -19"><span class='ocrx_word' id='word_1_15' title='bbox 139 363 191 398; x_wconf 89' lang='lat' dir='ltr'><strong>ut</strong></span> <span class='ocrx_word' id='word_1_16' title='bbox 217 371 356 418; x_wconf 89' lang='lat' dir='ltr'><strong>supra</strong></span> <span class='ocrx_word' id='word_1_17' title='bbox 382 353 607 408; x_wconf 82' lang='lat' dir='ltr'><strong>diximus,</strong></span> <span class='ocrx_word' id='word_1_18' title='bbox 635 351 852 398; x_wconf 89' lang='lat' dir='ltr'><strong>similiter</strong></span> <span class='ocrx_word' id='word_1_19' title='bbox 876 349 1131 407; x_wconf 79' lang='lat' dir='ltr'>scanditur,</span> 
     </span>
     <span class='ocr_line' id='line_1_4' title="bbox 307 426 1164 485; baseline -0.005 -16"><span class='ocrx_word' id='word_1_20' title='bbox 307 429 651 485; x_wconf 60' lang='lat' dir='ltr'><strong>‘Elceuficgassces</strong></span> <span class='ocrx_word' id='word_1_21' title='bbox 673 426 903 479; x_wconf 71' lang='lat' dir='ltr'><strong>Postlmmel</strong></span> <span class='ocrx_word' id='word_1_22' title='bbox 926 426 1164 467; x_wconf 77' lang='lat' dir='ltr'><strong>Postlmme.</strong></span> 
     </span>
    </p>
   </div>
   <div class='ocr_carea' id='block_1_4' title="bbox 134 498 1654 2155">
    <p class='ocr_par' dir='ltr' id='par_1_4' title="bbox 204 498 1653 564">
     <span class='ocr_line' id='line_1_5' title="bbox 204 498 1653 564; baseline -0.003 -17"><span class='ocrx_word' id='word_1_23' title='bbox 204 500 409 548; x_wconf 87' lang='lat' dir='ltr'><strong>Decima</strong></span> <span class='ocrx_word' id='word_1_24' title='bbox 427 505 593 564; x_wconf 87' lang='lat' dir='ltr'><strong>quinta</strong></span> <span class='ocrx_word' id='word_1_25' title='bbox 617 500 705 547; x_wconf 92' lang='lat' dir='ltr'><strong>ode</strong></span> <span class='ocrx_word' id='word_1_26' title='bbox 730 499 1026 564; x_wconf 84' lang='lat' dir='ltr'><strong>Sapphicum</strong></span> <span class='ocrx_word' id='word_1_27' title='bbox 1053 507 1258 545; x_wconf 88' lang='lat' dir='ltr'><strong>metrum</strong></span> <span class='ocrx_word' id='word_1_28' title='bbox 1285 506 1307 528; x_wconf 91' lang='lat' dir='ltr'><strong>v</strong></span> <span class='ocrx_word' id='word_1_29' title='bbox 1324 498 1414 544; x_wconf 92' lang='lat' dir='ltr'><strong>hoc</strong></span> <span class='ocrx_word' id='word_1_30' title='bbox 1436 498 1593 552; x_wconf 84' lang='lat' dir='ltr'><strong>habet,</strong></span> <span class='ocrx_word' id='word_1_31' title='bbox 1617 518 1653 551; x_wconf 87' lang='lat'><strong>15</strong></span> 
     </span>
    </p>

    <p class='ocr_par' dir='ltr' id='par_1_5' title="bbox 139 575 1121 710">
     <span class='ocr_line' id='line_1_6' title="bbox 139 575 1048 642; baseline -0.001 -20"><span class='ocrx_word' id='word_1_32' title='bbox 139 585 187 623; x_wconf 90' lang='lat' dir='ltr'><strong>et</strong></span> <span class='ocrx_word' id='word_1_33' title='bbox 211 577 427 623; x_wconf 90' lang='lat' dir='ltr'><strong>similiter</strong></span> <span class='ocrx_word' id='word_1_34' title='bbox 451 577 768 642; x_wconf 87' lang='lat' dir='ltr'><strong>superioribus</strong></span> <span class='ocrx_word' id='word_1_35' title='bbox 795 575 1048 633; x_wconf 81' lang='lat' dir='ltr'><strong>scanditur,</strong></span> 
     </span>
     <span class='ocr_line' id='line_1_7' title="bbox 364 653 1121 710; baseline -0.005 -15"><span class='ocrx_word' id='word_1_36' title='bbox 364 653 555 709; x_wconf 71' lang='lat' dir='ltr'><strong>WOtilum</strong></span> <span class='ocrx_word' id='word_1_37' title='bbox 575 655 704 709; x_wconf 56' lang='lat' dir='ltr'><strong>difflvos</strong></span> <span class='ocrx_word' id='word_1_38' title='bbox 724 653 866 710; x_wconf 74' lang='lat' dir='ltr'><strong>rolgat</strong></span> <span class='ocrx_word' id='word_1_39' title='bbox 884 654 940 707; x_wconf 70' lang='lat' dir='ltr'><strong>in}</strong></span> <span class='ocrx_word' id='word_1_40' title='bbox 944 653 1121 709; x_wconf 70' lang='lat' dir='ltr'><strong>patenti.</strong></span> 
     </span>
    </p>

    <p class='ocr_par' dir='ltr' id='par_1_6' title="bbox 139 724 1654 868">
     <span class='ocr_line' id='line_1_8' title="bbox 206 724 1654 788; baseline -0.003 -14"><span class='ocrx_word' id='word_1_41' title='bbox 206 727 409 774; x_wconf 87' lang='lat' dir='ltr'><strong>Decima</strong></span> <span class='ocrx_word' id='word_1_42' title='bbox 446 737 576 774; x_wconf 88' lang='lat' dir='ltr'><strong>sexta</strong></span> <span class='ocrx_word' id='word_1_43' title='bbox 612 728 700 774; x_wconf 91' lang='lat' dir='ltr'><strong>ode</strong></span> <span class='ocrx_word' id='word_1_44' title='bbox 738 728 881 774; x_wconf 87' lang='lat' dir='ltr'><strong>habet</strong></span> <span class='ocrx_word' id='word_1_45' title='bbox 921 735 1125 773; x_wconf 86' lang='lat' dir='ltr'><strong>metrum</strong></span> <span class='ocrx_word' id='word_1_46' title='bbox 1164 724 1430 782; x_wconf 86' lang='lat' dir='ltr'><strong>Alcaicum,</strong></span> <span class='ocrx_word' id='word_1_47' title='bbox 1466 725 1591 788; x_wconf 94' lang='lat' dir='ltr'><strong>quod</strong></span> <span class='ocrx_word' id='word_1_48' title='bbox 1614 738 1654 770; x_wconf 87' lang='lat'><strong>16</strong></span> 
     </span>
     <span class='ocr_line' id='line_1_9' title="bbox 139 803 943 868; baseline 0.002 -20"><span class='ocrx_word' id='word_1_49' title='bbox 139 803 356 850; x_wconf 89' lang='lat' dir='ltr'><strong>similiter</strong></span> <span class='ocrx_word' id='word_1_50' title='bbox 380 804 661 868; x_wconf 88' lang='lat' dir='ltr'><strong>supradictis</strong></span> <span class='ocrx_word' id='word_1_51' title='bbox 687 803 943 859; x_wconf 79' lang='lat' dir='ltr'><strong>scanditur,</strong></span> 
     </span>
    </p>

    <p class='ocr_par' dir='ltr' id='par_1_7' title="bbox 369 879 1143 936">
     <span class='ocr_line' id='line_1_10' title="bbox 369 879 1143 936; baseline -0.001 -16"><span class='ocrx_word' id='word_1_52' title='bbox 369 881 460 921; x_wconf 78' lang='lat' dir='ltr'><strong>Cur</strong></span> <span class='ocrx_word' id='word_1_53' title='bbox 479 894 542 921; x_wconf 81' lang='lat' dir='ltr'><strong>me</strong></span> <span class='ocrx_word' id='word_1_54' title='bbox 561 879 749 936; x_wconf 70' lang='lat' dir='ltr'><strong>querellis</strong></span> <span class='ocrx_word' id='word_1_55' title='bbox 770 880 1027 933; x_wconf 70' lang='lat' dir='ltr'><strong>Xeoeam&#39;lmas</strong></span> <span class='ocrx_word' id='word_1_56' title='bbox 1048 881 1143 921; x_wconf 74' lang='lat' dir='ltr'><strong>tuis.</strong></span> 
     </span>
    </p>

    <p class='ocr_par' dir='ltr' id='par_1_8' title="bbox 137 952 1652 1399">
     <span class='ocr_line' id='line_1_11' title="bbox 207 952 1652 1017; baseline -0.001 -18"><span class='ocrx_word' id='word_1_57' title='bbox 207 953 413 999; x_wconf 86' lang='lat' dir='ltr'><strong>Decima</strong></span> <span class='ocrx_word' id='word_1_58' title='bbox 449 955 651 1017; x_wconf 88' lang='lat' dir='ltr'><strong>septima</strong></span> <span class='ocrx_word' id='word_1_59' title='bbox 675 953 763 999; x_wconf 93' lang='lat' dir='ltr'><strong>ode</strong></span> <span class='ocrx_word' id='word_1_60' title='bbox 788 962 994 999; x_wconf 88' lang='lat' dir='ltr'><strong>metrum</strong></span> <span class='ocrx_word' id='word_1_61' title='bbox 1021 953 1164 999; x_wconf 87' lang='lat' dir='ltr'><strong>habet</strong></span> <span class='ocrx_word' id='word_1_62' title='bbox 1188 953 1313 1016; x_wconf 91' lang='lat' dir='ltr'><strong>quod</strong></span> <span class='ocrx_word' id='word_1_63' title='bbox 1352 954 1411 999; x_wconf 91' lang='lat' dir='ltr'><strong>ab</strong></span> <span class='ocrx_word' id='word_1_64' title='bbox 1437 952 1593 999; x_wconf 84' lang='lat' dir='ltr'><strong>Hora-</strong></span> <span class='ocrx_word' id='word_1_65' title='bbox 1615 974 1652 1008; x_wconf 86' lang='lat'><strong>17</strong></span> 
     </span>
     <span class='ocr_line' id='line_1_12' title="bbox 138 1028 1593 1093; baseline 0 -19"><span class='ocrx_word' id='word_1_66' title='bbox 138 1029 205 1074; x_wconf 93' lang='lat' dir='ltr'><strong>tio</strong></span> <span class='ocrx_word' id='word_1_67' title='bbox 230 1029 551 1093; x_wconf 87' lang='lat' dir='ltr'><strong>compositum</strong></span> <span class='ocrx_word' id='word_1_68' title='bbox 576 1029 762 1085; x_wconf 90' lang='lat' dir='ltr'><strong>dicitur,</strong></span> <span class='ocrx_word' id='word_1_69' title='bbox 786 1038 832 1076; x_wconf 90' lang='lat' dir='ltr'><strong>et</strong></span> <span class='ocrx_word' id='word_1_70' title='bbox 862 1047 945 1093; x_wconf 87' lang='lat' dir='ltr'><strong>per</strong></span> <span class='ocrx_word' id='word_1_71' title='bbox 977 1029 1112 1075; x_wconf 88' lang='lat' dir='ltr'><strong>binos</strong></span> <span class='ocrx_word' id='word_1_72' title='bbox 1146 1046 1304 1075; x_wconf 90' lang='lat' dir='ltr'><strong>versus</strong></span> <span class='ocrx_word' id='word_1_73' title='bbox 1338 1028 1593 1085; x_wconf 79' lang='lat' dir='ltr'><strong>scanditur,</strong></span> 
     </span>
     <span class='ocr_line' id='line_1_13' title="bbox 138 1106 1594 1169; baseline -0.001 -17"><span class='ocrx_word' id='word_1_74' title='bbox 138 1124 195 1152; x_wconf 84' lang='lat' dir='ltr'><strong>ex</strong></span> <span class='ocrx_word' id='word_1_75' title='bbox 229 1107 402 1169; x_wconf 84' lang='lat' dir='ltr'><strong>quibus</strong></span> <span class='ocrx_word' id='word_1_76' title='bbox 438 1125 561 1154; x_wconf 90' lang='lat' dir='ltr'><strong>unus</strong></span> <span class='ocrx_word' id='word_1_77' title='bbox 596 1107 863 1154; x_wconf 86' lang='lat' dir='ltr'><strong>trochaicus</strong></span> <span class='ocrx_word' id='word_1_78' title='bbox 900 1106 1112 1152; x_wconf 82' lang='lat' dir='ltr'><strong>trimeter</strong></span> <span class='ocrx_word' id='word_1_79' title='bbox 1150 1106 1440 1169; x_wconf 59' lang='lat' dir='ltr'><strong>appellatum</strong></span> <span class='ocrx_word' id='word_1_80' title='bbox 1478 1106 1594 1151; x_wconf 90' lang='lat' dir='ltr'><strong>alter</strong></span> 
     </span>
     <span class='ocr_line' id='line_1_14' title="bbox 137 1182 1592 1249; baseline -0.001 -19"><span class='ocrx_word' id='word_1_81' title='bbox 137 1194 434 1248; x_wconf 82' lang='lat' dir='ltr'><strong>pentameter</strong></span> <span class='ocrx_word' id='word_1_82' title='bbox 454 1184 683 1231; x_wconf 88' lang='lat' dir='ltr'><strong>iambicus</strong></span> <span class='ocrx_word' id='word_1_83' title='bbox 716 1182 1249 1249; x_wconf 76' lang='lat' dir='ltr'><strong>[ybypercatalecticus]</strong></span> <span class='ocrx_word' id='word_1_84' title='bbox 1278 1182 1477 1236; x_wconf 77' lang='lat' dir='ltr'><strong>dicitur3</strong></span> <span class='ocrx_word' id='word_1_85' title='bbox 1511 1182 1592 1228; x_wconf 87' lang='lat' dir='ltr'><strong>sed</strong></span> 
     </span>
     <span class='ocr_line' id='line_1_15' title="bbox 137 1259 1593 1323; baseline -0.001 -17"><span class='ocrx_word' id='word_1_86' title='bbox 137 1269 360 1322; x_wconf 85' lang='lat' dir='ltr'><strong>zuterque</strong></span> <span class='ocrx_word' id='word_1_87' title='bbox 388 1278 479 1306; x_wconf 90' lang='lat' dir='ltr'><strong>una</strong></span> <span class='ocrx_word' id='word_1_88' title='bbox 504 1260 685 1323; x_wconf 87' lang='lat' dir='ltr'><strong>syllaba</strong></span> <span class='ocrx_word' id='word_1_89' title='bbox 717 1259 886 1323; x_wconf 90' lang='lat' dir='ltr'><strong>pedem</strong></span> <span class='ocrx_word' id='word_1_90' title='bbox 921 1267 1215 1322; x_wconf 88' lang='lat' dir='ltr'><strong>postremum</strong></span> <span class='ocrx_word' id='word_1_91' title='bbox 1242 1259 1384 1305; x_wconf 90' lang='lat' dir='ltr'><strong>debet</strong></span> <span class='ocrx_word' id='word_1_92' title='bbox 1420 1260 1593 1305; x_wconf 83' lang='lat' dir='ltr'><strong>habere</strong></span> 
     </span>
     <span class='ocr_line' id='line_1_16' title="bbox 139 1335 1056 1399; baseline -0.001 -17"><span class='ocrx_word' id='word_1_93' title='bbox 139 1337 415 1399; x_wconf 81' lang='lat' dir='ltr'><strong>longiorem.</strong></span> <span class='ocrx_word' id='word_1_94' title='bbox 485 1335 766 1382; x_wconf 73' lang='lat' dir='ltr'><strong>aScanditur</strong></span> <span class='ocrx_word' id='word_1_95' title='bbox 790 1344 947 1381; x_wconf 88' lang='lat' dir='ltr'><strong>autem</strong></span> <span class='ocrx_word' id='word_1_96' title='bbox 976 1335 1056 1391; x_wconf 88' lang='lat' dir='ltr'><strong>sic,</strong></span> 
     </span>
    </p>

    <p class='ocr_par' dir='ltr' id='par_1_9' title="bbox 137 1412 976 1539">
     <span class='ocr_line' id='line_1_17' title="bbox 365 1412 976 1468; baseline 0 -17"><span class='ocrx_word' id='word_1_97' title='bbox 365 1412 464 1452; x_wconf 79' lang='lat' dir='ltr'><strong>Non</strong></span> <span class='ocrx_word' id='word_1_98' title='bbox 485 1412 597 1463; x_wconf 61' lang='lat' dir='ltr'><strong>ebur</strong></span> <span class='ocrx_word' id='word_1_99' title='bbox 617 1412 756 1467; x_wconf 53' lang='lat' dir='ltr'><strong>melque</strong></span> <span class='ocrx_word' id='word_1_100' title='bbox 775 1415 976 1468; x_wconf 63' lang='lat' dir='ltr'><strong>aurelum.</strong></span> 
     </span>
     <span class='ocr_line' id='line_1_18' title="bbox 137 1486 628 1539; baseline -0.002 -7"><span class='ocrx_word' id='word_1_101' title='bbox 137 1486 261 1532; x_wconf 85' lang='lat' dir='ltr'><strong>Item</strong></span> <span class='ocrx_word' id='word_1_102' title='bbox 288 1486 520 1532; x_wconf 83' lang='lat' dir='ltr'><strong>iambicus</strong></span> <span class='ocrx_word' id='word_1_103' title='bbox 547 1486 628 1539; x_wconf 91' lang='lat' dir='ltr'><strong>sic,</strong></span> 
     </span>
    </p>

    <p class='ocr_par' dir='ltr' id='par_1_10' title="bbox 135 1559 1593 1835">
     <span class='ocr_line' id='line_1_19' title="bbox 363 1559 1096 1617; baseline -0.004 -14"><span class='ocrx_word' id='word_1_104' title='bbox 363 1561 473 1617; x_wconf 65' lang='lat' dir='ltr'><strong>Mea}</strong></span> <span class='ocrx_word' id='word_1_105' title='bbox 497 1561 669 1617; x_wconf 56' lang='lat' dir='ltr'><strong>renifldet</strong></span> <span class='ocrx_word' id='word_1_106' title='bbox 688 1561 874 1614; x_wconf 55' lang='lat' dir='ltr'><strong>imdomo]</strong></span> <span class='ocrx_word' id='word_1_107' title='bbox 895 1559 1096 1613; x_wconf 69' lang='lat' dir='ltr'><strong>laculnar.</strong></span> 
     </span>
     <span class='ocr_line' id='line_1_20' title="bbox 135 1634 1592 1698; baseline 0 -16"><span class='ocrx_word' id='word_1_108' title='bbox 135 1635 423 1682; x_wconf 89' lang='lat' dir='ltr'><strong>baccedente</strong></span> <span class='ocrx_word' id='word_1_109' title='bbox 461 1635 640 1682; x_wconf 82' lang='lat' dir='ltr'><strong>scilicet</strong></span> <span class='ocrx_word' id='word_1_110' title='bbox 679 1635 886 1681; x_wconf 87' lang='lat' dir='ltr'><strong>iambico</strong></span> <span class='ocrx_word' id='word_1_111' title='bbox 921 1634 1041 1698; x_wconf 83' lang='lat' dir='ltr'><strong>lege,</strong></span> <span class='ocrx_word' id='word_1_112' title='bbox 1072 1652 1216 1697; x_wconf 88' lang='lat' dir='ltr'><strong>quam</strong></span> <span class='ocrx_word' id='word_1_113' title='bbox 1253 1635 1508 1682; x_wconf 87' lang='lat' dir='ltr'><strong>referemus</strong></span> <span class='ocrx_word' id='word_1_114' title='bbox 1544 1637 1592 1682; x_wconf 89' lang='lat' dir='ltr'><strong>in</strong></span> 
     </span>
     <span class='ocr_line' id='line_1_21' title="bbox 135 1711 1593 1776; baseline 0.001 -19"><span class='ocrx_word' id='word_1_115' title='bbox 135 1712 280 1758; x_wconf 72' lang='grc' dir='ltr'>ἐπωὸῶν</span> <span class='ocrx_word' id='word_1_116' title='bbox 319 1712 454 1769; x_wconf 82' lang='lat' dir='ltr'><strong>libro,</strong></span> <span class='ocrx_word' id='word_1_117' title='bbox 490 1729 600 1758; x_wconf 89' lang='lat' dir='ltr'><strong>cum</strong></span> <span class='ocrx_word' id='word_1_118' title='bbox 645 1711 874 1758; x_wconf 87' lang='lat' dir='ltr'><strong>iambicos</strong></span> <span class='ocrx_word' id='word_1_119' title='bbox 915 1728 1074 1757; x_wconf 88' lang='lat' dir='ltr'><strong>versus</strong></span> <span class='ocrx_word' id='word_1_120' title='bbox 1118 1711 1405 1774; x_wconf 89' lang='lat' dir='ltr'><strong>coeperimus</strong></span> <span class='ocrx_word' id='word_1_121' title='bbox 1447 1729 1593 1776; x_wconf 88' lang='lat' dir='ltr'><strong>expo-</strong></span> 
     </span>
     <span class='ocr_line' id='line_1_22' title="bbox 137 1806 260 1835; baseline 0.008 -1"><span class='ocrx_word' id='word_1_122' title='bbox 137 1806 260 1835; x_wconf 87' lang='lat' dir='ltr'><strong>nere.</strong></span> 
     </span>
    </p>

    <p class='ocr_par' dir='ltr' id='par_1_11' title="bbox 134 1864 1650 2004">
     <span class='ocr_line' id='line_1_23' title="bbox 201 1864 1650 1927; baseline -0.003 -16"><span class='ocrx_word' id='word_1_123' title='bbox 201 1865 405 1911; x_wconf 86' lang='lat' dir='ltr'><strong>Decima</strong></span> <span class='ocrx_word' id='word_1_124' title='bbox 434 1873 599 1911; x_wconf 89' lang='lat' dir='ltr'><strong>octava</strong></span> <span class='ocrx_word' id='word_1_125' title='bbox 635 1864 723 1910; x_wconf 85' lang='lat' dir='ltr'><strong>ode</strong></span> <span class='ocrx_word' id='word_1_126' title='bbox 748 1865 998 1911; x_wconf 89' lang='lat' dir='ltr'><strong>Alcaicum</strong></span> <span class='ocrx_word' id='word_1_127' title='bbox 1036 1874 1240 1911; x_wconf 88' lang='lat' dir='ltr'><strong>metrum</strong></span> <span class='ocrx_word' id='word_1_128' title='bbox 1278 1865 1437 1922; x_wconf 87' lang='lat' dir='ltr'><strong>habet,</strong></span> <span class='ocrx_word' id='word_1_129' title='bbox 1464 1865 1590 1927; x_wconf 88' lang='lat' dir='ltr'><strong>quod</strong></span> <span class='ocrx_word' id='word_1_130' title='bbox 1614 1877 1650 1908; x_wconf 85' lang='lat'><strong>18</strong></span> 
     </span>
     <span class='ocr_line' id='line_1_24' title="bbox 134 1940 1072 2004; baseline -0.002 -16"><span class='ocrx_word' id='word_1_131' title='bbox 134 1941 312 1988; x_wconf 90' lang='lat' dir='ltr'><strong>Alcaici</strong></span> <span class='ocrx_word' id='word_1_132' title='bbox 341 1940 621 2004; x_wconf 83' lang='lat' dir='ltr'><strong>csupradicti</strong></span> <span class='ocrx_word' id='word_1_133' title='bbox 649 1941 793 1987; x_wconf 90' lang='lat' dir='ltr'><strong>modo</strong></span> <span class='ocrx_word' id='word_1_134' title='bbox 818 1940 1072 1995; x_wconf 90' lang='lat' dir='ltr'><strong>scanditur,</strong></span> 
     </span>
    </p>

    <p class='ocr_par' dir='ltr' id='par_1_12' title="bbox 200 2018 1651 2155">
     <span class='ocr_line' id='line_1_25' title="bbox 368 2018 1273 2074; baseline 0.001 -17"><span class='ocrx_word' id='word_1_135' title='bbox 368 2018 574 2058; x_wconf 76' lang='lat' dir='ltr'><strong>Bacchum</strong></span> <span class='ocrx_word' id='word_1_136' title='bbox 593 2020 640 2058; x_wconf 72' lang='lat' dir='ltr'><strong>in</strong></span> <span class='ocrx_word' id='word_1_137' title='bbox 660 2019 838 2072; x_wconf 30' lang='lat' dir='ltr'><strong>remo&#39;ktz&#39;s</strong></span> <span class='ocrx_word' id='word_1_138' title='bbox 858 2019 1057 2073; x_wconf 71' lang='lat' dir='ltr'><strong>carminal</strong></span> <span class='ocrx_word' id='word_1_139' title='bbox 1082 2019 1273 2074; x_wconf 71' lang='lat' dir='ltr'><strong>rupibus.</strong></span> 
     </span>
     <span class='ocr_line' id='line_1_26' title="bbox 200 2091 1651 2155; baseline -0.001 -18"><span class='ocrx_word' id='word_1_140' title='bbox 200 2091 404 2138; x_wconf 86' lang='lat' dir='ltr'><strong>Decima</strong></span> <span class='ocrx_word' id='word_1_141' title='bbox 441 2109 567 2137; x_wconf 90' lang='lat' dir='ltr'><strong>nona</strong></span> <span class='ocrx_word' id='word_1_142' title='bbox 603 2091 691 2137; x_wconf 92' lang='lat' dir='ltr'><strong>ode</strong></span> <span class='ocrx_word' id='word_1_143' title='bbox 726 2092 973 2138; x_wconf 88' lang='lat' dir='ltr'><strong>Alcaicum</strong></span> <span class='ocrx_word' id='word_1_144' title='bbox 1017 2100 1221 2138; x_wconf 87' lang='lat' dir='ltr'><strong>metrum</strong></span> <span class='ocrx_word' id='word_1_145' title='bbox 1264 2092 1422 2147; x_wconf 89' lang='lat' dir='ltr'><strong>habet,</strong></span> <span class='ocrx_word' id='word_1_146' title='bbox 1448 2093 1590 2155; x_wconf 87' lang='lat' dir='ltr'><strong>quod,</strong></span> <span class='ocrx_word' id='word_1_147' title='bbox 1615 2116 1651 2148; x_wconf 86' lang='lat'><strong>¹9</strong></span> 
     </span>
    </p>
   </div>
   <div class='ocr_carea' id='block_1_5' title="bbox 136 2167 1050 2300">
    <p class='ocr_par' dir='ltr' id='par_1_13' title="bbox 136 2167 1050 2300">
     <span class='ocr_line' id='line_1_27' title="bbox 136 2167 1004 2230; baseline 0 -16"><span class='ocrx_word' id='word_1_148' title='bbox 136 2176 187 2214; x_wconf 90' lang='lat' dir='ltr'><strong>ut</strong></span> <span class='ocrx_word' id='word_1_149' title='bbox 211 2185 351 2230; x_wconf 87' lang='lat' dir='ltr'><strong>supra</strong></span> <span class='ocrx_word' id='word_1_150' title='bbox 374 2167 599 2223; x_wconf 80' lang='lat' dir='ltr'><strong>diximus,</strong></span> <span class='ocrx_word' id='word_1_151' title='bbox 624 2167 898 2214; x_wconf 84' lang='lat' dir='ltr'><strong>dscanditur</strong></span> <span class='ocrx_word' id='word_1_152' title='bbox 922 2168 1004 2224; x_wconf 89' lang='lat' dir='ltr'><strong>sic,</strong></span> 
     </span>
     <span class='ocr_line' id='line_1_28' title="bbox 361 2244 1050 2300; baseline 0 -16"><span class='ocrx_word' id='word_1_153' title='bbox 361 2244 462 2284; x_wconf 73' lang='lat' dir='ltr'><strong>IVon</strong></span> <span class='ocrx_word' id='word_1_154' title='bbox 483 2244 653 2298; x_wconf 70' lang='lat' dir='ltr'><strong>usitalta</strong></span> <span class='ocrx_word' id='word_1_155' title='bbox 672 2258 744 2284; x_wconf 74' lang='lat' dir='ltr'><strong>nec</strong></span> <span class='ocrx_word' id='word_1_156' title='bbox 764 2244 891 2296; x_wconf 70' lang='lat' dir='ltr'><strong>tenuli</strong></span> <span class='ocrx_word' id='word_1_157' title='bbox 904 2245 1050 2300; x_wconf 66' lang='lat' dir='ltr'><strong>firm:</strong></span> 
     </span>
    </p>
   </div>
   <div class='ocr_carea' id='block_1_6' title="bbox 132 2393 1590 2764">
    <p class='ocr_par' dir='ltr' id='par_1_14' title="bbox 132 2393 1590 2764">
     <span class='ocr_line' id='line_1_29' title="bbox 187 2393 1588 2445; baseline 0.003 -16"><span class='ocrx_word' id='word_1_158' title='bbox 187 2393 202 2419; x_wconf 67' lang='lat' dir='ltr'><strong>t</strong></span> <span class='ocrx_word' id='word_1_159' title='bbox 223 2394 309 2429; x_wconf 90' lang='lat' dir='ltr'><strong>Heu</strong></span> <span class='ocrx_word' id='word_1_160' title='bbox 331 2394 401 2430; x_wconf 87' lang='lat' dir='ltr'><strong>heu</strong></span> <span class='ocrx_word' id='word_1_161' title='bbox 421 2394 570 2444; x_wconf 86' lang='lat' dir='ltr'><strong>fugaces</strong></span> <span class='ocrx_word' id='word_1_162' title='bbox 591 2396 795 2432; x_wconf 84' lang='lat' dir='ltr'><strong>Posthume</strong></span> <span class='ocrx_word' id='word_1_163' title='bbox 815 2397 1039 2443; x_wconf 84' lang='lat' dir='ltr'><strong>Posthume]</strong></span> <span class='ocrx_word' id='word_1_164' title='bbox 1066 2398 1170 2432; x_wconf 80' lang='lat' dir='ltr'><strong>Eheu</strong></span> <span class='ocrx_word' id='word_1_165' title='bbox 1177 2397 1337 2445; x_wconf 79' lang='lat' dir='ltr'><strong>fugaces</strong></span> <span class='ocrx_word' id='word_1_166' title='bbox 1358 2398 1529 2434; x_wconf 76' lang='lat' dir='ltr'><strong>Postume</strong></span> <span class='ocrx_word' id='word_1_167' title='bbox 1544 2399 1588 2435; x_wconf 90' lang='lat' dir='ltr'><strong>A.</strong></span> 
     </span>
     <span class='ocr_line' id='line_1_30' title="bbox 134 2446 1589 2500; baseline 0.003 -19"><span class='ocrx_word' id='word_1_168' title='bbox 134 2451 149 2466; x_wconf 71' lang='lat' dir='ltr'>V</span> <span class='ocrx_word' id='word_1_169' title='bbox 171 2446 298 2493; x_wconf 84' lang='lat' dir='ltr'><strong>habet]</strong></span> <span class='ocrx_word' id='word_1_170' title='bbox 322 2447 385 2482; x_wconf 86' lang='lat' dir='ltr'><strong>hoc</strong></span> <span class='ocrx_word' id='word_1_171' title='bbox 407 2447 513 2483; x_wconf 81' lang='lat' dir='ltr'><strong>habet</strong></span> <span class='ocrx_word' id='word_1_172' title='bbox 532 2448 574 2485; x_wconf 91' lang='lat' dir='ltr'><strong>A.</strong></span> <span class='ocrx_word' id='word_1_173' title='bbox 768 2456 797 2475; x_wconf 85' lang='lat' dir='ltr'>W</span> <span class='ocrx_word' id='word_1_174' title='bbox 817 2450 940 2486; x_wconf 86' lang='lat' dir='ltr'><strong>ocium</strong></span> <span class='ocrx_word' id='word_1_175' title='bbox 962 2450 1063 2486; x_wconf 80' lang='lat' dir='ltr'><strong>dives</strong></span> <span class='ocrx_word' id='word_1_176' title='bbox 1084 2451 1207 2500; x_wconf 79' lang='lat' dir='ltr'><strong>rogat]</strong></span> <span class='ocrx_word' id='word_1_177' title='bbox 1236 2452 1347 2486; x_wconf 76' lang='lat' dir='ltr'><strong>otium</strong></span> <span class='ocrx_word' id='word_1_178' title='bbox 1367 2452 1465 2487; x_wconf 79' lang='lat' dir='ltr'><strong>clivos</strong></span> <span class='ocrx_word' id='word_1_179' title='bbox 1484 2464 1589 2487; x_wconf 82' lang='lat' dir='ltr'><strong>voca-</strong></span> 
     </span>
     <span class='ocr_line' id='line_1_31' title="bbox 134 2500 1590 2554; baseline 0.004 -21"><span class='ocrx_word' id='word_1_180' title='bbox 134 2504 189 2534; x_wconf 74' lang='lat' dir='ltr'><strong>ret</strong></span> <span class='ocrx_word' id='word_1_181' title='bbox 210 2500 254 2534; x_wconf 88' lang='lat' dir='ltr'><strong>A.</strong></span> <span class='ocrx_word' id='word_1_182' title='bbox 391 2507 411 2526; x_wconf 77' lang='grc' dir='ltr'><strong>Χ</strong></span> <span class='ocrx_word' id='word_1_183' title='bbox 432 2500 619 2538; x_wconf 82' lang='lat' dir='ltr'><strong>exanimas</strong></span> <span class='ocrx_word' id='word_1_184' title='bbox 640 2503 730 2550; x_wconf 87' lang='lat' dir='ltr'><strong>tuis]</strong></span> <span class='ocrx_word' id='word_1_185' title='bbox 756 2505 940 2540; x_wconf 74' lang='lat' dir='ltr'><strong>exanimas</strong></span> <span class='ocrx_word' id='word_1_186' title='bbox 961 2509 1046 2540; x_wconf 81' lang='lat' dir='ltr'><strong>tunc</strong></span> <span class='ocrx_word' id='word_1_187' title='bbox 1064 2505 1108 2540; x_wconf 90' lang='lat' dir='ltr'><strong>A.</strong></span> <span class='ocrx_word' id='word_1_188' title='bbox 1246 2511 1265 2538; x_wconf 79' lang='lat' dir='ltr'>Y</span> <span class='ocrx_word' id='word_1_189' title='bbox 1286 2504 1590 2554; x_wconf 81' lang='lat' dir='ltr'><strong>hypercatalecti-</strong></span> 
     </span>
     <span class='ocr_line' id='line_1_32' title="bbox 133 2552 1583 2607; baseline 0.004 -19"><span class='ocrx_word' id='word_1_190' title='bbox 133 2552 216 2598; x_wconf 84' lang='lat' dir='ltr'><strong>cus]</strong></span> <span class='ocrx_word' id='word_1_191' title='bbox 241 2565 317 2587; x_wconf 88' lang='lat' dir='ltr'><strong>om.</strong></span> <span class='ocrx_word' id='word_1_192' title='bbox 337 2554 380 2589; x_wconf 91' lang='lat' dir='ltr'><strong>A.</strong></span> <span class='ocrx_word' id='word_1_193' title='bbox 405 2565 478 2588; x_wconf 79' lang='lat' dir='ltr'><strong>una</strong></span> <span class='ocrx_word' id='word_1_194' title='bbox 498 2555 639 2601; x_wconf 81' lang='lat' dir='ltr'><strong>syllaba</strong></span> <span class='ocrx_word' id='word_1_195' title='bbox 659 2557 757 2593; x_wconf 88' lang='lat' dir='ltr'><strong>Ven.</strong></span> <span class='ocrx_word' id='word_1_196' title='bbox 961 2564 979 2583; x_wconf 82' lang='grc' dir='ltr'><strong>Ζ</strong></span> <span class='ocrx_word' id='word_1_197' title='bbox 1002 2565 1156 2606; x_wconf 86' lang='lat' dir='ltr'><strong>uterque</strong></span> <span class='ocrx_word' id='word_1_198' title='bbox 1177 2556 1307 2606; x_wconf 85' lang='lat' dir='ltr'><strong>pedem</strong></span> <span class='ocrx_word' id='word_1_199' title='bbox 1336 2559 1583 2607; x_wconf 84' lang='lat' dir='ltr'><strong>postremum]</strong></span> 
     </span>
     <span class='ocr_line' id='line_1_33' title="bbox 133 2607 1586 2658; baseline 0.004 -18"><span class='ocrx_word' id='word_1_200' title='bbox 133 2610 281 2652; x_wconf 79' lang='lat' dir='ltr'><strong>uterque</strong></span> <span class='ocrx_word' id='word_1_201' title='bbox 300 2617 409 2642; x_wconf 79' lang='lat' dir='ltr'><strong>unam</strong></span> <span class='ocrx_word' id='word_1_202' title='bbox 429 2607 605 2653; x_wconf 75' lang='lat' dir='ltr'><strong>syllabam</strong></span> <span class='ocrx_word' id='word_1_203' title='bbox 624 2610 749 2655; x_wconf 81' lang='lat' dir='ltr'><strong>pedem</strong></span> <span class='ocrx_word' id='word_1_204' title='bbox 769 2610 812 2646; x_wconf 89' lang='lat' dir='ltr'><strong>A.</strong></span> <span class='ocrx_word' id='word_1_205' title='bbox 1005 2617 1024 2636; x_wconf 82' lang='lat' dir='ltr'><strong>a</strong></span> <span class='ocrx_word' id='word_1_206' title='bbox 1044 2610 1259 2658; x_wconf 76' lang='lat' dir='ltr'><strong>scanditur]</strong></span> <span class='ocrx_word' id='word_1_207' title='bbox 1293 2611 1526 2647; x_wconf 81' lang='lat' dir='ltr'><strong>Scanduntur</strong></span> <span class='ocrx_word' id='word_1_208' title='bbox 1543 2612 1586 2647; x_wconf 89' lang='lat' dir='ltr'><strong>A.</strong></span> 
     </span>
     <span class='ocr_line' id='line_1_34' title="bbox 132 2655 1584 2713; baseline 0.005 -20"><span class='ocrx_word' id='word_1_209' title='bbox 132 2655 152 2684; x_wconf 78' lang='lat' dir='ltr'><strong>b</strong></span> <span class='ocrx_word' id='word_1_210' title='bbox 175 2658 618 2708; x_wconf 76' lang='lat' dir='ltr'><strong>Accedente—iailibica]</strong></span> <span class='ocrx_word' id='word_1_211' title='bbox 640 2664 1034 2699; x_wconf 57' lang='lat' dir='ltr'><strong>accedente—iambico</strong></span> <span class='ocrx_word' id='word_1_212' title='bbox 1054 2665 1096 2700; x_wconf 89' lang='lat' dir='ltr'><strong>A.</strong></span> <span class='ocrx_word' id='word_1_213' title='bbox 1198 2670 1214 2689; x_wconf 75' lang='lat'><strong>⁰</strong></span> <span class='ocrx_word' id='word_1_214' title='bbox 1235 2663 1433 2713; x_wconf 81' lang='lat' dir='ltr'><strong>supradicti</strong></span> <span class='ocrx_word' id='word_1_215' title='bbox 1455 2664 1584 2711; x_wconf 86' lang='lat' dir='ltr'><strong>modo]</strong></span> 
     </span>
     <span class='ocr_line' id='line_1_35' title="bbox 134 2712 1530 2764; baseline 0.005 -18"><span class='ocrx_word' id='word_1_216' title='bbox 134 2713 235 2747; x_wconf 85' lang='lat' dir='ltr'><strong>modo</strong></span> <span class='ocrx_word' id='word_1_217' title='bbox 254 2713 477 2759; x_wconf 70' lang='lat' dir='ltr'><strong>supradictos</strong></span> <span class='ocrx_word' id='word_1_218' title='bbox 496 2713 540 2749; x_wconf 89' lang='lat' dir='ltr'><strong>A.</strong></span> <span class='ocrx_word' id='word_1_219' title='bbox 661 2712 681 2739; x_wconf 90' lang='lat' dir='ltr'><strong>d</strong></span> <span class='ocrx_word' id='word_1_220' title='bbox 699 2717 885 2752; x_wconf 77' lang='lat' dir='ltr'><strong>scanditur</strong></span> <span class='ocrx_word' id='word_1_221' title='bbox 904 2729 1015 2753; x_wconf 81' lang='lat' dir='ltr'><strong>novus</strong></span> <span class='ocrx_word' id='word_1_222' title='bbox 1036 2719 1088 2752; x_wconf 80' lang='lat' dir='ltr'><strong>ita</strong></span> <span class='ocrx_word' id='word_1_223' title='bbox 1110 2723 1148 2753; x_wconf 77' lang='lat' dir='ltr'><strong>ta</strong></span> <span class='ocrx_word' id='word_1_224' title='bbox 1169 2730 1231 2753; x_wconf 81' lang='lat' dir='ltr'><strong>nec</strong></span> <span class='ocrx_word' id='word_1_225' title='bbox 1253 2719 1350 2752; x_wconf 73' lang='lat' dir='ltr'><strong>tenui</strong></span> <span class='ocrx_word' id='word_1_226' title='bbox 1358 2717 1466 2764; x_wconf 82' lang='lat' dir='ltr'><strong>feras</strong></span> <span class='ocrx_word' id='word_1_227' title='bbox 1485 2717 1530 2753; x_wconf 92' lang='lat' dir='ltr'><strong>A.</strong></span> 
     </span>
    </p>
   </div>
   <div class='ocr_carea' id='block_1_7' title="bbox 796 2957 940 2995">
    <p class='ocr_par' dir='ltr' id='par_1_15' title="bbox 796 2957 940 2995">
     <span class='ocr_line' id='line_1_36' title="bbox 796 2957 940 2995; baseline 0.007 -1"><span class='ocrx_word' id='word_1_228' title='bbox 796 2957 940 2995; x_wconf 68' lang='lat'><strong>3112</strong></span> 
     </span>
    </p>
   </div>
  </div>
 </body>
</html>
