1962 3355
375 245 390 281 1
409 245 464 282 14
881 236 1037 284 Marii
1065 237 1297 283 Victorini
1646 253 1741 284 Lm.
1764 253 1817 283 11.

368 356 480 403 dum
509 374 535 402 a
559 375 781 420 supremo
805 357 924 421 pede
949 358 1184 421 posueris:
1211 376 1319 404 nam
1347 377 1371 404 e
1397 358 1629 404 contrario
1654 358 1701 403 in
1729 359 1821 404 hoc

368 449 511 494 quam
538 433 586 479 in
608 433 687 480 illo
711 443 850 480 erunt
874 433 1025 480 dextri
1053 435 1261 491 trochaei,
1286 433 1474 490 sinistri,
1495 434 1530 479 si
1555 442 1714 479 tamen
1742 434 1823 480 ad-

370 509 587 555 mittendi
628 519 751 565 sunt,
792 509 952 564 iambi,
995 510 1247 556 dumtaxat
1282 509 1325 555 in
1364 509 1566 572 tragicis,
1636 509 1822 556 Feritur

368 602 449 647 per
484 585 723 648 dipodian,
748 586 904 631 eterit
936 587 1209 650 exemplum
1246 586 1506 632 tetrametri
1545 586 1821 642 catalectici,

367 659 493 721 quod
520 660 912 723 Hipponacteum
942 671 1148 716 vocatur,
1174 662 1280 718 tale,

439 736 591 782 Cerne
619 735 796 783 Crasse
813 753 959 798 poena
984 744 1166 800 quanta
1190 738 1254 783 sit
1280 738 1445 783 Deum
1452 735 1719 801 fatiganti.

369 812 481 857 Non
509 820 637 857 amat
662 820 818 857 autem
855 813 995 858 verba
1031 830 1114 875 per
1150 813 1370 876 syzygias
1406 813 1672 859 terminare.
1743 813 1823 859 Sic

366 888 491 932 enim
519 887 786 932 cdecentior
808 888 910 932 erit.

331 981 345 1010 7
429 964 777 1009 Tetrametrum
801 964 1265 1026 brachycatalectum
1286 964 1596 1021 trochaicum,
1616 965 1651 1010 si
1673 964 1731 1010 de
1749 983 1822 1010 so-

366 1040 421 1086 lis
442 1040 657 1086 trochaeis
675 1040 913 1097 subsistat,
925 1039 982 1086 ad
1000 1039 1152 1085 ionica
1170 1048 1334 1095 metra,
1345 1057 1449 1101 quae
1464 1039 1540 1086 ἀπὸ
1553 1040 1725 1101 μείζονος
1740 1059 1822 1104 ap-

367 1117 615 1180 pellantur,
637 1118 884 1163 transitum
904 1117 1057 1173 faciet,
1074 1133 1179 1178 quae
1199 1115 1391 1162 Sotadia
1408 1115 1644 1172 dicuntur,
1668 1126 1718 1163 ut
1737 1127 1822 1174 est,

433 1193 589 1239 Arma
613 1194 695 1256 qai
720 1194 849 1256 capit
871 1193 958 1239 sub
982 1193 1105 1239 idem
1126 1191 1460 1255 Martiumque
1484 1199 1688 1256 tergum.

366 1269 453 1314 Per
487 1269 648 1314 omnia
683 1269 812 1314 enim
851 1268 950 1314 loca
975 1267 1223 1314 Sotadium
1255 1277 1456 1314 metrum
1485 1269 1715 1315 trochaeos
1744 1269 1822 1314 ad-

328 1344 513 1391 emittit
548 1354 594 1390 et
626 1345 882 1391 solutiones
919 1345 1033 1407 ejus.
1103 1344 1453 1390 Tetrametrum
1495 1354 1651 1391 autem
1697 1355 1822 1392 cata-

367 1421 604 1475 lecticum‚
624 1421 751 1483 quod
768 1420 1130 1466 Archilochium
1158 1430 1204 1465 et
1222 1420 1586 1483 Epicharmium
1614 1430 1823 1479 vocatur,

366 1506 533 1561 praeter
569 1507 722 1543 cetera
757 1496 1014 1553 ⁰⁰inlustre,
1038 1506 1108 1542 est
1141 1505 1307 1559 aptum
1333 1496 1515 1542 festinis
1547 1498 1820 1544 narrationi-

367 1575 481 1628 bus;
518 1584 588 1620 est
611 1574 739 1620 enim
766 1583 811 1619 et
838 1574 1066 1637 agitatum
1095 1582 1141 1618 et
1165 1572 1396 1618 volubile:
1435 1573 1597 1628 veluti,

508 1649 639 1707 Tale,
664 1649 806 1713 quale
828 1667 938 1696 vere
963 1649 1099 1696 dulce
1122 1648 1287 1694 sibilat
1311 1655 1437 1695 teres
1461 1649 1632 1696 donam.

366 1726 545 1772 Verum
581 1726 720 1786 hujus
755 1726 1014 1772 tetrametri
1048 1725 1273 1771 trochaici
1313 1734 1536 1787 quattuor
1573 1726 1823 1773 traduntur

367 1819 537 1863 genera
579 1802 704 1847 haec:
743 1801 1121 1857 Archilochium,
1151 1802 1263 1847 item
1292 1801 1541 1864 tragicum,
1566 1802 1820 1857 comicum,

328 1888 347 1919 9
367 1877 449 1923 det
512 1877 785 1939 satyricum.
856 1878 1038 1924 Volunt
1095 1877 1224 1922 enim
1285 1876 1648 1923 Archilochium
1708 1895 1822 1936 esse,

367 1952 520 2014 equod
549 1970 607 1998 ex
633 1953 858 1998 omnibus
894 1953 1114 1998 trochaeis
1140 1962 1351 1999 constat:
1389 1953 1620 2016 tragicum
1662 1964 1819 2000 autem

368 2028 494 2089 quod
530 2029 686 2092 plures
723 2028 957 2092 spondeos
984 2028 1170 2084 habeat,
1196 2039 1242 2075 et
1268 2029 1326 2075 sit
1351 2030 1544 2075 elatius:
1583 2030 1819 2076 comicum

366 2122 475 2150 vero
500 2105 625 2166 quod
652 2105 910 2151 solutiones
938 2105 1108 2151 habeat
1133 2106 1413 2168 complures.
1482 2106 1624 2163 Item,

432 2180 663 2243 Juppiter
689 2181 935 2227 tremenda
959 2187 1121 2226 sancte
1146 2180 1261 2227 stela
1287 2182 1369 2244 qui
1391 2183 1522 2244 regis
1544 2199 1705 2228 manu.

312 2271 348 2291 ¹0
367 2257 432 2303 Et
456 2258 693 2321 praecipue
718 2257 931 2320 dactylos
958 2267 1004 2302 et
1024 2266 1298 2320 anapaestos.
1336 2257 1604 2320 Satyricum
1631 2276 1822 2322 quoque

423 2432 439 2451 ⁶
459 2425 665 2473 decentius]
689 2424 880 2461 decentior
901 2426 940 2461 P.
1090 2431 1124 2450 ⁰⁰
1146 2424 1303 2472 illustre]
1322 2425 1475 2461 inlustre
1497 2426 1537 2462 P.
1648 2424 1666 2451 d
1687 2424 1818 2473 etiam]

370 2486 407 2513 et
427 2479 466 2514 P.
615 2487 629 2504 ἕ
650 2480 729 2527 qui]
754 2478 852 2527 quod
876 2478 914 2514 P.
1039 2476 1052 2502 f
1071 2479 1143 2513 tela
1159 2478 1220 2527 qui
1241 2479 1333 2528 regis
1355 2480 1484 2526 manu]
1510 2477 1571 2527 qui
1593 2478 1687 2528 regis
1709 2492 1821 2515 manu

371 2531 445 2567 tela
465 2532 504 2567 P.

425 2634 450 2670 9
470 2620 613 2656 Volunt
643 2622 762 2667 enim]
785 2621 943 2657 Videtur
964 2622 1067 2657 incu-
1125 2626 1147 2640 ‘⁴
1169 2621 1367 2671 Tragicum
1403 2630 1525 2657 autem
1561 2621 1661 2670 quod
1700 2622 1821 2670 plures

372 2675 426 2710 ria
438 2673 572 2710 librarii
588 2674 764 2709 confusus
778 2674 869 2709 ordo
884 2687 1066 2717 versuum,
1126 2680 1149 2693 “
1173 2674 1359 2723 spondeos
1380 2675 1524 2716 habeat,
1546 2683 1583 2710 et
1609 2675 1656 2710 sit
1675 2673 1819 2710 elatius.

372 2735 409 2762 et
429 2727 582 2762 fortasse
603 2726 652 2761 ita
672 2726 782 2762 fuisse
802 2728 839 2761 in
855 2728 1066 2776 archetypo,
1127 2733 1148 2747 ‘·'
1173 2726 1367 2762 Comicuui
1392 2740 1474 2762 vero
1496 2727 1593 2775 quod
1615 2727 1820 2763 solutiones

374 2785 397 2799 “
420 2780 549 2815 volunt
564 2780 663 2814 enim
679 2778 957 2814 Archilochium
976 2792 1066 2820 esse,
1126 2785 1147 2798 ‘⁶
1169 2780 1302 2816 habeat
1328 2780 1552 2830 complures,
1574 2789 1611 2814 et
1639 2780 1820 2830 praecipue

375 2837 398 2852 '‘
421 2833 483 2881 qui
504 2844 547 2868 ex
577 2832 751 2868 omnibus
781 2831 950 2867 trochaeis
974 2844 1063 2867 con—
1123 2838 1145 2851 “
1165 2833 1332 2880 dactylos
1370 2841 1406 2868 et
1449 2831 1693 2881 anapaestos*
1736 2834 1820 2869 CA-

374 2893 396 2905 ⁴‘
420 2893 508 2928 stat,
532 2895 571 2921 ut
599 2894 666 2927 est,
686 2885 859 2932 Juppiter
884 2886 1064 2919 tremenda
1125 2886 1255 2922 MER.

375 2945 397 2957 “
418 2944 539 2974 sancte
579 2940 648 2974 tela
697 2941 757 2985 qui
804 2939 896 2983 regis
943 2950 1063 2972 manu.
