1962 3355
334 192 424 240 146
837 190 997 237 Alariz'
1025 188 1269 237 Victorini
1579 200 1676 231 Lm.
1702 200 1777 232 111.

328 314 464 370 lium,
482 312 958 377 multiplicationibus
977 310 1122 356 octies
1147 308 1449 370 ‘quingentas
1467 321 1546 352 ΧΠ
1565 305 1780 352 differen-

329 390 417 436 tias
457 389 571 446 fieri,
607 407 727 451 quae,
760 388 804 433 in
841 402 1075 432 summam
1118 382 1307 444 majoris
1343 381 1529 427 numeri
1567 381 1781 437 redactae,

331 465 537 511 efficient
560 464 941 517 differentiarum,
967 460 1139 522 quibus
1165 460 1433 519 ἀσυνάρτητα,
1460 457 1506 503 id
1531 465 1601 503 est
1624 458 1784 504 incon-

330 559 467 597 nexa,
486 542 784 603 colliguntur,
801 546 1023 600 quattuor
1048 533 1196 580 millia
1219 548 1340 579 XCVI
1367 550 1552 595 genera,
1571 551 1675 596 quae
1700 551 1785 597 per

332 626 586 663 metrorum
616 614 845 661 clausulas
871 621 1038 657 mutua
1063 610 1317 656 earundem
1353 609 1662 656 alternatione
1687 609 1784 656 effi-

333 693 532 739 ciuntur.

385 824 522 874 CAP.
555 820 651 872 IV.
725 820 864 883 Quot
888 837 954 871 em
980 819 1235 888 dactylico
1260 818 1415 870 heroo
1440 827 1732 870 metrorum

427 922 629 974 genera
655 903 973 963 (lerivem‘m,
999 912 1049 954 et
1075 903 1136 955 cle
1163 921 1318 955 versu
1336 912 1689 974 pentametro,

397 1007 819 1055 considerantibus
857 1007 991 1053 nobis
1029 1016 1144 1070 quot
1175 1025 1232 1053 ex
1264 1007 1499 1071 dactylico
1528 1007 1673 1054 heroo
1705 1023 1789 1070 per

333 1085 540 1147 singulos
593 1092 954 1147 prototyporum
1013 1094 1033 1123 ἕ
1042 1101 1245 1130 canonas
1298 1093 1556 1130 metrorum
1611 1082 1788 1147 species

333 1161 682 1224 hprocreentur,
720 1159 970 1206 manifesta
1006 1160 1186 1206 ratione
1220 1160 1401 1223 reperio
1441 1160 1643 1224 primam
1688 1159 1787 1221 ejus

333 1236 475 1284 veluti
511 1235 719 1281 sobolem
755 1253 780 1280 a
805 1246 1102 1298 pentametro
1127 1254 1262 1282 versu
1288 1236 1502 1300 coepisse,
1526 1235 1654 1282 unde
1679 1253 1789 1282 con-

335 1311 548 1375 sequenti
596 1310 776 1357 ratione
815 1311 1000 1358 initium
1052 1313 1255 1377 suscepti
1306 1312 1479 1377 ioperis
1519 1313 1577 1358 ab
1619 1311 1787 1358 eodem

334 1388 650 1444 kordinemuS,
676 1387 803 1450 quod
843 1398 1048 1435 metrum
1074 1389 1654 1451 τεσσαρεσκαιδεκασύλλαβον
1677 1394 1792 1433 Σαπ-

333 1464 448 1525 φικὲν
471 1474 517 1510 et
542 1463 724 1511 Αἰολικὸν
747 1464 934 1519 dicitur,
959 1464 1084 1526 quod
1112 1464 1343 1511 invenisse
1376 1465 1522 1511 fertur
1546 1465 1790 1511 Callinous

333 1541 588 1605 Ephesius,
609 1540 684 1587 alii
705 1559 813 1587 vero
834 1540 1175 1588 Archilochum
1197 1541 1296 1603 ejus
1319 1555 1556 1588 auctorem
1585 1540 1791 1587 tradide-

336 1627 462 1674 runt,
498 1616 691 1679 quidam
729 1617 1084 1680 Colophonium
1115 1617 1372 1679 quendam,
1410 1635 1551 1681 super
1587 1634 1791 1680 quorum

304 1695 564 1758 zopinione
593 1693 717 1757 apud
754 1693 1089 1755 grammaticos
1128 1711 1299 1756 magna
1337 1694 1564 1740 dissensio
1590 1705 1674 1741 est.
1745 1694 1793 1740 Is

340 1779 498 1816 autem
538 1786 698 1814 versus
736 1786 760 1813 a
801 1767 1050 1813 duodecim
1097 1768 1288 1831 syllabis
1330 1769 1377 1814 in
1414 1767 1793 1831 quattuordecim

342 1846 522 1902 crescit,
555 1862 662 1890 nam
702 1844 994 1908 compositus
1032 1855 1102 1890 est
1140 1845 1197 1891 de
1236 1846 1525 1900 hexametro,
1553 1845 1616 1892 ita
1649 1855 1703 1891 ut
1737 1844 1795 1890 de

341 1923 479 1969 tertio
506 1920 623 1984 pede
658 1931 838 1984 partem
867 1921 1089 1967 orationis
1115 1923 1386 1986 complente
1422 1923 1624 1986 semipes
1661 1922 1798 1969 tolla-

342 2007 431 2051 tur,
458 2015 599 2058 quem
626 1996 888 2059 spondeum
916 2015 1016 2043 esse
1040 1997 1210 2044 debere
1235 1998 1280 2044 in
1307 1998 1507 2046 dubium
1534 2018 1627 2046 non
1656 1999 1799 2045 venit.

345 2075 563 2135 Itemque
589 2091 647 2118 ex
675 2073 842 2119 ultimo
866 2073 985 2137 pede
1011 2072 1229 2137 ¹adaeque
1262 2084 1500 2138 postrema
1527 2076 1708 2140 syllaba
1730 2092 1800 2121 re-

347 2149 573 2205 trahatur,
600 2158 649 2193 ut
673 2159 758 2204 est,

348 2224 494 2270 Illam·
501 2230 647 2285 pater
663 2223 758 2269 lzcec
771 2226 974 2285 pateris,
991 2243 1090 2289 quce
1111 2244 1193 2273 nos
1208 2244 1391 2291 quoque
1402 2245 1542 2290 posse
1556 2245 1801 2292 negamus.

311 2310 329 2339 3
351 2299 510 2361 Hujus
536 2299 991 2361 mperithemimcreS,

612 2386 756 2433 Mars
774 2395 920 2449 pater
945 2389 1040 2435 lzoec
1056 2390 1260 2451 pateris.

352 2451 563 2506 Dehinc,

622 2516 737 2565 Quae
762 2535 845 2563 ‘NOS
867 2536 1049 2582 (Illoque
1065 2538 1204 2582 POSSC
1227 2539 1474 2585 negamus.

354 2603 517 2649 Minor
543 2603 701 2665 itaque
728 2603 1003 2651 hexametro
1028 2608 1096 2652 vel
1125 2608 1274 2654 tribus
1300 2610 1369 2655 vel
1397 2609 1580 2656 duabus
1613 2610 1805 2672 syllabis

408 2727 424 2754 f
441 2728 661 2778 quingenta]
684 2729 906 2778 quingentas
928 2733 965 2767 P.
1089 2741 1110 2768 g
1129 2738 1309 2784 canones]
1334 2750 1495 2773 canonas
1516 2738 1555 2773 P.
1678 2735 1699 2762 h
1719 2750 1806 2786 pro-

356 2783 541 2828 creantur]
566 2791 804 2830 procreentur
824 2784 861 2819 P.
984 2784 992 2809 i
1014 2787 1150 2834 operis]
1173 2789 1296 2837 operis
1317 2790 1362 2826 de
1383 2803 1489 2827 versu
1509 2798 1744 2840 pentametro
1764 2791 1805 2827 P.

356 2832 376 2860 k
396 2834 630 2882 ordinemus]
653 2834 864 2871 ordinemur
886 2836 925 2871 l'.
1036 2836 1046 2863 l
1065 2840 1231 2889 adaeque]
1256 2851 1366 2891 atque
1385 2844 1424 2878 P.
1547 2850 1578 2868 m
1597 2844 1808 2893 penthemi-

358 2886 486 2934 meris]
507 2887 820 2936 penthemimeres
842 2888 885 2923 P.
