1962 3355
348 181 433 221 542
800 181 872 222 Fl.
897 180 1081 222 Mallius
1105 179 1346 220 Theodorus

885 297 1046 343 Altaque
1064 306 1203 342 magnae

876 371 893 391 θ
916 364 1055 401 Moenia
1077 364 1213 400 Romae.

288 452 324 473 21
350 432 535 473 Metrum
554 433 801 489 dactylicum
828 433 1131 488 heptametrum
1155 439 1313 471 constat
1338 443 1389 469 ex
1420 428 1585 469 duobus
1613 427 1802 483 dactylis,

347 500 522 555 spondio
540 511 581 542 et
601 500 766 555 dactylo
786 509 826 540 et
846 499 978 540 tribus
999 497 1201 546 trochaeis‚
1224 507 1271 537 ut
1291 507 1352 537 est
1371 495 1507 551 dapud
1530 495 1752 536 Horatium
1769 511 1777 535 :

590 569 754 604 Solvitur
772 570 866 603 acris
886 567 994 602 hiems
1011 571 1123 612 grata
1143 567 1219 601 vice
1237 566 1330 600 veris
1348 570 1383 600 et
1403 565 1550 600 Favoni.

288 648 328 671 22
348 634 469 675 Effici
499 650 617 690 posse
646 635 746 675 alias
777 633 900 674 etiam
931 632 1049 674 metri
1080 631 1301 688 edactylici
1325 631 1553 681 varietates,
1584 646 1664 672 non
1695 631 1798 672 clam

347 702 464 742 nobis
493 710 579 752 est3
612 702 682 751 ita,
706 710 753 742 ut
784 701 883 742 fiant
904 715 1046 740 versus
1075 699 1201 754 aliqui
1233 699 1532 754 productiores,
1564 698 1661 739 faut
1690 698 1800 739 idem

287 785 327 817 23
347 769 471 825 pedes
491 769 608 810 aliter
627 778 646 806 g
658 769 764 809 inter
785 783 826 809 se
840 767 991 823 juncti.
1039 767 1122 808 Sed
1143 782 1216 807 nos
1236 782 1283 807 ea
1303 766 1506 822 persecuti
1528 780 1682 813 sumus,
1705 781 1800 821 quae

346 846 479 877 essent
499 847 539 877 et
559 836 705 877 auditu
720 834 1033 892 jucundissima,
1057 844 1098 875 et
1127 834 1240 890 apud
1269 841 1410 889 poetas
1433 834 1601 875 Graecos
1621 842 1661 873 et
1681 833 1800 874 Lati-

346 918 419 944 nos
445 918 569 959 quam
599 903 776 944 maxime
801 902 1030 949 celebrata;
1063 900 1216 957 quibus
1245 901 1430 956 profecto
1454 909 1495 941 te
1521 915 1606 940 esse
1629 911 1801 941 ceteros-

345 986 441 1026 que,
463 970 535 1026 qui
556 985 677 1011 suum
707 970 890 1011 studium
921 969 974 1009 ad
995 969 1099 1009 hanc
1126 983 1212 1009 rem
1244 968 1526 1024 adplicabunt‚
1554 967 1801 1009 hcontentos

344 1038 566 1093 oportebit,
601 1037 720 1079 icum
755 1037 1017 1093 quantamvis
1047 1035 1314 1077 subtilitatem
1346 1034 1499 1090 ingenii
1529 1044 1569 1074 et
1599 1034 1800 1075 scribendi

345 1106 636 1147 adsiduitatem
666 1105 686 1133 k
699 1105 864 1161 explere
884 1104 1002 1145 facile
1023 1115 1148 1159 atque
1168 1103 1396 1144 instaurare
1426 1102 1553 1159 possit
1575 1112 1798 1143 metrorum

347 1183 460 1214 tanta
479 1173 692 1214 diversitas
721 1172 923 1228 lcumque
950 1188 997 1213 ea
1023 1172 1065 1212 in
1091 1187 1135 1212 re
1160 1171 1202 1212 in
1228 1187 1313 1227 qua
1332 1170 1584 1226 reperiendae
1610 1169 1802 1211 novitatis

347 1240 474 1296 possit
495 1251 568 1282 aut
588 1241 749 1282 dulcius
769 1241 959 1297 alicujus.

751 1355 858 1395 CAP.
882 1354 933 1393 V.
960 1353 1028 1393 De
1049 1359 1176 1393 metro
1197 1352 1393 1392 Iambico.

405 1432 546 1472 Metro
585 1440 724 1471 autem
764 1431 966 1488 dactylico
1007 1431 1169 1472 heroico
1209 1430 1328 1471 metri
1372 1427 1534 1469 iambici
1573 1428 1800 1476 hexametri

348 1498 585 1555 mproxima
605 1498 789 1539 definitio
811 1499 896 1540 visa
916 1509 990 1540 est.
1050 1498 1192 1539 Altero
1223 1497 1328 1537 enim
1361 1496 1650 1552 producuntur
1680 1495 1799 1545 acies,

402 1598 419 1618 ⁰
435 1592 568 1627 Maenia
586 1592 725 1639 Romae]
746 1591 841 1627 Vide
858 1592 1043 1628 Burman-

349 1658 438 1680 num
477 1646 558 1681 Sec.
599 1645 635 1680 in
676 1645 836 1681 addend.
869 1645 915 1680 ad
945 1645 989 1681 T.
1011 1645 1044 1682 I.

349 1699 498 1734 Anthol.
533 1698 657 1733 Latin.
688 1697 749 1746 qui
779 1706 919 1741 tamen,
954 1711 1047 1746 quos

350 1764 472 1787 versus
492 1752 742 1787 Terentianus
770 1763 789 1786 a
819 1764 857 1786 se
887 1749 1047 1799 exempli

349 1817 479 1840 caussa
514 1805 617 1840 fictos
650 1804 752 1844 dicit,
789 1816 853 1852 per
885 1816 1046 1839 errorem

349 1863 448 1894 vetus
483 1858 664 1894 Arionium
699 1865 819 1893 vocat.
870 1857 1046 1893 RUHN-

351 1911 477 1946 KEN.

403 1961 422 1989 d
442 1965 540 2012 apud
562 1964 774 2012 Horatium]
811 1962 899 2000 Lib.
920 1963 951 2000 I.
985 1963 1044 2000 od.

349 2030 386 2063 4.
418 2017 574 2053 HEUS.

404 2079 420 2097 e
441 2071 610 2118 dactylici
628 2070 838 2116 varietates]
882 2069 1045 2118 Guelph.

349 2125 508 2160 dactilici
545 2124 743 2159 varietatis.
818 2123 911 2159 Mox
951 2122 1048 2158 idem

345 2178 601 2224 productioris.
636 2176 790 2212 HEUS.

404 2227 501 2265 faut
531 2230 639 2276 idem]
686 2229 745 2264 Ita
773 2229 886 2265 MSS.
918 2241 983 2278 pro
1005 2230 1050 2263 ii·

351 2284 442 2318 dem.
499 2283 551 2318 Et
572 2281 780 2318 Priscianus
803 2282 865 2318 lib.
891 2282 977 2318 Vll.
1016 2295 1050 2330 p.

354 2346 441 2382 737.
489 2343 656 2377 testatur,
696 2344 836 2371 veteres
884 2336 975 2370 idem
1014 2342 1052 2370 et

352 2390 461 2424 isdem
489 2401 554 2437 per
578 2401 688 2424 unam
712 2387 944 2436 iscripsisse‚
966 2387 1051 2435 quia

352 2440 454 2476 nulla
485 2440 656 2477 confusio
686 2441 726 2476 fit
753 2439 1048 2490 significationis.

352 2494 508 2530 HEUS.

403 2553 425 2581 g
454 2548 547 2582 inter
565 2559 601 2582 se
621 2544 759 2593 juncti]
790 2546 958 2594 Uterque
977 2545 1048 2581 Pa-

352 2599 410 2636 ris.
433 2602 526 2635 inter
544 2612 581 2635 se
601 2598 793 2645 conjuncti.
834 2598 994 2635 HEUS.

404 2651 426 2678 h
465 2658 646 2689 contentos
684 2653 876 2700 oportebit]
935 2649 1047 2688 Paris.

352 2719 426 2743 sec.
466 2711 712 2753 contemptos:
763 2704 925 2753 Guelph.
964 2717 1046 2741 con-

354 2764 504 2807 temptos
523 2761 709 2807 oportevit.
741 2758 894 2794 HEUS.

407 2811 416 2837 ἰ
447 2826 526 2848 cum
547 2813 774 2860 quantamvis
791 2811 1045 2858 subtilitatem]

353 2867 410 2902 Ita
457 2868 710 2915 conjecturam
757 2872 906 2900 secutus
949 2876 1048 2900 nunc

351 2918 460 2962 edidi,
494 2932 608 2968 quum
639 2919 678 2954 in
710 2916 901 2955 codicibus
939 2924 1046 2958 esset,

1102 1604 1181 1627 cum
1202 1595 1339 1637 quanta
1362 1592 1414 1625 vis
1439 1590 1642 1636 suptilitate
1668 1589 1801 1634 ingenii

1101 1650 1136 1680 et
1155 1645 1330 1679 scribendi
1349 1643 1578 1678 adsiduitate.
1612 1641 1768 1676 HEUS.

1157 1695 1176 1722 k
1216 1698 1357 1743 explere
1379 1695 1494 1746 facile
1523 1700 1631 1741 atque
1662 1696 1800 1729 instau-

1103 1763 1186 1785 rare
1203 1749 1330 1796 possit]
1354 1748 1517 1796 Guelpln.
1536 1749 1675 1794 explere
1683 1746 1802 1794 facile

1103 1809 1210 1850 atque
1231 1805 1267 1838 in
1288 1804 1435 1838 istantia
1457 1813 1512 1836 res
1526 1802 1663 1847 possit.-
1687 1799 1800 1836 Paris.

1104 1870 1157 1905 pr.
1181 1857 1315 1903 expleri
1333 1855 1452 1904 facile
1477 1859 1584 1901 atque
1604 1854 1802 1888 instaurari

1099 1911 1240 1957 possit:
1276 1908 1380 1952 alter,
1402 1909 1542 1955 explere
1559 1906 1677 1955 facile
1697 1911 1802 1954 atque

1104 1964 1276 1998 instantia
1318 1963 1443 2010 possit.
1505 1959 1575 1995 His
1619 1958 1716 1995 inter
1762 1971 1801 1995 se

1102 2014 1327 2064 comparatis
1360 2027 1436 2050 non
1467 2012 1612 2050 difficile
1641 2011 1713 2048 fuit
1739 2024 1801 2048 ve-

1104 2082 1181 2104 ram
1238 2067 1457 2117 scripturam
1514 2064 1803 2115 deprehendere.

1108 2121 1267 2158 HEUS.

1158 2173 1170 2201 l
1190 2188 1338 2222 cumque
1357 2187 1399 2210 ea
1419 2176 1454 2210 in
1475 2187 1513 2210 re
1532 2175 1567 2208 in
1591 2171 1679 2219 qua]
1725 2170 1801 2206 Lo-

1107 2241 1171 2264 cus
1192 2227 1363 2264 adflictus
1383 2235 1420 2263 et
1440 2240 1460 2262 a
1480 2225 1648 2262 codicum
1666 2222 1802 2259 auxilio

1107 2281 1305 2317 destitutus
1334 2280 1403 2316 bac
1434 2277 1618 2315 medicina
1647 2276 1802 2312 fortasse

1108 2335 1355 2369 recreabitur:
1406 2344 1554 2379 cumque
1600 2342 1643 2367 ea
1688 2331 1725 2364 in
1763 2341 1802 2364 re

1105 2399 1300 2433 numquam
1326 2386 1416 2434 finis
1453 2397 1524 2421 esse
1554 2384 1668 2431 possit
1700 2394 1800 2429 repe-

1105 2441 1236 2474 riendae
1277 2440 1460 2480 novitatis,
1498 2442 1564 2474 aut
1605 2436 1803 2471 dulcedinis

1105 2491 1269 2538 alicujus.
1327 2492 1419 2528 Eam
1441 2489 1664 2528 sententiam
1678 2487 1800 2524 Mallii

1105 2545 1230 2587 fuisse,
1261 2544 1315 2581 vel
1344 2543 1432 2580 iude
1467 2542 1674 2590 intelligere
1709 2540 1800 2576 mihi

1106 2597 1240 2642 videor,
1271 2598 1371 2646 quod
1404 2597 1501 2634 infra
1533 2609 1613 2645 cap.
1637 2594 1711 2631 XI.
1739 2604 1805 2641 17<

1105 2652 1163 2686 Ea
1193 2653 1283 2687 euim
1315 2653 1350 2686 in
1379 2664 1429 2694 re,
1457 2649 1590 2699 inquit,
1618 2660 1695 2696 quoe
1722 2649 1800 2695 ipsa

1102 2717 1167 2752 per
1194 2717 1231 2740 se
1259 2705 1399 2753 infinita
1426 2706 1483 2747 sit,
1505 2715 1634 2739 novum
1662 2701 1801 2747 aliquid

1104 2759 1304 2805 reperiendi
1337 2758 1502 2793 constitui
1518 2757 1609 2805 finis
1636 2766 1707 2789 non
1731 2765 1798 2801 po-

1105 2816 1182 2847 test.
1222 2811 1379 2847 HEUS.

1165 2870 1196 2889 m
1212 2865 1381 2911 proxima
1415 2863 1574 2912 definitio
1607 2864 1683 2898 visa
1721 2863 1792 2910 est]

1104 2917 1163 2953 Ita
1195 2915 1387 2953 emendavi
1418 2928 1462 2952 ex
1492 2922 1648 2964 utroque
1683 2915 1797 2952 Paris.
