1962 3355
136 211 242 242 CAP.
267 205 339 242 lo.
598 194 682 241 De
710 195 946 241 Trimetro
969 211 1125 240 versu.
1499 193 1585 241 163

412 368 551 419 CAP.
584 366 652 418 X.
719 368 802 418 De
842 367 1111 418 Trimetro
1139 384 1311 418 versu.

201 461 440 524 Sequitur,
487 471 538 507 ut
587 460 728 522 juxta
776 459 1074 522 propositum
1118 458 1348 515 ordinem,
1389 457 1589 504 trimetri

135 554 325 599 quoque
362 538 506 593 heroi,
531 538 602 583 vel
641 538 677 582 si
711 536 825 599 quid
859 553 916 581 ex
954 553 1010 582 eo
1043 535 1222 582 editum
1253 544 1339 590 est,
1364 534 1483 580 ratio
1509 534 1592 581 ha—

135 615 234 660 bita
258 614 564 677 inspectaque
590 613 837 678 pandatur.
895 612 986 658 Est
1011 621 1167 658 autem
1197 611 1457 657 hexametri
1484 629 1591 674 por-
1611 633 1627 654 2

134 689 201 734 tio
241 689 500 735 subsistens
541 689 742 754 pedibus
780 689 947 746 tribus,
987 689 1114 751 quod
1161 705 1308 752 genus
1348 706 1374 734 a
1412 687 1590 734 Graeeis

138 764 262 811 haud
288 765 508 811 inmerito
533 766 695 827 ἡμιεπὲς
721 775 941 820 vocatur3
980 765 1120 826 hujus
1146 765 1439 828 exemplum,

465 847 714 895 Panditur
736 848 925 894 interea
949 847 1129 902 domus,

134 911 324 970 dehinc,

472 978 824 1041 Omnipotentis
853 977 1061 1041 Olympi.

136 1043 275 1097 Item,
465 1109 614 1155 Hanc
639 1108 797 1155 lucum
820 1108 905 1155 tibi
930 1108 1105 1165 dedico,

135 1173 324 1230 dehinc,

471 1236 795 1301 Consecroque
819 1238 1018 1300 Priape.

138 1319 278 1372 Quod
339 1327 542 1365 metrum
609 1319 855 1383 Priapeum
917 1337 942 1365 a
989 1319 1273 1382 quibusdam
1334 1319 1596 1365 aestimatur

137 1404 329 1459 propter
353 1396 593 1458 geminam
620 1396 999 1453 similitudinem,
1023 1396 1081 1443 de
1111 1414 1207 1459 quo
1232 1413 1317 1442 suo
1342 1397 1443 1442 loco
1468 1395 1595 1442 dice—

138 1488 260 1517 mus.
329 1471 619 1518 Trimetrum
648 1472 793 1535 igitur
817 1473 1003 1537 epicum
1036 1473 1155 1519 nihil
1190 1491 1214 1519 a
1250 1472 1473 1536 glyconio
1499 1488 1631 1520 me-3

136 1557 210 1594 tro
257 1548 439 1594 differre
485 1549 702 1595 nonnulli
750 1549 1089 1607 qcontendunt,
1130 1548 1258 1611 quod
1305 1556 1491 1595 constat
1536 1564 1596 1593 ex

139 1624 348 1688 spondeo
381 1634 429 1671 et
460 1625 739 1671 choriambo
778 1634 824 1671 et
858 1625 1135 1689 pyrrhichio
1172 1626 1245 1671 vel
1283 1624 1490 1671 trochaeo
1527 1623 1596 1669 ul-

137 1701 272 1758 timo,
297 1719 355 1747 ex
379 1719 473 1764 quo
498 1702 632 1765 plura
658 1701 782 1766 apud
809 1701 1068 1748 Horatium
1096 1711 1276 1749 asmata
1302 1710 1441 1748 sunt:
1477 1708 1546 1756 ut,

406 1788 487 1836 Sic
511 1795 559 1836 te
582 1790 692 1836 diva
712 1796 880 1852 potens
908 1788 1074 1852 Cypri.

140 1873 202 1921 et,

379 1929 551 1976 Mater
573 1947 701 1976 sceva
729 1929 1035 1993 Cupidinum.

141 2004 202 2051 et,

407 2060 577 2108 Donec
595 2069 773 2126 gratus
798 2079 929 2109 eram
955 2062 1054 2109 tibi.

141 2162 188 2199 et
211 2162 379 2199 cetera.
449 2153 577 2199 Nam
613 2154 648 2199 si
686 2154 834 2200 solvas
861 2153 1193 2200 choriambum
1218 2161 1265 2198 et
1290 2151 1595 2198 novissimam
1615 2172 1636 2201 4

141 2230 241 2292 ejus
260 2229 535 2293 ‘syllabam,
554 2230 672 2276 utin
688 2230 925 2294 superiore
942 2230 1062 2276 libro
1077 2228 1353 2293 plenissime
1373 2228 1599 2286 diximus,

141 2324 269 2353 nunc
304 2324 455 2370 pauca
481 2308 866 2362 memorabimus,
893 2306 1068 2354 scimus
1093 2305 1142 2351 in
1167 2304 1403 2368 dactylico
1427 2322 1599 2369 genere

141 2401 242 2429 esse
266 2392 313 2430 et
341 2383 657 2447 pariambum,
684 2384 764 2446 qui
801 2402 964 2448 parem
1002 2383 1146 2429 habet
1179 2383 1436 2429 sublationi
1473 2381 1598 2446 posi-

142 2459 339 2517 tionem,
364 2459 411 2506 id
435 2470 507 2506 est
531 2460 655 2506 arsin
680 2468 727 2506 et
750 2460 922 2507 thesin.
983 2459 1141 2522 Major
1177 2469 1334 2506 autem
1362 2469 1433 2507 est
1457 2476 1599 2523 spon-

196 2635 216 2662 q
231 2626 485 2674 contendunt]
508 2635 640 2664 contra
659 2626 894 2664 contendunt
913 2627 952 2663 P.
973 2639 1089 2676 marg.
1214 2632 1230 2651 r
1249 2625 1424 2675 syllabam
1445 2625 1501 2671 in]
1526 2623 1597 2672 syl-

272 2686 309 2710 ut

143 2723 265 2759 labam
320 2723 359 2758 in
380 2723 420 2759 P.
452 2723 654 2771 Sequentia
669 2735 754 2759 cum
776 2722 1083 2759 antecedentibus
1101 2720 1195 2758 male
1215 2721 1397 2758 coliaerere
1413 2719 1597 2756 videntur.

198 2880 235 2914 4.
256 2873 296 2904 ut
314 2869 514 2916 superiore]
548 2868 721 2905 scribitur
750 2868 788 2905 in
818 2870 1017 2919 archetypo
1038 2870 1073 2903 in
1102 2869 1287 2914 superiore
1308 2867 1409 2907 libro,
1431 2864 1495 2901 sed
1523 2876 1598 2900 non

146 2920 269 2958 minus
288 2934 417 2959 sensus
437 2922 564 2960 haeret.
595 2923 793 2959 CAMER.

834 2995 917 3030 Y2
