1962 3355
278 1010 315 1039 14

331 188 427 238 392
958 178 1167 243 Rzfinus

332 305 361 327 “
385 300 516 347 alius.
568 301 697 347 Nam
724 319 832 347 cum
860 301 1041 347 numeri
1070 300 1165 346 sint
1187 300 1360 364 plures,
1386 298 1596 343 iambum
1624 305 1671 343 et
1692 306 1783 342 tro-

332 382 360 403 “
383 377 568 423 chaeum
589 377 858 439 frequenter
875 386 1088 440 segregat
1108 377 1166 421 ab
1185 383 1365 420 oratore
1384 373 1674 429 Aristoteles,
1693 373 1783 418 Ca-

335 460 364 481 “
387 454 500 509 tule,
538 456 736 501 tvester:
784 453 863 515 qui
901 460 1065 498 natura
1109 459 1267 496 tamen
1303 449 1576 495 Vincurrunt
1612 448 1696 508 ipsi
1735 449 1783 494 in

333 536 361 556 ‘⁶
387 530 644 576 orationem
695 538 741 575 et
780 545 1043 574 sermonem
1090 535 1359 571 wnostrum.
1429 523 1520 570 Sed
1564 534 1673 570 sunt
1713 524 1784 570 in-

335 613 362 632 “
389 605 543 667 signes
563 605 887 668 percussiones
913 620 1072 648 eorum
1102 619 1405 648 numerorum
1434 610 1480 646 et
1507 600 1677 646 minuti
1705 618 1784 663 pe-

335 688 365 709 “
389 682 497 727 des:
534 699 676 743 quare
701 680 907 742 primum
930 677 987 724 ad
1014 678 1210 723 heroum
1237 695 1322 723 nos
1348 677 1586 740 dactylici,
1606 685 1652 722 et
1678 694 1786 722 ana-

335 766 363 785 “
387 758 537 821 paesti,
562 767 608 802 et
632 754 825 818 spondei
852 753 1020 817 pedem
1048 753 1230 808 invitat,
1256 754 1303 799 in
1329 771 1424 815 quo
1448 753 1643 816 impune
1677 770 1784 816 pro-

335 842 363 861 “
388 833 516 896 gredi
554 833 665 878 licet
689 831 806 876 duos
832 830 1063 876 duntaxat
1098 830 1241 893 pedes
1279 839 1359 876 aut
1384 830 1526 893 paulo
1552 829 1672 892 pluS,
1698 846 1784 875 nec

334 918 362 938 ‘⁶
386 911 525 973 plane
549 909 596 954 in
620 917 837 953 Xversum
862 915 942 952 aut
968 906 1012 951 in
1041 906 1398 953 similitudinem
1426 924 1583 952 versus
1619 905 1786 951 incidi-

335 993 364 1014 “
387 1004 509 1032 mus.
579 985 697 1031 Aliae
724 993 833 1029 sunt
857 983 1080 1046 geminae‚
1105 984 1276 1046 quibus
1303 984 1350 1029 hi
1378 991 1469 1029 tres
1498 981 1671 1028 heroici
1708 1000 1788 1045 pe‘

335 1070 362 1090 “
387 1063 467 1109 des
494 1063 541 1108 in
566 1061 828 1125 Yprincipia
853 1060 1282 1107 continuandorum
1302 1060 1550 1105 verborum
1580 1058 1689 1104 satis
1710 1057 1788 1103 de-

336 1148 364 1167 “
388 1157 494 1186 core
519 1137 707 1184 cadunt,
744 1138 1000 1183 2Pr0batu1·
1024 1145 1180 1183 autem
1209 1137 1267 1182 ab
1286 1135 1453 1181 eodem
1480 1134 1560 1180 illo
1580 1134 1788 1180 maxime

337 1225 364 1244 ‘⁶
389 1224 567 1280 apaean,
603 1214 681 1277 qui
719 1223 789 1260 est
824 1214 1015 1278 duplex.
1085 1213 1212 1260 Nam
1253 1220 1333 1258 aut
1379 1230 1404 1257 a
1444 1212 1586 1274 longa
1626 1211 1787 1267 oritur,

337 1299 367 1319 ‘⁶
391 1309 534 1355 quam
564 1300 656 1337 tres
693 1292 854 1337 breves
892 1299 1259 1352 consequuntur,
1285 1297 1337 1334 ut
1363 1288 1465 1334 haec
1489 1289 1645 1344 verba,
1670 1287 1789 1333 desi-

337 1375 362 1394 “
389 1370 502 1424 nite,
540 1368 748 1430 incipite,
775 1368 1095 1430 comprimite.-
1134 1375 1214 1412 aut
1250 1384 1275 1412 a
1312 1365 1529 1411 brevibus
1566 1363 1787 1426 deinceps

339 1451 367 1471 “
393 1445 542 1490 tribus
567 1453 776 1490 extrema
802 1444 1032 1507 producta
1056 1452 1197 1504 atque
1234 1442 1388 1504 longa,
1416 1441 1537 1486 sicut
1561 1439 1640 1485 illa
1665 1449 1789 1494 sunt,

338 1527 365 1547 ‘⁶
391 1521 688 1577 domuerant,
713 1521 974 1583 sonipedes.
1043 1519 1202 1580 Atque
1234 1517 1301 1563 illi
1331 1515 1616 1581 philosopho
1648 1514 1785 1560 ordiri

339 1604 365 1623 “
391 1597 545 1660 placet
571 1615 594 1642 a
620 1598 855 1660 superiore
880 1596 1085 1659 1Ῥεθτιῐιθ,
1111 1593 1364 1657 posteriore
1390 1592 1539 1639 finire.
1597 1592 1687 1637 Est
1711 1609 1791 1637 au-

339 1679 365 1698 “
389 1682 484 1719 tem
511 1691 644 1736 paean
676 1673 753 1718 hic
786 1673 1015 1736 posterior
1038 1689 1132 1717 non
1157 1671 1443 1735 syllabarum
1469 1687 1682 1723 numero,
1709 1668 1791 1714 sed

341 1757 367 1775 ‘⁶
394 1748 575 1794 aurium
603 1766 835 1805 mensura,
853 1748 978 1810 quod
997 1747 1087 1793 sest
1107 1747 1256 1793 acrius
1275 1746 1512 1807 judicium
1536 1755 1584 1790 et
1603 1744 1790 1801 certius,

341 1832 367 1852 “
393 1843 477 1888 par
499 1825 594 1871 fere
620 1825 806 1882 cretico,
831 1825 911 1887 qui
938 1833 1008 1870 est
1029 1842 1088 1870 ex
1113 1824 1252 1886 longa
1276 1832 1323 1869 et
1348 1821 1476 1868 brevi
1503 1831 1550 1867 et
1572 1821 1729 1884 longa,

456 1906 483 1925 ‘⁶
504 1902 615 1948 Quid
630 1908 768 1957 petam
787 1901 975 1956 prasiclf,
997 1906 1071 1940 aut
1091 1913 1286 1956 exequar,
1302 1911 1430 1955 quove
1450 1912 1573 1938 nunc.

341 1980 366 2000 “
391 1976 435 2020 A
460 1992 554 2037 quo
579 1992 776 2021 numero
800 1991 991 2020 exorsus
1011 1983 1082 2020 est
1107 1973 1334 2027 Fannius,
1351 1972 1424 2028 Si,
1450 1970 1685 2024 Quirites,
1708 1968 1795 2015 mi-

341 2058 368 2078 “
393 2051 649 2099 masillias.
714 2051 862 2098 Hunc
894 2051 973 2097 ille
1005 2049 1226 2097 clausulis
1264 2049 1336 2095 his
1374 2048 1604 2112 aptiorem
1640 2054 1793 2109 putat,

341 2136 370 2155 “
394 2136 536 2189 ‘quas
594 2128 696 2174 vult
741 2128 883 2191 longa
933 2127 1216 2191 plerumque
1269 2125 1449 2189 syllaba
1502 2121 1795 2170 terminare.''

306 2205 509 2259 5Postea
556 2204 602 2250 in
641 2203 834 2250 deodem
872 2204 1011 2250 tertio
1048 2204 1193 2249 elibro
1231 2202 1288 2248 de
1324 2210 1507 2247 oratore
1544 2200 1609 2245 sic
1649 2199 1791 2245 dicit:

344 2279 489 2325 “Sed
540 2298 661 2343 saepe
713 2280 945 2343 carpenda
992 2278 1216 2324 membris
1266 2275 1598 2322 minutioribus
1645 2274 1793 2320 oratio

345 2364 371 2382 “
396 2355 501 2409 fest,
537 2373 641 2418 qufe
677 2366 835 2401 tamen
873 2356 973 2419 ipsa
1011 2355 1223 2400 membra
1259 2361 1369 2398 sunt
1405 2351 1614 2396 numeris
1650 2350 1795 2396 vinci-

344 2439 370 2457 “
397 2431 544 2477 enda:
583 2450 734 2494 neque
755 2440 867 2477 gvos
895 2448 1046 2494 paean,
1071 2438 1151 2475 aut
1185 2429 1354 2474 herous
1387 2428 1464 2473 ille
1496 2426 1794 2483 hconturbet,

398 2637 413 2663 ἵ
433 2638 566 2683 vester]
583 2646 623 2673 ut
634 2638 729 2674 Ven.
760 2637 857 2672 Tum
880 2638 939 2683 qui
958 2635 1041 2672 Ald.
1196 2642 1213 2659 v
1230 2635 1424 2670 incurrunt
1438 2632 1524 2683 ipsi]
1545 2631 1697 2668 incurrit
1716 2632 1796 2681 ipse

357 2690 451 2727 Ven.
597 2698 624 2715 w
638 2692 823 2737 nostrum]
847 2688 1063 2738 primarium
1085 2688 1180 2724 Ven.
1326 2695 1347 2713 x
1366 2687 1530 2733 versum]
1557 2697 1680 2721 versus
1699 2685 1794 2720 Ven.

346 2751 365 2778 y
384 2743 583 2794 principio]
607 2742 786 2794 principia
804 2743 900 2779 Ven.
1010 2749 1027 2767 z
1047 2741 1241 2790 probatur]
1264 2739 1433 2790 probatio
1453 2740 1549 2775 Ven.
1631 2745 1650 2764 a
1669 2738 1791 2786 paean]

347 2810 443 2846 peon
465 2798 511 2833 V.
532 2805 569 2833 et
589 2796 656 2833 inf.
800 2793 820 2822 b
841 2797 983 2845 paeane]
1005 2807 1135 2844 paeone
1156 2795 1250 2830 Ven.
1398 2800 1415 2820 c
1434 2794 1543 2842 quas]
1565 2803 1673 2840 quem
1695 2791 1794 2827 Ven.

347 2843 537 2908 d²30dem]
561 2874 591 2897 c.
612 2873 676 2909 49.
800 2867 815 2886 e
836 2859 916 2906 lib.]
940 2860 1009 2896 hoc
1031 2860 1124 2895 Ven.
1250 2856 1266 2884 f
1282 2866 1337 2895 est
1357 2871 1430 2894 om.
1451 2857 1546 2892 Ven.
1670 2862 1691 2889 g
1711 2855 1791 2903 vos]

349 2926 416 2950 nos
438 2915 532 2950 Ven.
656 2912 675 2940 h
696 2914 914 2961 conturbet]
937 2913 1133 2948 conturbat
1155 2913 1248 2948 Ven.
