1962 3355
600 183 781 218 veterum
802 176 1124 231 apospasmatia.
1515 176 1594 215 581

144 290 418 344 antiquiorem
442 290 593 343 fuisse
629 289 878 337 carminum,
914 301 1038 343 quam
1072 300 1221 341 prosce.

140 357 266 411 prius
287 357 474 397 versibus
493 356 787 396 condebantur.

205 424 421 464 Orationis
442 429 575 463 autem
607 422 794 462 studium
821 422 988 476 primus
1009 421 1100 476 egit
1118 420 1266 461 Seron.
1327 420 1502 460 Primus
1528 434 1603 460 au-

147 498 222 531 tem
254 492 370 546 apud
393 492 560 531 Graecos
587 490 873 545 nPherecydes
905 489 1063 544 Syrius
1096 488 1218 528 solita
1247 487 1472 527 traditione
1503 490 1605 528 scri-

140 560 240 614 psit.
300 559 428 613 Apud
448 559 659 599 Romanos
680 564 818 598 aute-m
837 557 1023 612 ⁰Appius
1044 555 1249 596 secundus
1269 554 1472 595 adversus
1494 556 1605 610 Pyr-

146 627 266 666 rhum
311 627 511 666 Latinam
550 627 774 667 orationem
813 626 982 680 primus
1022 623 1219 663 emer-cuit.
1292 622 1391 662 Jam
1427 636 1480 662 ea*
1510 623 1606 663 ltinc

148 695 297 734 pceteri
314 709 393 749 pro
414 707 459 733 re
480 694 710 749 eloquentia
729 693 1040 733 contenderunt.

209 764 410 804 Omnibus
431 764 573 803 metris
595 762 808 802 qkeroicus
824 761 948 816 prior
968 765 1041 800 est.
1101 759 1235 799 Hunc
1256 759 1499 800 rCantestus
1520 759 1609 799 Mt-

148 831 275 871 lesius
288 831 444 885 fertur
471 831 637 886 primus
658 829 947 884 conposuisse:
981 827 1057 876 vel,
1083 834 1131 868 ut
1159 827 1236 867 alii
1258 832 1432 882 putant,
1453 827 1606 866 Phere-

149 899 270 953 cydes
292 899 464 952 Syrius.
527 897 646 944 Quod
667 902 841 936 metrum
862 901 959 935 ante
979 895 1212 935 Homerum
1233 894 1436 949 Pythium
1455 894 1610 935 dictum

151 972 224 1014 est,
243 972 336 1020 post
357 966 590 1005 Homerum
611 964 818 1004 heroicum
840 963 1112 1003 nominatum.

1300 288 1452 326 Omnia
1492 288 1598 327 enim

209 1032 301 1072 Hoc
317 1038 454 1072 autem
471 1038 647 1073 metrum
664 1032 911 1071 auctoritate
931 1036 1065 1070 cetera
1085 1035 1217 1070 metra
1233 1029 1434 1085 prcecedit
1446 1045 1459 1068 .·
1480 1043 1611 1068 unum

152 1115 202 1140 ea·
223 1101 414 1140 omnibus
436 1106 518 1140 tam
552 1099 748 1138 maa'imis
774 1098 967 1154 operibus
988 1104 1153 1152 Saptum
1183 1098 1434 1153 apparuisse
1456 1097 1611 1152 gravi-

153 1169 331 1223 tatisque
362 1182 410 1207 ac
440 1166 670 1207 dulcedinis
706 1179 833 1221 cequae
863 1179 1015 1220 capam.
1094 1165 1253 1213 Quibus
1283 1165 1511 1205 virtutibus
1544 1177 1615 1203 no-

154 1250 246 1275 men
276 1235 407 1275 solum
437 1235 630 1283 obtinuit,
659 1239 706 1274 ut
735 1234 944 1273 heroicum
979 1239 1212 1283 vocaretur,
1239 1233 1295 1272 ad
1326 1231 1615 1272 memorandas

153 1303 308 1343 scilicet
345 1302 537 1360 ‘heroum
568 1315 650 1342 res.
725 1301 840 1340 IVam
877 1306 915 1340 et
944 1315 1040 1355 pra>
1074 1301 1220 1340 ceteris
1249 1299 1616 1355 Vsiinplicissimus

154 1371 341 1419 liabetur,
361 1375 599 1425 constatque
620 1383 640 1409 e
659 1368 817 1410 duobus
836 1369 1032 1424 pedibus,
1053 1368 1215 1424 dactylo
1242 1374 1279 1409 et
1307 1368 1496 1423 spondio.
1557 1367 1617 1406 Ac

157 1506 229 1545 tiae,
252 1516 362 1552 quain
393 1502 599 1539 claudicare
625 1502 857 1538 arbitraban-

158 1566 230 1599 tur,
258 1570 343 1593 suas
378 1556 539 1592 fure-illas
567 1556 857 1606 applicaverunt.

157 1611 249 1647 Tale
288 1609 376 1658 quid
424 1610 718 1646 animadvertere
767 1609 858 1645 mihi

158 1664 286 1700 videor
306 1663 342 1699 in
364 1661 529 1713 proxime
549 1663 720 1712 sequenti
739 1662 860 1711 capite

161 1716 291 1753 Isidori
331 1730 368 1766 p.
390 1717 478 1764 853.
516 1729 565 1751 vs.
590 1728 622 1751 2.
659 1715 719 1752 ubi
762 1729 861 1752 nunc

160 1771 303 1807 editur:
349 1770 521 1817 Pythium
553 1774 670 1805 autem
697 1775 861 1805 vocatum

159 1826 296 1867 volant,
317 1836 356 1859 eo
387 1824 481 1870 quod
511 1824 576 1859 hoc
599 1835 730 1870 genere
758 1824 864 1858 metri

162 1879 310 1913 oracula
339 1878 519 1924 Apollinis
550 1879 623 1912 sint
650 1878 760 1912 edita.
819 1876 862 1912 In

161 1931 218 1966 his
236 1931 389 1967 verbum
411 1936 541 1966 vocant
566 1943 640 1965 non
663 1943 682 1965 a
704 1929 863 1972 librario,

162 1983 226 2020 sed
248 1997 268 2020 a
289 1991 497 2020 correctore
526 1982 773 2031 antiquissimi
802 1996 863 2019 co-

163 2037 254 2073 dicis
274 2036 384 2085 script
394 2050 452 2072 um
473 2036 565 2073 vidi.
599 2037 755 2072 HEUS.

217 2097 249 2116 m
279 2091 382 2136 longe
413 2089 667 2136 antiquiorem]
704 2090 758 2124 Ex
795 2089 866 2124 Isi-

165 2144 256 2180 doro
305 2143 399 2179 adde
457 2142 676 2178 vocabulum
729 2155 865 2184 curam,

165 2197 264 2246 quod
296 2195 466 2232 librarius
497 2203 626 2231 noster
661 2203 799 2232 temere
826 2208 866 2231 o-

166 2249 278 2286 misit.
320 2250 474 2285 HEUS.

220 2310 239 2329 ¹¹
270 2304 491 2350 Pherecydes
522 2302 665 2349 Syrius]
704 2302 866 2338 Isidorus

166 2369 246 2405 cap.
265 2357 326 2403 38.
364 2357 487 2403 Syrus.
545 2356 603 2391 Ex
624 2355 754 2391 eodem
780 2368 866 2405 pro-

167 2410 265 2445 xima
285 2411 391 2445 solita
414 2410 616 2452 traditione,
635 2409 796 2445 emenda
814 2422 871 2445 so-

170 2465 246 2499 luta
268 2465 440 2499 oratione.
481 2462 636 2499 HEUS.

223 2522 241 2542 0
259 2518 398 2563 Appius
416 2517 607 2564 secundus]
631 2517 771 2564 Appius
793 2516 870 2552 Cce-

168 2582 230 2605 cus
276 2582 317 2604 ex
366 2569 510 2604 Isidoro
558 2569 755 2618 legendum
803 2578 870 2606 est.

170 2622 326 2658 HEUS.

222 2683 243 2710 P
263 2677 370 2711 ceteri
393 2687 463 2722 pro
490 2687 528 2710 re
553 2676 756 2722 eloquentia
787 2688 869 2712 con-

171 2729 379 2775 tenderunt]
417 2728 604 2777 Impressa
638 2728 771 2764 Isidori
805 2741 868 2765 ex-

170 2781 347 2831 emplaria
381 2781 543 2817 habent:
585 2786 620 2817 et
651 2784 758 2817 ceteri
787 2795 872 2830 pro-

169 2849 246 2871 sam
262 2837 458 2870 orationem
478 2835 725 2870 condiderunt,
767 2835 871 2872 Alter

173 2889 257 2925 MS.
290 2886 421 2924 Isidori
451 2892 487 2923 et
518 2888 627 2924 ceteri
654 2900 769 2935 prosae
798 2889 871 2924 elo-

174 2944 353 2989 quentiam
398 2942 659 2976 condiderant:
709 2941 802 2978 alter
838 2948 873 2978 et

915 1504 1022 1538 ceteri
1049 1514 1162 1549 prosae
1193 1502 1396 1549 eloquentia
1428 1502 1618 1537 contende-

915 1561 1015 1592 runt.
1050 1556 1203 1592 HEUS.

969 1616 988 1643 (1
1010 1609 1170 1644 heroicus
1191 1610 1295 1656 prior
1321 1608 1388 1654 est]
1418 1607 1528 1657 Apud
1549 1607 1619 1643 Isi-

915 1662 1047 1698 dorum
1082 1661 1224 1697 editur:
1277 1662 1447 1696 Omnibus
1483 1673 1621 1708 quoque

916 1718 1040 1751 metris
1074 1716 1255 1753 heroicum
1286 1716 1387 1761 prius
1418 1720 1478 1749 est.
1549 1713 1620 1750 Sed

918 1778 1075 1817 uterque
1097 1769 1181 1804 MS.
1210 1767 1298 1804 Isid.
1327 1768 1428 1815 prior
1447 1772 1524 1802 est:
1555 1767 1620 1803 ho-

919 1834 1076 1870 rumque
1116 1821 1209 1857 alter
1250 1820 1362 1858 etiam
1403 1821 1480 1861 hoc,
1520 1820 1620 1869 quod

921 1874 1047 1911 statim
1069 1874 1237 1924 sequitur
1267 1872 1424 1910 mutavit
1449 1873 1485 1909 in
1517 1875 1621 1909 hunc.

924 1929 1077 1964 HEUS.

975 1989 991 2008 r
1020 1981 1223 2028 Cantesius]
1264 1980 1430 2016 Isidorus
1462 1980 1623 2016 Achate-

920 2037 1002 2071 sius.
1060 2033 1249 2070 Fabricius
1271 2033 1308 2070 in
1340 2032 1514 2070 biblioth.
1538 2033 1622 2069 Lat.

923 2087 1101 2125 emendat
1121 2089 1323 2123 Hecatoeus.
1359 2087 1516 2123 HEUS.

978 2148 992 2167 s
1009 2147 1133 2189 aptum
1153 2141 1378 2189 apparuisse]
1410 2140 1626 2176 Emendant

924 2194 1058 2231 Isidori
1086 2194 1169 2230 libri
1198 2199 1336 2242 aptum,
1359 2206 1466 2242 quam
1487 2195 1623 2241 parvis,

923 2247 989 2297 ipsi
1017 2261 1102 2284 vero
1130 2260 1150 2284 e
1179 2256 1306 2283 nostro
1333 2246 1556 2283 emendandi
1588 2246 1625 2282 in

924 2314 981 2346 eo,
1015 2300 1113 2350 quod
1155 2302 1366 2350 proximum
1407 2300 1625 2336 vocabulum

921 2357 1184 2403 gravitatisque
1228 2355 1355 2404 inepte
1392 2361 1628 2390 mutaverunt

926 2409 963 2444 in
983 2410 1255 2455 suavitatisque.
1298 2407 1451 2444 HEUS.

980 2461 995 2488 t
1016 2463 1159 2497 heroum
1185 2461 1256 2508 res]
1290 2460 1445 2497 Addunt
1470 2460 1531 2496 hic
1558 2459 1628 2495 im-

927 2528 1054 2566 pressa
1066 2514 1197 2551 Isidori
1213 2513 1437 2564 exemplaria
1453 2528 1460 2549 :
1495 2514 1559 2549 lzoc
1577 2518 1629 2548 est

917 2569 1089 2618 fortium,
1121 2568 1221 2617 quod
1251 2581 1272 2604 a
1305 2568 1461 2604 vetustis
1494 2566 1628 2603 Isidori

925 2621 1198 2672 exemplaribus
1237 2629 1275 2658 et
1308 2634 1327 2657 a
1362 2628 1491 2657 nostro
1530 2627 1628 2656 recte

926 2677 1043 2712 abest.
1082 2675 1236 2711 HEUS.

976 2736 998 2764 „V
1035 2728 1329 2776 simplicissimus]
1376 2724 1629 2761 Consentiunt

928 2780 987 2818 hie
1024 2783 1137 2818 MSS.
1181 2779 1315 2817 Isidori
1353 2792 1437 2815 cum
1487 2787 1626 2814 nostro.

927 2835 1072 2871 Tamen
1099 2848 1184 2871 cum
1216 2833 1406 2883 impressis
1432 2831 1563 2868 lsidori
1584 2830 1628 2866 li-

928 2887 1001 2924 bris
1021 2888 1219 2938 legendum
1240 2894 1297 2923 est
1321 2887 1628 2933 simplicissimum.

929 2941 1080 2978 HEUS.
