1962 3355
368 171 466 231 496
972 171 1226 218 Diomedis
1623 176 1720 216 ΗΒ.
1745 187 1820 217 111.

370 291 608 338 Posterius
634 307 823 338 comma
848 307 905 335 ex
931 289 1136 336 inferiori
1169 298 1300 353 parte
1336 288 1598 335 hexametri
1633 289 1823 352 supple-

369 368 498 414 bitur
523 367 605 424 sic,

539 445 672 484 Arma
696 439 913 498 virumque
933 456 1050 491 cano,
1070 442 1141 496 qui
1153 440 1447 496 procumbente
1467 440 1638 495 Priapo.

307 546 350 575 40
433 516 791 580 Anapaesticum
834 514 1117 560 rdimetrum
1158 514 1212 558 fit
1252 511 1518 567 Sincisione,
1550 512 1684 575 cujus
1721 513 1823 560 haec

307 1469 344 1497 41

306 1920 344 1948 42

367 594 589 657 exempla
614 600 739 648 sunt,

595 669 724 723 Agite
744 681 766 706 0
784 666 929 721 pelagi
950 679 1151 715 cursores,

596 734 825 790 tCupidam
847 734 892 772 in
909 734 1099 788 patriam
1111 738 1294 789 portate.

368 818 490 864 Sunt
524 817 602 863 hic
626 816 726 862 bini
751 816 1022 880 uanapaesti,
1048 826 1128 863 aut
1153 816 1295 880 pedes
1315 817 1394 880 qui
1421 817 1565 880 recipi
1586 817 1751 872 solent,
1772 817 1822 864 in

369 893 465 939 imo
492 902 650 939 autem
688 893 914 939 bacchius
945 900 1029 951 est,
1055 893 1135 955 qui
1169 901 1352 939 constat
1378 911 1434 939 ex
1460 894 1642 939 duabus
1668 893 1822 956 longis

367 979 416 1016 et·
445 969 589 1026 brevi,
622 978 734 1015 Vaut
771 970 1020 1027 molossus,
1044 969 1125 1032 qui
1162 978 1349 1016 constat
1379 987 1438 1015 ex
1472 969 1622 1016 tribus
1655 970 1821 1033 longis.

365 1046 592 1092 Alienum
631 1054 790 1092 autem
828 1045 999 1110 pedem
1045 1054 1195 1091 metra
1236 1046 1325 1092 nisi
1367 1045 1614 1110 recipiant,
1652 1046 1822 1093 modus

367 1141 461 1169 non
487 1122 624 1168 facile
652 1122 829 1179 finitur,
853 1130 954 1168 vvet
977 1121 1128 1186 magis
1162 1122 1420 1186 rhythmus
1457 1131 1528 1169 est
1553 1140 1695 1185 quam
1721 1141 1823 1170 me-

365 1208 490 1246 trum
512 1218 521 1245 z
559 1207 606 1245 et
624 1199 773 1245 Varro
799 1198 916 1245 dicit
949 1198 1071 1244 inter
1102 1198 1404 1262 rhythmum,
1430 1199 1511 1262 qui
1538 1199 1713 1245 Latine
1737 1218 1823 1247 nu-

367 1293 523 1322 merus
554 1284 762 1331 vocatur,
788 1287 833 1321 et
871 1284 1076 1321 metrum
1113 1275 1246 1320 whoc
1279 1274 1518 1331 interesse,
1543 1275 1668 1338 quod
1702 1275 1823 1322 inter

368 1352 614 1397 materiam
642 1361 689 1397 et
712 1352 940 1414 regulam.

435 1427 656 1474 Dimeter
680 1444 739 1472 ex
764 1427 955 1473 Xionico
980 1426 1203 1473 Sotadico
1236 1426 1354 1473 solet
1377 1427 1476 1473 fieri
1501 1426 1623 1483 talis,

592 1511 613 1540 y
628 1505 759 1543 Venus
781 1516 832 1543 err
852 1516 1059 1543 marmore
1071 1503 1263 1559 pulchro.

367 1577 506 1623 ZHoc
529 1577 621 1623 tale
648 1586 733 1633 est,
758 1577 896 1638 quale
924 1576 1054 1631 illud,

597 1654 692 1694 Cole
712 1656 748 1693 si
772 1655 836 1693 vis
857 1654 986 1693 bonus
1007 1667 1106 1693 esse.

366 1728 493 1774 Nam
522 1727 690 1790 integri
718 1726 924 1773 Sotadici
953 1726 1233 1773 dederamus
1258 1727 1533 1790 exemplum
1565 1728 1673 1785 tale,

595 1804 741 1843 Pansa
762 1804 912 1859 optime
932 1803 1050 1843 divos
1070 1804 1164 1853 cole,
1185 1804 1223 1843 si
1245 1804 1310 1844 vis
1331 1804 1459 1844 bonus
1481 1818 1578 1844 esse.

434 1876 916 1938 Proceleusmaticum
946 1885 1150 1922 metrum
1179 1886 1249 1923 est
1272 1877 1411 1939 quale
1436 1877 1548 1925 fecit
1570 1877 1788 1934 Serenus,

594 1953 817 1993 aAnimula
837 1953 1036 1993 miserula
1049 1954 1290 2009 properiter
1310 1954 1421 1994 obiit.

421 2099 436 2118 r
455 2091 682 2138 trimetrum]
705 2093 893 2128 dimetrum
914 2093 1010 2129 AB.
1029 2093 1124 2130 Ven,
1276 2099 1290 2118 s
1312 2092 1505 2136 incisione,
1527 2091 1631 2139 cujus
1652 2093 1822 2143 exempla

368 2145 466 2193 haec]
492 2147 692 2181 incisionem
715 2144 816 2190 cujus
837 2145 909 2181 hoec
929 2159 958 2181 e.
979 2147 1022 2182 A.
1152 2149 1165 2174 t
1184 2147 1361 2195 cupidum
1384 2147 1570 2196 pateram]
1597 2148 1764 2194 cupidam
1785 2148 1821 2182 in

363 2201 522 2246 patriam
543 2199 641 2234 AB.
663 2200 829 2246 cupidam
851 2200 884 2234 in
904 2201 1118 2246 patientiam
1139 2200 1233 2235 Ven.
1355 2206 1375 2225 u
1397 2200 1523 2248 pedes,
1547 2199 1608 2248 qui
1629 2198 1738 2248 recipi
1759 2212 1820 2235 so-

368 2251 457 2288 lent.
487 2251 523 2287 in
546 2265 620 2287 uno
642 2260 763 2287 autem
787 2251 1080 2301 palimbacchius
1100 2253 1173 2300 est]
1198 2253 1362 2299 anapesti
1381 2258 1445 2288 out
1472 2254 1532 2299 qui
1557 2254 1667 2299 recipi
1691 2253 1819 2289 solent.

368 2307 403 2340 in
425 2307 495 2340 imo
513 2311 634 2340 autem
654 2310 717 2340 out
739 2305 904 2340 bacchius
923 2306 1018 2341 AB.
1041 2306 1434 2352 orzapcesti—bacehins
1453 2305 1549 2340 Ven.
1666 2312 1685 2330 V
1705 2306 1742 2340 in
1766 2305 1819 2340 al-

369 2359 464 2404 tero]
490 2364 554 2393 aut
573 2359 663 2393 AB.
688 2359 783 2393 Ven.
915 2365 955 2383 vv
975 2367 1016 2393 ut
1035 2359 1228 2406 rhythmus
1249 2357 1366 2407 magis
1385 2371 1494 2406 quarn
1517 2366 1675 2393 metrum
1695 2357 1819 2394 videa-

368 2411 444 2456 tur]
479 2416 512 2445 et
542 2412 654 2457 magis
684 2411 836 2445 rithmus
864 2416 914 2446 est
944 2424 1051 2457 qnam
1081 2416 1217 2446 metron
1246 2416 1280 2446 et
1300 2412 1395 2447 AB.
1428 2416 1468 2446 ut
1494 2411 1680 2458 rhythmus
1706 2413 1821 2458 magis

368 2475 474 2510 quam
494 2468 647 2498 metrum
669 2468 708 2497 ut
730 2463 844 2498 Varro
864 2465 952 2498 dicit
971 2467 983 2498 i
1003 2463 1096 2499 Ven.
1246 2471 1274 2488 w
1294 2464 1331 2500 id
1353 2463 1547 2510 interesse]
1572 2465 1637 2500 hoe
1656 2466 1821 2500 interesse

367 2517 461 2552 A.B.
485 2518 650 2551 interesse
669 2515 763 2550 Ven.
914 2523 933 2541 Χ
954 2516 1124 2563 heroico]
1151 2518 1263 2552 ionico
1283 2518 1375 2553 AB.
1537 2524 1557 2551 Y
1576 2517 1689 2564 vives]
1712 2530 1820 2554 venus

367 2570 460 2605 AB.
484 2581 574 2604 imus
594 2569 688 2603 Ven.
800 2575 817 2593 z
839 2568 909 2604 hoc
929 2569 1012 2605 tale.
1057 2569 1212 2618 Optime
1232 2569 1335 2606 divos
1355 2570 1436 2606 cole
1456 2569 1482 2605 si
1505 2571 1556 2606 Vis
1576 2571 1696 2607 bonus
1716 2571 1813 2618 esse]

370 2623 435 2658 hoc
454 2623 526 2657 tale
546 2627 597 2657 est
617 2622 721 2669 quale
748 2622 838 2656 illud
869 2623 944 2665 cole
972 2624 1001 2657 si
1029 2625 1078 2658 ris
1105 2624 1213 2658 bonus
1239 2636 1321 2660 esse.
1373 2623 1470 2659 Nom
1496 2625 1627 2671 integri
1658 2624 1820 2660 Sotadici

369 2677 579 2711 dederamus
605 2675 799 2721 exemplum
829 2676 912 2719 tale,
940 2688 1052 2723 pensa
1084 2675 1222 2723 (panso
1247 2679 1309 2722 A.)
1342 2679 1472 2725 optime
1497 2678 1585 2712 duos
1616 2678 1731 2721 (clivos
1749 2678 1816 2722 A.)

369 2730 444 2764 cole
462 2731 497 2763 si*
512 2730 563 2764 vis
585 2729 692 2763 honus
711 2740 793 2763 esse.
837 2729 1179 2765 Prot-eleumczticum
1203 2736 1354 2767 metrum
1374 2731 1467 2766 AB.
1616 2737 1635 2756 a
1653 2729 1814 2777 anicula]

370 2783 533 2818 animula
554 2783 596 2817 A.
619 2782 792 2816 animalia
814 2782 907 2816 Ven.
947 2783 1045 2818 Tum
1074 2785 1241 2819 misernla
1263 2784 1355 2820 AB.
1385 2796 1451 2833 pro
1479 2788 1613 2819 tenera.
1643 2784 1679 2818 in
1697 2784 1818 2819 secula

371 2835 465 2871 Ven.
499 2835 592 2870 Mox
608 2835 812 2881 properiter
833 2842 1060 2883 propropter
1081 2838 1148 2872 iter
1168 2838 1225 2872 Sc.
1245 2845 1283 2872 et
1304 2837 1512 2873 Putschius.
1542 2837 1594 2872 Et
1613 2837 1666 2872 sic
1685 2835 1817 2884 Sciop-

370 2889 452 2937 pius
474 2888 583 2937 Susp.
605 2888 707 2924 Lect.
730 2888 775 2923 V.
797 2899 856 2923 22.
878 2901 912 2936 p.
930 2900 1016 2936 291.
