1962 3355
332 215 428 252 342
800 203 954 250 Atilii
979 202 1332 249 Fortunatiani
1602 214 1710 244 PAR.
1730 215 1784 245 11.

747 371 879 422 CAP.
906 369 980 419 X.
1024 372 1108 421 De
1134 368 1366 420 icmzbico.

401 471 623 534 Sequitur
668 479 722 515 ut
768 469 825 515 de
880 468 1086 514 iambico
1131 466 1285 511 dicere
1331 465 1604 519 debeamus,
1650 462 1784 524 cujus

337 556 577 593 auctorem
614 545 690 592 alii
714 545 1074 597 Archilochum,
1099 542 1173 587 alii
1213 541 1569 604 Hipponactcm
1606 540 1786 585 volunt.

338 623 429 670 Sed
456 623 639 687 primus
666 621 908 666 Homerus
935 620 1026 665 hoe
1052 636 1162 664 usus
1187 627 1257 664 est
1281 617 1328 663 in
1354 616 1599 679 fMargite,

535 702 786 743 Μαθετικεισ
806 717 872 741 και
898 703 1026 753 οφωνα
1048 695 1166 756 γέρων
1189 702 1253 740 καὶ
1279 699 1375 744 θεῖος
1398 692 1526 744 ἀοιδὸς

536 774 732 818 Μουσάων
756 774 923 833 θεράπων
946 769 1012 816 καὶ
1037 769 1231 826 ἑκηβόλου
1253 768 1499 819 Ἀπόλλωνος

602 846 725 906 φίλην
750 846 846 908 ’ἔχων
871 847 906 893 ἐν
929 845 1068 909 χερσὶν
1091 846 1304 907 εὔφθογγον
1327 845 1459 907 λύραν.

340 925 554 972 Iambica
590 923 820 969 maledica
857 922 1067 968 carmina
1096 922 1350 985 appellant,
1374 919 1499 983 quod
1538 920 1627 964 hoc
1657 918 1790 982 pede,

341 1002 430 1047 hoc
479 1009 549 1046 cst
597 1008 764 1056 metro,
811 999 955 1044 golim
1006 999 1207 1045 lacerare
1255 1007 1302 1043 et
1347 995 1514 1041 laedcre
1562 995 1789 1040 solebant.

340 1077 582 1124 Iambicus
607 1076 688 1138 qui
715 1075 926 1121 trimeter
950 1085 1021 1122 est
1049 1075 1278 1121 minimus
1301 1073 1505 1137 syllabas
1532 1072 1675 1117 habet
1699 1086 1792 1124 ΧΠ,

340 1163 406 1209 ut,

568 1219 728 1259 Beatus
748 1219 816 1258 ille
835 1219 904 1274 qui
917 1218 1069 1273 procul
1088 1218 1281 1272 negotiis.

342 1303 423 1366 qui
450 1302 688 1348 maximus
711 1318 842 1358 xvu,
867 1310 932 1358 ut,

514 1378 696 1434 hRapite
717 1380 834 1434 agite
849 1391 1054 1432 proceres,
1077 1379 1212 1432 rapite
1232 1392 1254 1417 o
1259 1378 1472 1431 juvenum
1493 1376 1624 1415 decus.

311 1478 326 1498 2
347 1451 444 1498 Hic
467 1451 639 1497 Latine
665 1450 886 1506 senarius,
911 1449 1036 1512 quod
1063 1450 1203 1513 pedes
1230 1467 1310 1495 sex
1337 1448 1576 1511 simplices
1607 1448 1793 1503 habeat,

347 1529 515 1574 Graece
538 1526 764 1582 trimeter,
781 1526 906 1588 quod
934 1536 1024 1572 tres
1050 1525 1281 1589 idipodias
1302 1525 1489 1580 habeat,
1515 1523 1793 1587 appellatur.

346 1605 547 1650 Constat
583 1613 738 1649 autem
776 1603 937 1648 iambo
962 1619 1045 1648 suo
1079 1602 1305 1665 principe.
1374 1601 1504 1646 Nam
1529 1618 1688 1647 versus
1714 1599 1793 1661 qui

346 1680 437 1726 kex
475 1680 565 1726 hoc
600 1696 695 1725 uno
727 1688 798 1724 est
832 1678 1073 1740 legitimus
1109 1678 1339 1724 iambicus
1371 1677 1473 1732 erit,
1507 1693 1650 1739 quem
1683 1674 1798 1739 ὄρθιον

346 1765 533 1812 vocant,
558 1764 609 1801 ut
633 1754 732 1800 lille
757 1764 842 1811 est,

574 1832 733 1871 Beatus
752 1832 821 1871 ille
840 1832 911 1886 qui
930 1831 1077 1885 procul
1093 1831 1285 1886 negotiis.

348 1905 440 1951 Sed
476 1905 678 1960 iambus,
702 1913 755 1949 ut
780 1904 843 1949 ait
870 1904 1116 1960 Horatius,
1151 1903 1412 1967 spondeum
1440 1903 1488 1948 in
1514 1912 1695 1966 partem
1731 1919 1800 1947 rc.-

350 1981 481 2045 cipit,
506 1981 586 2043 qui
624 1998 706 2043 pes
738 1983 898 2027 omnia
923 1998 1043 2044 pene
1080 1990 1227 2026 metra
1252 1989 1387 2026 ornat
1411 1989 1552 2042 atque
1576 1979 1800 2042 disponit.

315 2074 333 2103 3
353 2059 477 2106 Item
514 2058 685 2104 solutio
709 2058 865 2121 longae
903 2058 949 2104 in
987 2058 1146 2103 iambo
1175 2057 1446 2120 tribrachyn
1483 2056 1609 2113 facit,
1635 2056 1803 2102 alteru-

351 2135 467 2180 trius
515 2134 666 2197 longae
704 2133 899 2197 spondei
949 2143 1030 2180 aut
1075 2134 1317 2196 dactylum
1369 2142 1450 2179 aut
1496 2142 1800 2195 anapaestum.

355 2210 573 2272 Utraque
613 2210 737 2256 enim
778 2211 918 2273 longa
955 2209 1149 2273 spondei
1190 2210 1236 2255 in
1274 2209 1479 2255 iambico
1516 2218 1668 2254 metro
1708 2224 1801 2252 non

354 2295 510 2351 potest
548 2286 679 2332 solvi.
748 2286 896 2331 Fiunt
932 2303 1042 2348 ergo
1078 2285 1126 2331 hi
1160 2285 1361 2330 universi
1395 2284 1537 2348 pedes
1567 2284 1802 2346 quinque:

356 2363 661 2410 inveniuntur
700 2379 884 2425 semper
923 2362 970 2407 hi
1009 2379 1172 2407 onmes
1209 2361 1547 2424 incipientibus
1585 2360 1715 2416 locis,
1758 2360 1803 2405 id

355 2448 426 2486 est
460 2438 822 2494 sublationibus,
847 2455 951 2500 quae
987 2437 1088 2484 loca
1124 2438 1322 2501 imparia
1346 2437 1538 2500 quidam
1577 2445 1805 2492 nlvocant,

410 2597 425 2625 f
441 2598 610 2646 margite]
634 2600 797 2645 margine
817 2597 862 2633 V.
877 2598 938 2646 qui
961 2598 1013 2633 sic
1033 2596 1154 2647 pergit
1171 2613 1177 2633 :
1210 2601 1417 2635 Μαθετικεισ
1437 2614 1492 2634 και
1511 2605 1618 2647 οφωνα
1635 2613 1731 2645 γερων
1750 2614 1805 2631 και

358 2656 434 2694 θειος
466 2654 563 2693 amen<
588 2667 736 2698 μουσαων
762 2653 876 2698 θεραπν
909 2667 963 2686 και
994 2652 1144 2694 εκηβολου
1175 2658 1358 2693 Απολλωνος
1387 2657 1483 2700 φιλην
1516 2667 1611 2696 εχωον
1638 2667 1668 2686 εν
1698 2666 1807 2696 χερσιν

357 2711 508 2754 ἀφιοντον
525 2711 641 2752 λυγαρ.
752 2710 772 2738 g
793 2705 875 2739 olim
896 2716 970 2739 om.
992 2704 1038 2739 V.
1158 2702 1179 2729 h
1199 2705 1335 2751 Rapite
1355 2706 1452 2751 agite
1467 2716 1631 2751 proceres
1650 2704 1767 2750 rapite
1787 2714 1807 2736 o

350 2759 523 2807 juvenum
544 2759 649 2793 decus
667 2757 714 2791 V.
824 2754 834 2782 i
853 2758 1016 2804 dipodius
1036 2757 1204 2804 habebat]
1227 2759 1379 2804 συζυγίας
1399 2757 1530 2793 habeat
1552 2757 1595 2793 V.
1723 2753 1744 2780 k
1765 2767 1808 2790 ex

359 2813 447 2859 uno]
469 2824 510 2846 ex
532 2811 596 2846 hoc
616 2822 685 2846 uno
706 2810 752 2845 V.
915 2807 926 2835 1
956 2811 1015 2845 ille
1043 2810 1117 2859 est]
1147 2809 1263 2846 Addit
1282 2811 1327 2846 V.
1354 2811 1487 2846 Beatus
1516 2812 1576 2846 ille
1595 2810 1656 2856 qui
1679 2809 1809 2855 procul

359 2866 521 2912 negotiis.
654 2869 685 2888 m
704 2867 833 2898 vocant
852 2875 922 2898 ηοη
942 2864 1010 2898 nisi
1030 2865 1091 2909 qui
1112 2865 1271 2900 brevibus
1290 2865 1463 2912 incipiunt
1482 2865 1657 2899 dimetron
1679 2862 1806 2909 hyper-

359 2919 561 2954 catalecton
580 2922 620 2952 ut
638 2917 749 2953 valles
763 2928 830 2963 per
850 2917 938 2951 imas
957 2921 1007 2951 est
1027 2916 1074 2952 V.
