1962 3355
163 172 273 206 CAP.
296 166 368 217 17.
403 158 489 206 De
499 158 702 221 pedibus
720 158 929 204 metricis
945 157 1044 204 sive
1062 155 1486 220 signficationum.
1524 165 1613 215 471

231 280 604 344 Quinquipartes
629 287 753 333 sunt,
777 278 858 340 qui
884 277 1093 341 quinque
1125 286 1281 341 partes
1306 279 1528 325 orationis
1566 279 1619 325 li-
1641 297 1658 328 5

163 358 295 404 beras
320 356 577 421 possident,
601 365 670 412 ut,

336 434 424 473 Ora
443 434 663 473 citatorum
683 445 810 472 cursu
831 430 1002 471 detorsit
1023 445 1231 486 equorum.

231 505 501 569 Partipedes
545 513 668 560 sunt,
709 504 789 567 qui
828 504 875 549 in
919 503 1116 566 singulis
1164 503 1364 567 pedibus
1413 503 1621 567 singulas
1641 515 1660 546 6

164 590 319 644 partes
344 581 566 644 orationis
590 580 856 643 adsignant,
882 590 948 634 ut,

336 657 816 712 liffzlscentfidoflnmz'na
837 656 1016 696 candida
1036 657 1247 712 sangnine
1265 671 1426 712 sparso.

232 730 487 776 Fistulares
514 738 638 785 sunt,
662 730 742 792 qui
773 729 1001 792 paulatim
1034 739 1328 775 accrescente
1353 729 1497 792 partis
1523 746 1623 775 ora·
1645 747 1660 778 7

164 805 306 852 tionis
344 823 557 863 numero,
596 807 654 852 ab
685 805 826 851 unica
861 805 1041 869 syllaba
1079 806 1234 868 plures
1269 805 1479 868 adusque
1511 804 1623 851 gdu-

165 891 351 937 cuntur,
377 891 428 928 ut
455 881 742 928 Homericus
768 881 845 926 ille
870 881 1091 938 declarat,

364 954 391 1004 Z>
412 961 548 1021 μάκαρ
570 957 776 1021 Ἀτρείδη,
799 960 1039 1019 μοιρηγενὲς,
1065 958 1341 1017 ὀλβιόδαιμον.

233 1032 511 1096 ¹¹AEquidici
538 1043 661 1089 sunt,
689 1034 769 1096 qui
796 1034 992 1097 singulis
1029 1034 1449 1098 ipropositionibus
1478 1034 1625 1080 ἀντιθέ-
1643 1049 1662 1079 8

166 1131 254 1161 τους
279 1119 507 1173 apparant
532 1110 778 1167 dictiones,
806 1120 872 1166 ut,

336 1186 442 1226 Alba
461 1187 652 1242 ligustra
669 1187 836 1234 cadunt,
861 1188 1047 1227 vaccinia
1070 1189 1201 1242 nigra
1222 1188 1436 1242 leguntur.

166 1258 302 1304 Albis
343 1259 471 1304 enim
513 1259 646 1321 nigra
681 1260 921 1322 opposuit,
962 1259 1168 1322 ligustris
1210 1269 1368 1305 autem
1414 1259 1625 1305 vaccinia

161 1333 367 1391 J'tribuit‚
392 1343 439 1380 et
463 1333 739 1380 cadentibus
765 1335 963 1398 legenda
987 1335 1263 1398 adsignavit.

230 1411 422 1457 Teretes
462 1419 586 1465 sunt,
621 1411 702 1473 qui
739 1411 995 1458 volubilem
1036 1421 1083 1457 et
1120 1412 1436 1458 cohaerentem
1473 1411 1663 1460 conti-9

166 1495 318 1533 nuant
341 1486 616 1542 dictionem,
642 1496 708 1543 ut,

344 1564 488 1604 Torva
508 1564 793 1605 Mimalloneis
812 1565 991 1620 inflatur
1012 1565 1115 1605 tibia
1135 1565 1302 1605 bombis.

234 1637 400 1683 Sonori
439 1647 563 1694 sunt,
589 1638 670 1700 qui
707 1639 939 1703 crepitant
973 1637 1390 1702 kpronuntiatione
1426 1639 1624 1702 fragosa,
1646 1667 1684 1688 10

167 1724 214 1760 et
239 1714 533 1760 exultantem
561 1715 817 1761 informant
841 1715 1114 1771 dictionem,
1139 1725 1205 1769 ut,

340 1801 397 1841 At
417 1801 515 1841 tuba
536 1803 715 1842 terribili
735 1803 874 1843 sonitu
887 1802 1040 1857 procul
1057 1815 1136 1841 cere
1155 1816 1306 1842 canoro

337 1868 345 1896 ¹
356 1869 385 1907 I
384 1870 553 1923 ncrepui
558 1875 587 1909 t.

168 1934 229 1978 et,

284 1990 637 2046 Quadrupeslante
651 1998 818 2046 putrem
840 1993 979 2032 sonitu
1000 1993 1135 2047 quatit
1155 1992 1321 2047 ungula
1341 2006 1547 2047 campum.

234 2063 434 2109 Vocales
462 2073 584 2118 sunt,
608 2063 729 2125 ¹¹¹qui
760 2063 851 2110 alte
883 2063 1111 2127 producta
1138 2063 1392 2121 locutione,
1419 2065 1624 2111 sonanti·
1647 2084 1681 2105 ¹1

169 2139 255 2183 bus
289 2138 454 2184 litteris
494 2140 757 2185 universam
793 2139 1047 2186 dictionem
1087 2140 1339 2194 illustrant,
1365 2149 1418 2186 ut
1442 2150 1512 2187 est
1536 2141 1625 2187 “il-

169 2215 266 2260 lum
294 2214 509 2278 paeonia,

225 2355 246 2383 g
275 2347 473 2390 ducuntur,
503 2356 544 2384 ut
576 2347 804 2384 Homericus
836 2347 898 2384 ille
925 2348 1098 2385 declarat.
1131 2352 1168 2390 ὥς
1193 2348 1284 2384 εἰπὼν
1310 2351 1440 2384 πυλάων
1469 2347 1626 2391 ἐξέσσυτο

167 2405 325 2451 φαίδιμος
345 2401 487 2448 Ἕκτωρ]
512 2402 712 2444 Dicuntur,
740 2407 781 2437 ut
810 2402 1006 2438 homericus
1033 2403 1095 2437 ille
1123 2403 1297 2445 declarat,
1320 2415 1402 2438 oma
1427 2415 1512 2439 cara
1536 2404 1627 2438 tride

168 2468 226 2502 my
243 2457 364 2501 rigene
383 2455 513 2490 solbieo
527 2456 653 2490 demon
668 2455 714 2492 A.
736 2462 774 2491 et
789 2454 865 2492 fere
886 2455 929 2491 B.
948 2468 998 2491 vs.
1021 2454 1178 2491 Homeri
1200 2467 1274 2491 om.
1288 2456 1386 2492 Ven.
1454 2454 1475 2482 h
1489 2456 1626 2505 AEqui-

168 2507 258 2554 dici]
283 2508 400 2554 AEqui
419 2508 519 2542 {dicti
538 2509 586 2543 A,
751 2508 757 2530 ³
788 2507 1123 2557 propositionibus]
1150 2510 1449 2556 prepositionibus
1466 2509 1510 2546 A.
1533 2510 1626 2545 Ven.

168 2561 267 2596 Tum
290 2559 488 2596 antithetas
507 2560 603 2596 Ven.
726 2558 738 2594 J'
761 2560 949 2609 attribuit]
975 2562 1100 2598 tribuit
1119 2562 1213 2598 A.B.
1235 2562 1329 2599 Ven.
1372 2562 1491 2612 Supra
1505 2564 1627 2610 posuit

168 2614 266 2649 Ven.
413 2610 434 2637 k
455 2611 759 2660 pronuntiatione
779 2613 941 2663 fragosa]
968 2617 1301 2662 pronuntiationem
1318 2615 1514 2664 fragosam
1533 2616 1624 2651 Α.Β.

169 2667 266 2703 Ven.
373 2663 384 2690 1
404 2663 606 2713 increpuit]
634 2667 807 2702 increbuit
827 2667 921 2703 A.B.
1033 2675 1063 2694 m
1085 2667 1148 2717 qui
1168 2681 1233 2717 per
1253 2668 1327 2705 alta
1347 2668 1543 2717 producta]
1566 2670 1627 2716 qui

170 2721 244 2756 alte
259 2719 460 2767 productae
478 2718 568 2753 ΑΒ.
601 2719 660 2765 qui
680 2731 752 2754 om.
770 2720 866 2754 Ven.
977 2728 995 2746 ὓ
1014 2729 1053 2757 ut
1073 2728 1130 2757 est
1149 2721 1238 2757 illud
1254 2721 1408 2772 Virgilii.
1426 2722 1558 2756 Portus
1580 2721 1626 2757 ab

170 2785 320 2809 accessu
342 2779 532 2807 ventorum
563 2770 741 2807 immotus
764 2779 802 2807 et
822 2771 954 2822 ingens
982 2774 1068 2822 Ipse
1097 2774 1160 2810 sed
1191 2774 1369 2811 horrificis
1392 2776 1499 2822 juxta
1517 2781 1627 2809 sonat

171 2827 290 2862 AEtna
313 2824 438 2860 ruinis.
471 2824 521 2859 Et
541 2832 640 2859 totus
658 2824 792 2860 deinde
813 2823 914 2861 locus
936 2825 1013 2873 ille]
1038 2832 1078 2862 ut
1098 2833 1148 2862 est
1170 2829 1271 2863 illum
1290 2828 1443 2875 paeonia
1460 2838 1530 2861 non
1550 2839 1626 2862 meo

173 2891 304 2913 occano
334 2876 691 2924 lzyperionfittgorat
717 2889 822 2912 eruro
849 2883 928 2914 acto
952 2880 1093 2925 plastro
1122 2881 1225 2926 (euro
1251 2885 1350 2916 arcto
1370 2880 1537 2926 plaustro
1558 2879 1622 2923 A.)
