1962 3355
334 208 422 255 168
841 207 996 254 Marii
1025 206 1263 253 Victorini
1585 220 1681 250 ΜΒ.
1703 220 1777 250 111.

329 330 461 376 Solet
485 338 643 376 tamen
680 346 1023 391 nonnunquam
1053 327 1318 389 tribrachys
1356 334 1546 389 propter
1580 342 1780 387 congru-

329 406 505 452 entiam
541 405 797 451 eorundem
841 404 1008 451 iisdem
1048 404 1334 467 regionibuS,
1365 402 1537 464 quibus
1579 401 1779 453 iambus,

292 483 492 546 srecipi.
561 482 687 528 Nam
729 481 1017 543 ubicumque
1052 481 1231 543 syllaba
1265 480 1405 541 longa
1448 487 1532 534 est,
1572 477 1638 523 ibi
1676 477 1780 523 (luae

329 560 491 604 breves
517 558 625 621 poni
653 566 865 621 possunt,
891 566 1089 619 excepta
1114 555 1223 601 sede
1248 554 1431 610 ultima,
1455 570 1548 615 qua
1574 571 1654 616 pes
1679 570 1782 598 sex-

329 644 405 681 tus
441 634 687 689 clauditur,
722 632 803 695 qui
837 649 1022 694 semper
1060 640 1140 677 aut
1169 630 1356 675 iambus
1392 647 1492 676 esse
1528 629 1669 675 debet
1701 638 1782 676 aut

329 710 615 773 pariambus,
641 727 735 771 quo
763 710 814 754 fit
841 717 891 754 ut
913 707 1214 770 longissimus
1241 723 1398 752 versus
1422 706 1472 751 in
1497 723 1552 751 eo
1577 715 1782 769 septem-

329 786 480 832 decim
509 786 568 831 sit
593 786 898 848 syllabarum,
923 793 1193 847 temporum
1219 799 1327 827 vero
1352 782 1567 839 totidem,
1594 791 1711 844 quot
1735 791 1782 827 et

329 863 366 907 is
391 862 469 924 qui
505 870 688 907 constat
717 879 742 905 e
774 861 1024 907 duodecim
1065 860 1283 924 syllabis:
1322 877 1414 922 qua
1446 860 1549 923 lege
1572 859 1781 922 Wrecipit

329 937 617 1000 tribrachyn,
642 937 781 982 etiam
810 937 1078 983 Xtrochaeus
1105 935 1245 982 simili
1262 944 1531 999 temporum
1560 952 1782 981 mensura

329 1012 515 1059 admitti
557 1012 801 1076 potuisset,
837 1012 1014 1076 quippe
1047 1030 1154 1058 cum
1198 1020 1396 1073 uterque
1434 1028 1596 1057 eorum
1633 1011 1781 1056 tribus

329 1089 623 1153 temporibus
649 1099 953 1136 censeantur:
992 1089 1073 1136 sed
1106 1107 1164 1135 ne
1189 1088 1429 1152 copulatio
1454 1088 1647 1134 trochaei
1672 1105 1779 1134 cum

330 1167 488 1212 iambo
513 1166 700 1211 alterius
727 1166 862 1211 metri
890 1166 1094 1229 speciem
1127 1165 1384 1221 induceret,
1408 1174 1541 1227 yquae
1567 1173 1648 1210 aut
1671 1164 1783 1210 cho-

328 1242 511 1288 riambo
532 1250 611 1287 aut
636 1241 806 1298 ion-ico,
827 1242 1047 1302 adempta
1066 1242 1218 1306 prima
1237 1241 1364 1287 brevi
1391 1259 1483 1303 qua
1508 1241 1693 1287 iambus
1714 1241 1784 1286 inae

291 1317 460 1381 6cipit‚
495 1317 746 1363 subsistere
782 1317 1029 1375 videretur,
1069 1320 1269 1364 omissus
1306 1327 1390 1364 est.
1460 1317 1668 1363 Notatur
1704 1334 1784 1362 au-

329 1403 427 1440 tem
465 1394 511 1439 in
546 1394 789 1457 tragoediis
814 1412 971 1441 versus
1003 1412 1057 1441 ex
1092 1395 1316 1441 omnibus
1352 1395 1523 1440 iambis
1549 1393 1784 1456 composi-

331 1481 421 1527 tus,
455 1471 653 1533 ideoque
692 1470 947 1516 admodum
991 1480 1061 1517 est
1098 1489 1242 1528 rarus,
1278 1471 1471 1534 adaeque
1505 1480 1551 1516 et
1589 1470 1666 1516 ille
1701 1466 1782 1532 qui

331 1549 552 1604 secunda,
578 1557 758 1609 quarta,
776 1556 822 1592 et
844 1556 974 1592 sexta
995 1547 1102 1593 sede
1129 1546 1408 1609 spondeum,
1433 1556 1513 1593 aut
1537 1547 1614 1609 qui
1643 1563 1702 1592 ex
1727 1564 1783 1591 eo

330 1632 561 1677 creantur,
588 1623 797 1669 admittit
822 1623 866 1668 in
894 1624 1072 1686 tragico
1099 1623 1375 1669 Zdumtaxat
1400 1623 1529 1669 stilo:
1567 1640 1674 1668 nam
1702 1622 1783 1685 qui

330 1699 515 1745 comico
551 1699 819 1745 charactere
855 1717 1121 1745 sermonem
1161 1699 1417 1755 instruunt,
1441 1699 1636 1745 avitiant
1666 1699 1784 1744 iam-

330 1776 459 1831 bum,
486 1775 697 1820 admixto
722 1775 835 1821 locis
872 1775 1002 1836 bejus
1039 1774 1263 1837 spondeo,
1287 1792 1382 1836 quo
1406 1784 1455 1820 et
1478 1792 1618 1820 canor
1641 1775 1784 1836 tragi-

329 1868 411 1897 cus
447 1851 692 1913 paululum
723 1851 769 1896 in
794 1851 966 1897 fabulis
991 1851 1346 1914 comprimatur,
1371 1861 1418 1897 et
1442 1869 1598 1897 rursus
1624 1870 1649 1897 a
1673 1869 1785 1897 con-

329 1926 578 1972 suetudine
637 1927 775 1973 soluti
832 1927 1060 1972 sermonis
1113 1927 1262 1989 stylus
1310 1928 1519 1974 comicus
1566 1928 1784 1991 erigatur.

329 2004 482 2056 Quam
512 2002 886 2048 observationem
926 2003 1072 2048 nostri
1109 2003 1294 2050 fidelius
1320 2022 1463 2066 quam
1490 2004 1643 2050 Graeci
1680 2021 1786 2050 cus-

328 2077 581 2132 todierunt,
606 2078 778 2140 quibus
806 2079 954 2141 magis
979 2089 1050 2125 est
1074 2080 1119 2124 in
1153 2097 1237 2126 usu
1278 2080 1478 2126 iambus.
1531 2081 1659 2126 Nam
1685 2091 1782 2126 tam

330 2171 356 2199 a
391 2154 525 2199 nobis
561 2172 705 2216 quam
745 2155 909 2218 priscae
942 2155 1191 2202 comoediae
1227 2157 1496 2203 auctoribus
1531 2156 1657 2202 idem
1697 2156 1786 2202 fre-

329 2239 526 2291 quenter
550 2240 618 2275 est
645 2240 909 2293 usurpatus.

296 2327 311 2358 7
397 2304 488 2350 Sed
527 2313 578 2350 ut
606 2305 707 2366 jam
745 2306 801 2351 ad
832 2306 1151 2352 conditionem
1190 2307 1379 2355 iambici
1415 2309 1550 2354 metri
1576 2308 1786 2372 discipli-

332 2397 537 2442 namque
570 2381 831 2439 redeamus,
858 2392 950 2429 trcs
977 2383 1075 2444 ejus
1112 2383 1304 2446 species,
1331 2402 1413 2447 per
1432 2402 1548 2447 quas
1580 2385 1784 2449 profluit,

331 2456 480 2501 enitar
516 2457 759 2519 attingere,
785 2477 985 2520 quarum
1021 2459 1173 2522 prima
1205 2460 1421 2518 iambica,
1457 2479 1657 2523 sequens
1692 2471 1786 2508 tro-

332 2532 510 2586 chaica,
537 2534 673 2579 tertia
709 2552 763 2580 cx
803 2546 1002 2598 utroque
1038 2537 1187 2582 mixta
1221 2538 1462 2601 reperitur,
1488 2556 1595 2600 quae
1620 2556 1784 2585 omnes

331 2624 414 2671 per
451 2608 738 2655 incrementa
771 2612 1056 2674 syllabarum
1085 2630 1164 2658 sex
1190 2612 1480 2660 diversitates
1513 2632 1571 2660 ex
1608 2633 1656 2660 se
1689 2633 1785 2661 me-

332 2684 413 2729 tris
448 2684 643 2740 dabunt,
680 2704 772 2731 non
807 2688 918 2734 alias
944 2706 1085 2750 quam
1121 2689 1395 2736 hexameter
1422 2690 1603 2747 herous,
1628 2709 1653 2737 e
1677 2692 1783 2754 quis

386 2821 415 2839 W
436 2815 583 2864 recipit]
608 2817 745 2865 recepit
764 2819 801 2853 P.
918 2826 937 2844 Χ
960 2820 1179 2872 troc-liaeum]
1206 2824 1387 2858 trochaeus
1406 2823 1449 2858 Ρ.
1562 2828 1576 2850 Y
1598 2836 1678 2871 quae
1700 2825 1780 2871 aut]

333 2866 394 2916 qui
415 2875 538 2904 autem
560 2869 599 2904 P.
632 2868 725 2904 Bon
742 2870 842 2919 vulg.
865 2871 1053 2908 omissum.
1209 2883 1226 2902 Ζ
1248 2875 1457 2922 dumtaxat]
1482 2875 1569 2912 dum
1586 2876 1730 2912 adtinet
1745 2876 1785 2912 P.

333 2928 345 2942 ³
367 2920 514 2968 vitiant]
538 2921 662 2957 vitiam
688 2923 726 2957 Ρ.
835 2921 854 2948 b
874 2925 968 2971 ejus]
991 2938 1073 2960 eum
1097 2927 1134 2962 P.
