1962 3355
336 204 419 246 590
787 201 995 244 INDEX
1028 200 1336 242 CAPITUM.

561 327 601 368 3.
635 314 703 353 De
723 315 866 353 metris
886 311 1107 365 dactylicis
1113 340 1670 351 ..............................
1705 312 1788 365 368

560 383 601 421 4.
632 371 701 409 De
722 371 864 409 metris
885 368 1154 420 anapoesticis
1171 398 1672 407 ...........................
1706 379 1790 423 370

560 438 603 480 5.
635 427 704 466 De
723 432 853 466 metro
874 423 1153 464 choriambico
1171 454 1673 463 ...........................
1708 435 1790 478 372

561 485 600 523 6.
634 483 702 522 De
723 488 853 522 metro
875 481 1149 532 antispastico
1170 510 1671 519 ...........................
1706 492 1789 535 372

562 550 599 590 7.
631 539 700 578 De
721 540 867 578 ionicis
887 551 913 576 a
934 537 1088 575 minori
1113 566 1672 576 ..............................
1706 549 1787 591 373

560 595 600 634 8.
630 595 699 634 De
720 595 868 634 ionicis
889 607 914 632 a
935 593 1089 646 majori
1113 622 1670 632 ..............................
1705 605 1792 647 374

560 664 600 704 9.
631 651 699 690 De
720 651 894 690 diversis
916 655 1143 688 metrorum
1164 648 1391 702 generibus
1398 679 1671 689 ...............
1705 662 1791 703 374

332 762 556 802 RUFINI
582 762 890 802 GRAMMATIU
911 761 1263 800 ANTIOCHENSIS
1283 760 1674 801 COMMENTARIUM

446 832 495 858 IN
517 832 675 858 METRA
699 819 1019 857 TERENTIANA
1055 847 1670 857 .................................
1704 818 1787 871 378

506 900 538 924 c.
559 897 594 926 2.
627 886 695 925 De
717 886 1012 938 compositione
1032 890 1071 923 et
1092 885 1235 924 metris
1256 890 1474 924 oratorum
1511 916 1670 925 .........
1703 885 1786 939 388

330 997 686 1038 CENSORINO
709 1011 998 1037 ADscmPTcM
1023 1010 1347 1036 FRAGMENTUM
1371 1010 1429 1037 DE
1453 1010 1638 1037 METms.

503 1086 534 1110 C.
559 1084 591 1110 Ι.

557 1139 595 1167 2.

553 1196 594 1237 3.

623 1071 692 1110 De
714 1072 855 1110 metris
870 1076 909 1110 et
924 1071 1103 1123 pedihus
1109 1102 1669 1111 ..............................
1703 1085 1788 1123 404

629 1128 698 1166 De
719 1127 917 1181 legitimis
938 1128 1122 1167 numeris
1166 1158 1668 1167 ...........................
1702 1139 1785 1182 405

626 1184 695 1223 De
715 1185 901 1223 numeris
920 1184 1180 1237 simplicibus
1221 1215 1666 1224 ........................
1700 1187 1783 1235 408

328 1297 651 1336 PRISCIANI
679 1309 978 1336 GRAMMATICI
1003 1310 1060 1335 DE
1085 1310 1256 1335 METRIS
1280 1296 1522 1335 TERExTn
1547 1310 1672 1336 ALIO·

441 1367 636 1395 RUMQUE
659 1366 927 1393 COMICORUM
937 1384 1667 1393 .......................................
1701 1365 1786 1404 410

327 1466 642 1506 DIOMEDIS
675 1465 826 1504 Lnffiss
861 1465 1069 1504 ΤΕΗΤΙῑέ
1106 1496 1665 1505 ..............................
1700 1479 1784 1517 422

500 1553 535 1577 c.
556 1550 591 1577 2.
623 1538 692 1576 De
704 1539 871 1590 poetica
880 1568 1666 1578 ..........................................
1699 1553 1780 1596 423

551 1607 588 1648 3.
622 1594 690 1633 De
711 1594 906 1646 rhythmo
933 1625 1664 1635 .......................................
1699 1610 1781 1652 423

550 1664 592 1700 4.
622 1651 691 1689 De
711 1655 842 1688 metro
877 1681 1663 1691 ..........................................
1731 1665 1780 1708 23

551 1719 592 1760 5.
624 1707 692 1746 De
708 1706 887 1759 pedihus
933 1737 1664 1747 .......................................
1698 1722 1781 1764 425

552 1764 590 1803 6.
624 1763 692 1802 De
714 1762 982 1815 poematibus
989 1794 1663 1804 ....................................
1698 1780 1783 1816 440

554 1830 592 1871 7.
625 1820 694 1859 De
709 1819 935 1872 generibus
952 1825 1168 1872 poematos
1192 1821 1419 1860 dramatici
1439 1821 1506 1860 vel
1525 1822 1655 1861 activi
1697 1835 1782 1872 440

553 1877 590 1915 8.
622 1876 692 1915 De
712 1877 843 1929 specie
858 1882 1074 1929 poematos
1095 1878 1326 1916 communis
1333 1908 1663 1917 ..................
1697 1892 1777 1929 441

550 1945 590 1984 9.
621 1933 689 1972 De
702 1934 912 1985 poematis
923 1933 1152 1986 generibus
1159 1964 1661 1973 ...........................
1695 1949 1783 1987 444

528 2002 588 2028 10.
628 1990 846 2028 Catholica
868 1991 917 2029 cie
937 1991 1200 2029 extremitate
1221 1990 1437 2029 nominum
1446 2022 1662 2030 ............
1697 2003 1779 2046 457

526 2058 540 2084 1
554 2059 590 2085 1.
621 2046 690 2085 De
711 2047 854 2086 metris
874 2077 1661 2087 ..........................................
1695 2049 1776 2097 461

526 2114 590 2142 12.
622 2103 690 2142 De
712 2103 920 2156 dactylico
941 2103 1182 2142 hexametro
1218 2134 1662 2143 ........................
1696 2106 1754 2155 46
1762 2119 1776 2145 ι

526 2172 590 2212 13.
620 2160 688 2198 De
709 2161 878 2198 nomine
899 2172 1039 2199 versus
1056 2159 1206 2198 heroici
1216 2191 1660 2199 ........................
1695 2162 1779 2210 462

524 2227 587 2266 14.
619 2216 688 2256 De
701 2216 1022 2269 pulchritudine
1041 2216 1195 2256 heroici
1218 2230 1358 2256 versus
1387 2247 1659 2255 ...............
1695 2219 1780 2269 464

524 2284 591 2324 15.
623 2273 692 2311 De
697 2272 868 2326 figuris
888 2286 1032 2312 versus
1053 2273 1207 2312 heroici
1213 2303 1657 2312 ........................
1693 2277 1746 2323 46
1750 2288 1776 2328 5

525 2329 589 2368 16.
622 2329 690 2368 De
706 2330 978 2369 incisionibus
985 2360 1658 2368 ....................................
1692 2331 1775 2383 467

525 2395 588 2435 17.
620 2386 689 2424 De
701 2386 882 2438 pedihus
903 2385 1084 2424 metricis
1102 2387 1185 2425 sive
1205 2384 1569 2438 significationum
1592 2390 1643 2409 »ἦ
1693 2388 1776 2440 469

525 2441 586 2479 18.
619 2442 688 2480 De
710 2442 918 2495 qualitate
939 2442 1060 2480 metri
1099 2472 1657 2482 ..............................
1691 2454 1773 2498 473

524 2509 585 2549 19.
618 2498 685 2536 De
706 2503 931 2537 metrorum
954 2498 1086 2549 specie
1099 2528 1658 2538 ..............................
1692 2511 1777 2552 474

520 2564 584 2592 20.
617 2553 685 2592 De
695 2554 850 2605 formis
865 2553 1172 2606 principalium
1198 2559 1421 2594 metrorum
1441 2586 1657 2595 ............
1691 2568 1777 2607 474

519 2620 584 2649 21.
619 2609 686 2648 De
706 2611 838 2648 modis
860 2616 1083 2649 metrorum
1099 2642 1657 2651 ..............................
1692 2624 1773 2666 475

520 2677 586 2705 22.
620 2666 688 2705 De
709 2668 942 2705 carminum
960 2668 1092 2718 specie
1099 2698 1657 2708 ..............................
1690 2669 1776 2720 476

520 2734 585 2775 23.
620 2723 688 2761 De
709 2723 916 2776 qualitate
935 2724 1169 2762 carminum
1211 2755 1655 2764 ........................
1690 2726 1775 2775 476

519 2790 586 2828 24.
618 2779 686 2818 De
700 2780 858 2831 pedum
880 2780 1049 2833 regione
1096 2811 1655 2821 ..............................
1690 2782 1775 2832 476

518 2847 583 2886 25.
615 2835 683 2874 De
704 2836 819 2888 elego
836 2841 1102 2888 pentametro
1153 2866 1654 2876 ...........................
1689 2849 1770 2888 477

519 2892 584 2931 26.
618 2892 686 2931 De
705 2892 884 2932 iambico
925 2923 1654 2933 .......................................
1688 2905 1772 2946 479

519 2957 585 3000 27.

619 2948 687 2988 De
709 2948 917 2989 trochaico
925 2979 1653 2989 .......................................
1688 2949 1772 2999 480
