1962 3355
281 323 318 352 18

285 1084 320 1114 τ’)

332 196 358 232 3
366 196 425 244 94
961 184 1171 250 Rzfinus

406 306 539 353 Idem
566 306 639 353 M.
659 306 824 354 Cicero
849 307 894 352 in
932 306 1157 352 voratore
1192 304 1250 350 de
1281 304 1479 368 pedibus
1505 312 1552 349 et
1581 303 1787 348 numeris

340 384 612 440 incisorum‚
636 384 683 430 id
702 393 774 430 est
797 386 1051 445 (ἱκομμάτων,
1068 390 1114 428 et
1131 382 1470 437 membrorum5
1488 379 1532 425 id
1554 389 1624 425 est
1648 379 1791 434 κώλων,

341 470 387 507 et
419 461 686 507 ambituum
724 461 819 506 sive
851 459 1153 511 circuituum,
1180 456 1225 501 id
1251 465 1320 501 est
1343 452 1534 519 περιόδων,
1560 455 1626 501 sic
1649 454 1790 500 dicit:

342 537 529 601 “Apud
574 537 763 583 Graecos
800 535 990 597 quidem
1025 533 1126 594 jam
1167 532 1275 578 anni
1314 531 1645 594 quadringenti
1683 539 1792 576 sunt

341 620 369 640 “
393 631 538 677 prope
579 630 685 658 cum
738 613 827 657 hoc
873 611 1112 674 probatur,
1158 625 1242 653 nos
1280 625 1430 671 nuper
1476 602 1792 670 agnovimuS.''

341 690 510 736 Postea
547 689 639 734 sic:
677 686 867 740 “Quod
904 686 938 731 si
978 703 1110 731 aures
1145 694 1242 730 tam
1281 684 1562 730 inhumanas
1599 693 1792 746 tamque

340 772 367 792 “
392 775 594 828 agrestes
631 765 821 816 habent,
848 781 906 808 ne
935 761 1313 808 doctissimorum
1342 760 1532 822 quidem
1559 761 1788 806 ¹‘virorum

340 849 367 867 ‘⁶
393 859 470 886 eos
498 839 706 886 movebit
723 838 989 885 auctoritas.
1031 838 1218 884 Omitto
1236 837 1491 882 Isocratem
1514 837 1792 899 discipulos-

340 926 368 945 “
393 935 484 980 que
503 917 603 978 ejus
629 916 900 980 SEphorum
924 924 970 961 et
988 915 1295 971 Naucratem,
1314 931 1603 976 quamquam
1625 913 1793 958 oratio-

339 998 365 1021 “
392 994 461 1040 nis
486 992 734 1039 tfaciendae
759 1001 807 1038 et
832 991 1051 1038 ornandae
1084 999 1311 1046 auctores,
1338 989 1792 1052 locupletissimique

340 1077 368 1096 ‘⁶
396 1071 481 1134 ipsi
510 1080 713 1115 oratores
739 1086 838 1114 esse
863 1068 1079 1114 debeant.
1126 1066 1217 1113 Sed
1243 1066 1377 1128 uquis
1404 1066 1653 1112 hominum
1681 1065 1792 1111 doc-

340 1154 365 1172 “
391 1147 509 1192 tior?
547 1146 650 1208 quis
677 1144 886 1191 acutior?
924 1143 1027 1206 quis
1056 1143 1105 1188 in
1129 1144 1267 1188 rebus
1291 1141 1363 1187 vel
1399 1141 1694 1187 inveniendis
1718 1141 1791 1187 vel

339 1222 650 1285 “judicandis
678 1221 825 1267 acrior
849 1220 1101 1266 Aristotele
1131 1218 1255 1265 fuit?
1294 1217 1399 1280 quis
1436 1235 1573 1280 porro
1598 1218 1791 1265 Isocrati

340 1307 365 1325 ‘⁶
393 1299 612 1345 adversus
635 1296 899 1343 infensius?
939 1296 984 1342 Is
1006 1295 1149 1358 igitur
1167 1312 1352 1340 versum
1375 1294 1420 1339 in
1442 1294 1649 1340 oratione
1668 1304 1793 1340 vetat

341 1383 369 1402 ‘⁶
395 1394 508 1430 esse,
535 1391 782 1420 numerum
814 1373 967 1435 jubet.
1026 1372 1142 1433 Ejus
1178 1370 1362 1416 auditor
1384 1370 1721 1423 VTheodectes,
1744 1371 1790 1415 in

341 1457 367 1477 “
393 1451 570 1514 primiS,
597 1459 647 1495 ut
670 1449 945 1496 Aristoteles
973 1466 1094 1510 saepe
1121 1447 1370 1510 significat,
1395 1446 1569 1508 politus
1595 1446 1793 1509 scriptor

342 1536 369 1555 ‘⁶
395 1539 536 1589 atque
573 1526 754 1581 artifex5
793 1526 882 1571 hoc
918 1525 1042 1571 idem
1077 1524 1219 1570 sentit
1256 1532 1303 1568 et
1340 1521 1565 1585 praecipit.
1635 1523 1792 1568 Theo-

342 1611 367 1630 “
392 1603 610 1667 phrastus
657 1619 766 1647 vero
807 1600 984 1646 eisdem
1033 1600 1090 1646 de
1137 1600 1274 1645 rebus
1322 1600 1463 1645 etiam
1515 1600 1791 1645 accuratius.

342 1687 367 1706 “
395 1680 515 1732 Quis
540 1695 652 1741 ergo
677 1678 788 1723 istos
813 1677 944 1733 ferat,
970 1676 1050 1738 qui
1086 1676 1170 1720 hos
1197 1684 1409 1721 auctores
1445 1693 1538 1720 non
1578 1676 1791 1738 probent,

342 1764 368 1783 “
396 1755 483 1801 nisi
509 1754 707 1800 omnino
735 1753 833 1798 liaec
859 1769 958 1797 esse
984 1753 1042 1797 ab
1068 1751 1121 1796 iis
1148 1761 1383 1814 praecepta
1409 1752 1618 1797 nesciant
1634 1751 1675 1796 ?’'‘

410 1835 463 1878 In
502 1831 630 1877 walio
670 1831 772 1876 loco
808 1829 874 1874 sic
909 1828 1051 1874 dicit:
1089 1828 1264 1874 “Fluit
1288 1828 1484 1873 omnino
1510 1846 1732 1875 numerus
1769 1847 1794 1874 a

342 1916 369 1935 “
396 1910 549 1973 primo
567 1917 615 1953 tu
625 1924 667 1952 in
690 1906 910 1952 incitatus
931 1905 1157 1950 brevitate
1176 1904 1371 1969 pedum,
1391 1913 1491 1950 tum
1517 1907 1794 1968 proceritate

343 1992 369 2011 ‘⁶
395 1984 599 2030 tardius:
637 2000 825 2030 cursum
861 1982 1186 2028 contentiones
1223 1982 1375 2045 magis
1408 1982 1678 2044 requirunt3
1717 1998 1797 2027 ex-

343 2070 368 2087 “
395 2061 651 2123 positiones
678 2076 850 2115 rerum,
874 2057 1186 2104 tarditatem.''

414 2137 432 2182 l
440 2155 465 2181 n
505 2137 593 2181 alio
631 2136 720 2182 sic:
758 2141 783 2161 “
807 2133 945 2181 xC-ar
971 2134 1027 2180 de
1043 2132 1272 2198 pfflfugis
1295 2135 1469 2181 nostris
1492 2135 1652 2195 copias
1676 2151 1796 2180 com-

344 2218 370 2238 “
393 2219 576 2273 parant
594 2219 756 2257 eontra
783 2229 881 2257 nos.
919 2210 1041 2256 Sunt
1065 2210 1143 2255 illa
1169 2210 1263 2256 duo
1289 2210 1454 2273 prima,
1475 2228 1578 2272 quae
1604 2210 1796 2270 κόμματα

343 2295 369 2313 “
395 2288 545 2333 Graeci
566 2298 749 2344 vocant,
774 2306 857 2332 nos
878 2287 1022 2332 incisa
1043 2287 1263 2345 dicimus,
1278 2287 1448 2332 deinde
1465 2287 1654 2332 tertium
1676 2295 1795 2333 κῶλον

345 2370 371 2389 “
398 2364 481 2419 illi,
508 2381 590 2409 nos
630 2365 925 2409 membrum:
963 2364 1174 2424 sequitur
1207 2381 1299 2409 non
1340 2364 1477 2426 longa
1506 2364 1583 2423 (ex
1611 2363 1794 2409 duobus

345 2447 371 2465 ‘⁶
397 2438 524 2483 enim
551 2438 775 2493 versibus,
803 2437 847 2482 id
881 2448 951 2483 est
977 2439 1200 2484 membris
1230 2439 1456 2502 perfecta)
1483 2440 1796 2502 comprehen-

343 2520 366 2540 “
394 2514 476 2569 sio,
505 2522 606 2559 XXet
631 2514 677 2558 in
709 2513 971 2576 &spondeos
997 2515 1135 2560 cadit.
1200 2515 1265 2562 Et
1291 2516 1485 2562 Crassus
1511 2516 1702 2579 quidem
1730 2517 1796 2562 sic

398 2691 416 2718 P
437 2683 611 2730 Oratore]
636 2695 666 2717 C.
690 2694 754 2729 51.
886 2689 905 2717 q
925 2685 1115 2730 κομμάτων]
1138 2688 1375 2732 ἐγκεκσμμένων
1396 2687 1492 2723 Ven.
1603 2694 1617 2712 ¹¹
1638 2686 1794 2722 virorum

345 2751 418 2772 om.
443 2737 537 2772 Ven.
650 2741 664 2760 s
684 2736 898 2784 Ephorum]
922 2736 1140 2783 Euphoruni
1163 2738 1257 2773 Ven.
1380 2740 1394 2765 t
1415 2739 1606 2786 faciendae]
1631 2740 1795 2775 facundae

345 2790 440 2826 Ven.
525 2795 547 2813 u
567 2787 648 2836 quis
670 2801 744 2824 orn.
766 2789 860 2824 Ven.
946 2796 965 2813 V
984 2790 1233 2839 Theodectes]
1257 2791 1471 2828 Theodotes
1486 2793 1579 2828 Ven.
1654 2800 1682 2817 w
1701 2792 1790 2839 alio]

344 2856 375 2878 c.
398 2843 462 2889 63.
574 2848 593 2866 ¹
615 2842 720 2878 Orat.
741 2854 771 2878 c.
794 2841 857 2877 66.
969 2848 1011 2868 XX
1031 2852 1069 2879 et
1089 2842 1145 2890 in]
1170 2853 1227 2880 est
1245 2854 1282 2881 et
1302 2844 1338 2881 in
1360 2847 1456 2882 Ven.
1552 2852 1570 2880 Y
1589 2845 1791 2894 spondeos]

343 2896 509 2945 spondeo
531 2895 624 2930 Ven.
