1962 3355
159 185 257 212 CAP.
277 187 338 213 1x.
626 177 693 215 De
714 182 845 215 metro
867 178 1155 229 antispastico.
1528 178 1611 217 553

155 283 321 325 duobus
354 285 612 335 choriambis,
635 296 676 326 et
706 286 884 342 dactylo,
909 287 988 326 ivel
1027 287 1200 342 spondio
1233 287 1316 328 sive
1344 287 1524 328 trochaeo
1552 303 1610 328 se-

155 362 322 405 quente.
385 352 529 406 Hujus
549 351 784 406 exemplum
805 368 814 392 ε

503 421 685 456 Phoenicia
704 425 798 457 veste
819 422 933 457 nitens
954 422 1029 456 ibat
1049 423 1177 458 Arion.

154 487 223 526 Ex
247 502 329 527 uno
349 487 470 527 etiam
492 487 742 538 choriambo,
765 498 805 529 et
833 488 1013 545 dactyIO,
1036 497 1077 529 et
1107 488 1281 544 spondio
1313 489 1396 529 sive
1428 489 1608 530 trochaeo
1629 499 1647 529 6

90 582 92 584 ψ
153 554 198 593 fit
220 553 296 594 hoc
319 565 493 595 metrum
515 554 598 595 ita:

642 615 742 650 Veste
762 616 879 650 nitens
900 615 973 650 ibat
991 615 1119 650 Arion.

152 690 249 730 Non
280 690 410 731 solum
434 702 570 732 autem
593 692 825 748 ¹<dactylico
846 693 940 742 fine,
964 692 1032 733 sed
1065 693 1186 733 etiam
1214 692 1380 748 duplice
1409 693 1605 735 iambico·
1629 707 1643 738 7

149 757 350 813 colophon
384 768 560 800 metrum
592 760 911 801 choriambicum
946 759 1162 801 lconcludi
1192 769 1301 800 recte
1331 769 1480 815 potest,
1515 761 1605 801 min

150 825 260 866 hunc
281 826 452 866 modum
469 843 477 866 z

343 896 463 931 Celsus
483 908 570 943 equo
595 896 775 931 Plzaenicia
796 901 889 932 vesle
908 899 1025 932 nitens
1045 902 1189 945 repente
1196 897 1323 945 fitlsit.

149 962 256 1005 Quae
286 962 492 1002 conclusio
522 962 696 1003 iambica
726 977 808 1003 non
839 963 963 1003 modo
985 973 1109 1019 npost
1136 974 1217 1004 tres
1238 964 1510 1015 choriambos,
1533 965 1603 1006 sed
1624 972 1642 1000 8

148 1038 242 1084 post
261 1030 367 1071 duos
387 1030 507 1071 etiam
530 1040 571 1070 et
592 1039 685 1086 post
708 1045 837 1070 unum
861 1045 940 1071 non
963 1030 1199 1071 indecenter
1219 1031 1393 1087 adjungi
1414 1040 1563 1087 potest.

481 1147 592 1187 CAP.
617 1147 705 1187 IX.
741 1147 808 1186 De
835 1153 963 1187 metro
984 1148 1270 1202 antispastico.

206 1229 394 1269 Metrum
425 1229 748 1285 antispasticum,
770 1230 852 1270 ⁰ita
878 1239 923 1270 ut
949 1230 1285 1280 choriambicum,
1319 1231 1531 1271 suavitatis
1561 1231 1601 1272 in
1627 1252 1637 1271 1

147 1311 188 1336 se
218 1296 319 1336 nihil
350 1297 535 1347 haberet,
559 1297 633 1338 nisi
663 1307 736 1337 aut
766 1297 984 1352 dactylico,
1006 1308 1078 1337 aut
1106 1297 1281 1338 iambico
1294 1298 1384 1346 *fine
1413 1298 1603 1339 termina-

146 1372 271 1403 retur.
316 1366 415 1404 Post
437 1375 517 1405 tres
536 1365 665 1421 igitur
683 1365 928 1419 antispastos
949 1364 1140 1419 dactylus
1160 1379 1207 1405 ac
1228 1364 1377 1405 deinde
1405 1365 1603 1420 spondius
1624 1385 1639 1406 2

146 1430 229 1471 sive
250 1431 454 1472 trochaeus
475 1432 708 1472 adhibetur.
771 1431 917 1486 Hujus
936 1431 1171 1486 exemplum
1189 1448 1197 1471 :

310 1502 423 1548 Rapit
444 1503 529 1543 tela,
552 1503 677 1537 volans
697 1514 785 1544 ecce,
807 1508 826 1535 P
834 1513 962 1548 gerens
982 1514 1087 1537 arma
1113 1503 1242 1538 Tro'z'us
1262 1502 1375 1538 heros.

145 1569 268 1618 Quod
301 1578 476 1610 metrum
509 1570 553 1610 fit
586 1569 706 1610 etiam
730 1584 775 1609 ex
802 1568 968 1609 duobus
998 1569 1275 1625 (lantispastis,
1296 1579 1337 1610 et
1357 1569 1539 1626 dactyIO,
1561 1580 1601 1611 et
1622 1589 1639 1618 3

145 1638 318 1693 spondio
339 1638 422 1678 sive
442 1638 644 1687 trochaeo,
660 1646 707 1678 ut
728 1637 804 1677 hoc
825 1648 906 1676 est:

468 1708 581 1754 Rapit
602 1708 674 1742 tela
693 1708 819 1743 volans
839 1718 916 1741 ecce
942 1706 1070 1741 Tro'z'us
1091 1705 1204 1740 heros.

145 1775 213 1814 Ex
246 1789 329 1814 uno
358 1774 464 1815 enim
496 1775 734 1831 antispastO,
757 1784 798 1814 et
827 1772 1007 1829 dactylo,
1030 1782 1070 1814 et
1101 1773 1275 1829 spondio
1306 1773 1389 1814 sive
1421 1774 1600 1815 trochaeo
1619 1795 1637 1821 4

145 1841 191 1882 fit
212 1842 291 1882 ita:

498 1902 531 1936 V
531 1902 632 1937 olaus
651 1913 729 1937 ecce
754 1901 882 1935 Tro'z'us
902 1899 1014 1935 heros.

198 2063 207 2090 i
234 2067 290 2101 vel
308 2066 455 2112 spondio
470 2066 542 2100 sive
564 2063 734 2110 trochaeo]
755 2063 844 2098 Par-

899 2066 1079 2108 xepotens,
1121 2060 1219 2096 unde
1257 2061 1469 2096 concludere
1506 2067 1600 2097 recte

144 2117 259 2154 ticula
289 2120 345 2153 vel
377 2130 398 2153 a
428 2117 525 2153 mala
559 2130 671 2152 manu
699 2116 844 2152 videtur
893 2115 1030 2162 poteris
1059 2113 1297 2150 scribendum
1318 2125 1398 2149 esse
1419 2112 1597 2161 conjicie-

143 2172 354 2207 accessisse.
386 2171 542 2206 HEUS.

198 2223 218 2249 k
239 2226 417 2272 dactylico
434 2225 525 2272 fine,
547 2224 608 2258 sed
637 2225 744 2259 etiam
773 2223 839 2257 du-

138 2279 234 2325 plice
266 2278 612 2325 iambicocolophon]
653 2276 748 2312 Haec
784 2282 842 2311 est

142 2332 324 2380 scriptura
371 2331 548 2367 librorum
599 2328 717 2365 Paris.
795 2329 839 2364 In

143 2384 303 2433 Guelph.
325 2391 426 2420 erat:
454 2384 765 2432 dactylicofinem,
781 2383 842 2417 sed

142 2440 251 2473 etiam
289 2438 465 2484 duplicem
504 2436 839 2483 iambicocolophon.

143 2490 376 2526 Vocabulum
399 2491 540 2536 duplice
566 2489 719 2525 fortasse
749 2489 842 2538 abji-

141 2543 329 2585 ciendum,
347 2542 552 2592 Mallioque
572 2541 840 2578 restituendum

142 2605 199 2633 est
226 2599 286 2632 sed
306 2598 415 2632 etiam
431 2596 715 2631 iambicocolobo.
743 2595 842 2631 Illud

141 2651 293 2697 ἰαμβικὸν
308 2648 534 2697 πενθημιμερὲς
546 2656 672 2685 noster
684 2649 839 2697 capJX.

142 2713 178 2751 5.
197 2704 312 2752 finem
334 2703 474 2738 iambici
494 2703 611 2743 metri,
633 2703 726 2748 quod
746 2702 840 2737 colo-

143 2758 209 2793 bon
229 2758 374 2797 dicitur,
396 2754 569 2804 appellat.
601 2755 754 2791 HEUS.

195 2809 206 2836 l
232 2811 395 2845 concludi
422 2813 517 2844 recte
547 2808 679 2855 potest]
713 2806 840 2843 Etiam

142 2864 220 2900 haec
241 2862 455 2899 emendatio
474 2860 576 2897 libris
594 2860 709 2897 Paris.
727 2860 837 2896 debe-

142 2925 211 2953 tur.
271 2917 315 2952 ln
344 2915 508 2965 Guelph.
530 2922 587 2951 est
615 2915 840 2950 concluderet

899 2168 996 2204 bam.
1027 2166 1184 2203 HEUS.

950 2227 982 2246 m
1010 2222 1047 2255 in
1075 2221 1168 2256 hunc
1195 2220 1356 2266 modum]
1386 2219 1491 2255 Prior
1526 2221 1595 2256 Pa-

897 2273 958 2311 ris.
982 2275 1047 2310 hoc
1064 2275 1180 2310 modo.
1212 2273 1369 2309 HEUS.

951 2335 971 2353 ¹1
999 2332 1083 2375 post
1112 2332 1183 2363 tres
1211 2326 1450 2372 choriambos]
1475 2325 1591 2363 Paris.

897 2393 969 2418 sec.
990 2381 1227 2416 choriambus.
1259 2379 1415 2416 HEUS.

952 2441 970 2460 0
1004 2435 1056 2469 ita
1093 2439 1133 2469 ut
1171 2434 1466 2481 choriambicum]
1508 2432 1592 2469 MS.

898 2488 1061 2536 Guelph.
1082 2489 1135 2522 ita
1156 2492 1190 2522 et
1210 2487 1474 2529 coriambicum,
1492 2485 1592 2535 quod

898 2549 1009 2578 antea
1046 2553 1093 2576 ex
1130 2543 1356 2590 conjectura,
1401 2551 1502 2575 nunc
1545 2551 1591 2575 ex

898 2603 1055 2643 utroque
1074 2593 1186 2629 Paris.
1202 2591 1408 2630 emendavi.
1430 2592 1591 2628 HEUS.

951 2655 970 2682 Ρ
994 2659 1122 2694 gerens
1148 2647 1269 2694 arma]
1294 2646 1388 2682 Haec
1419 2645 1492 2681 duo
1514 2657 1590 2681 ver-

897 2702 943 2737 ba
977 2700 1014 2736 in
1050 2699 1167 2736 Paris.
1199 2713 1252 2749 pr.
1288 2707 1427 2735 temere
1456 2698 1593 2733 omissa

896 2761 994 2793 sunt.
1025 2754 1184 2790 HEUS.

949 2814 969 2841 q
989 2808 1208 2854 antispastis,
1229 2811 1264 2841 et
1283 2804 1444 2851 dactylo]
1465 2804 1590 2853 Copu-

897 2859 984 2902 lam,
1020 2872 1129 2908 quam
1170 2858 1334 2907 Guelph.
1371 2856 1590 2898 excluserat,

896 2926 938 2949 ex
961 2921 1116 2962 utroque
1137 2912 1257 2949 Paris.
1276 2909 1413 2947 reduxi.
1435 2909 1590 2946 HEUS.

836 2983 906 3013 4ss
