1962 3355
270 1838 288 1864 4
293 1838 310 1866 3

270 2056 311 2084 44

334 187 428 223 402
955 179 1164 244 Rzfinus

337 304 364 323 “
391 297 586 361 longior,
612 299 692 360 qui
729 300 1113 347 commodissime
1147 309 1341 364 putatur
1364 301 1411 346 in
1449 300 1651 346 solutam
1683 318 1786 347 ora-

337 380 364 398 “
391 373 566 419 tionem
595 375 780 438 illigari,
805 394 915 422 cum
942 376 1001 421 sit
1024 376 1226 439 duplex:
1263 393 1373 421 nam
1399 384 1478 420 aut
1504 392 1528 420 e
1551 376 1693 438 longa
1717 385 1788 423 est

338 455 365 473 “
391 457 437 494 et
460 449 610 495 tribus
637 451 869 505 brevibus,
894 451 973 513 qui
999 468 1224 496 numerus
1249 450 1296 495 in
1323 450 1478 513 primo
1502 450 1641 514 viget,
1658 451 1787 512 jacet

337 531 365 549 “
393 525 439 570 in
465 534 703 572 extremo:
740 535 821 572 aut
845 544 869 571 e
894 525 1091 571 totidem
1131 525 1352 570 brevibus
1381 534 1428 570 et
1459 526 1616 589 longa,
1640 544 1784 588 quem

337 609 365 626 “
391 602 571 664 optime
601 602 765 647 cadere
801 609 994 646 censent
1018 609 1224 646 veteres:
1261 618 1349 662 ego
1374 618 1470 646 non
1506 602 1646 664 plane
1682 602 1787 663 reji-

338 684 365 702 “
391 677 478 733 cio,
504 676 582 722 sed
610 677 721 722 alios
747 686 996 739 antepono.
1063 676 1191 722 Nam
1231 677 1467 740 spondeus
1498 687 1568 723 est
1591 678 1785 740 quidem

338 759 365 777 ‘⁴
392 752 602 797 funditus
639 751 984 814 repudiandus:
1022 753 1107 798 etsi
1147 752 1273 814 quod
1310 761 1380 798 est
1416 771 1440 799 e
1471 753 1638 816 longiS,
1670 753 1786 799 hhe-

337 835 364 852 ‘⁶
392 827 540 872 betior
558 826 742 872 videtur
760 836 806 872 et
829 826 1018 883 tardior,
1040 828 1183 874 habet
1207 837 1365 874 tamen
1393 829 1610 875 stabilem
1639 846 1787 890 quen-

337 910 363 928 “
391 902 496 947 dam
525 912 570 948 et
595 920 689 947 non
722 912 964 965 expertem
998 903 1242 966 dignitatis
1278 904 1492 967 gradum,
1515 904 1561 949 in
1599 904 1787 949 incisio-

336 985 362 1003 “
390 978 530 1022 nibus
557 995 665 1023 vero
698 978 849 1023 multo
877 979 1026 1042 magis
1059 992 1106 1026 et
1131 980 1175 1026 in
1207 981 1460 1034 membris3
1494 980 1782 1044 paucitatem

336 1060 362 1078 “
391 1053 518 1098 enim
546 1052 719 1116 pedum
747 1054 974 1115 gravitate
1000 1073 1082 1101 sua
1107 1065 1153 1101 et
1176 1056 1395 1102 tarditate
1421 1056 1737 1119 compensat.”

399 1127 639 1175 iDonatus
659 1129 716 1174 de
737 1131 982 1176 structuris
1008 1140 1054 1176 et
1079 1131 1278 1194 pedibus
1305 1130 1547 1177 koratoriis
1567 1148 1787 1176 numero-

333 1223 436 1251 rum
459 1205 524 1251 sic
544 1204 684 1251 dicit:
725 1212 752 1230 “
773 1205 938 1252 Cicero
964 1206 1010 1252 in
1037 1206 1364 1253 lexornatione
1390 1206 1634 1253 sententiae
1659 1206 1786 1252 clau-

334 1288 361 1306 “
389 1281 581 1342 sulaque
616 1281 833 1342 ponenda
866 1281 1008 1327 modo
1044 1281 1354 1328 ditrochaeum
1394 1283 1563 1345 probat
1596 1281 1784 1345 pedem,

333 1363 360 1381 “
389 1355 528 1401 niodo
574 1374 740 1418 paeana
782 1357 990 1419 primum
1041 1366 1202 1420 aptum
1248 1358 1599 1420 incipientibus,
1644 1357 1785 1403 modo

333 1439 360 1456 “
386 1449 548 1494 paeana
584 1442 805 1493 quartum
845 1433 1118 1478 finientibus
1156 1451 1434 1496 congruum,
1459 1433 1601 1478 modo
1637 1433 1783 1478 doch-

333 1515 359 1531 “
388 1507 534 1552 mium
566 1525 623 1553 ex
657 1508 783 1554 brevi
821 1517 866 1554 et
902 1507 1082 1554 duabus
1118 1508 1270 1571 longis
1303 1517 1350 1554 et
1382 1508 1510 1553 brevi
1544 1517 1591 1554 et
1626 1508 1783 1571 longa,

333 1589 360 1607 “
387 1583 521 1643 cujus
546 1584 763 1646 exempla
789 1583 961 1645 posuit,
986 1585 1159 1630 amieos
1184 1590 1326 1640 tenes,
1351 1583 1492 1629 modo
1518 1584 1785 1647 amphima-

332 1666 359 1682 “
386 1676 517 1703 crum
556 1658 741 1721 pedem,
768 1668 814 1704 et
850 1677 1006 1704 rursus
1043 1659 1186 1704 modo
1211 1659 1471 1722 dactylum,
1497 1659 1639 1705 modo
1676 1677 1786 1706 ana-

332 1742 359 1758 “
385 1743 602 1796 paestum,
630 1733 771 1779 modo
797 1734 1156 1796 dithyrambum
1184 1734 1425 1780 mlaudat.”

386 1819 405 1837 ¹¹
417 1810 597 1854 Probus
623 1809 681 1854 de
707 1810 914 1855 numeris
940 1810 1179 1856 oratoriis:
1218 1817 1245 1836 “
1265 1810 1520 1856 Trochaeus
1546 1818 1593 1855 ct
1617 1820 1786 1873 Opaean

332 1893 359 1910 “
386 1885 566 1941 tertius,
600 1885 741 1931 faciet
778 1886 909 1932 illam
960 1895 1243 1932 structuram
1283 1885 1442 1932 Tullio
1481 1886 1784 1949 peculiarem,

332 1971 359 1989 ‘⁶
384 1972 511 2007 pesse
534 1961 794 2008 videatur-‚⁹⁹

398 2038 593 2084 ‘lCicero
618 2037 675 2083 dc
713 2038 923 2083 numeris
949 2047 994 2083 et
1019 2037 1220 2101 pedibus
1246 2037 1456 2083 oratoriis
1494 2038 1586 2083 sic:
1624 2045 1651 2063 “
1670 2038 1783 2084 Jam

333 2122 359 2139 ‘⁴
386 2132 534 2176 paean,
560 2113 687 2175 quod
718 2113 875 2176 plures
903 2114 1043 2159 habet
1081 2114 1283 2176 syllabas
1309 2131 1450 2175 quam
1487 2122 1595 2170 tres,
1620 2131 1786 2159 nume-

333 2198 360 2215 “
386 2208 462 2234 rus
501 2208 525 2234 a
562 2188 862 2251 quibusdam,
895 2197 1015 2233 rnon
1055 2206 1137 2251 pes
1174 2188 1387 2233 habetur.
1458 2189 1546 2233 Est
1588 2188 1782 2250 quidem

334 2273 360 2290 “
390 2272 461 2323 (ut
507 2265 628 2310 inter
673 2281 837 2309 omnes
885 2273 1068 2309 constat
1114 2263 1347 2324 antiquos,
1384 2263 1688 2308 Aristotelem
1737 2272 1784 2309 et

334 2349 360 2365 “
386 2341 789 2402 Theophrastum,
812 2338 1151 2393 Theodectem,
1182 2338 1453 2400 Ephorum)
1481 2356 1602 2384 unus
1639 2338 1783 2401 aptis-

335 2424 361 2442 “
388 2416 533 2461 simus
570 2414 784 2467 orationi,
806 2414 879 2458 vel
915 2412 1098 2469 orienti,
1125 2413 1195 2458 vel
1232 2412 1416 2469 mediae,
1442 2422 1613 2476 putant
1637 2415 1779 2460 etiam

385 2545 405 2572 h
426 2545 608 2591 hebetior]
634 2543 809 2594 abjectior
829 2543 925 2579 Ven.
1012 2541 1023 2568 i
1043 2543 1247 2592 expertem]
1271 2551 1456 2591 expartem
1478 2543 1565 2579 Ald.
1671 2541 1684 2576 J'
1705 2543 1783 2579 Do-

333 2597 585 2636 natus—dicit
604 2610 680 2633 om.
704 2597 798 2632 Ven.
943 2593 964 2620 k
984 2595 1169 2643 oratoriis]
1195 2595 1347 2630 oratoris
1368 2596 1450 2632 Ald.
1597 2594 1608 2621 l
1627 2608 1784 2632 exorna-

332 2652 451 2698 tione]
476 2649 756 2687 exordinatione
774 2648 859 2685 Ald.
997 2646 1021 2673 ll
1040 2649 1184 2697 paeana]
1209 2660 1340 2696 paeona
1359 2649 1456 2684 Ven.
1587 2655 1616 2673 m
1637 2648 1778 2696 laudet]

332 2705 458 2741 laudat
477 2704 571 2740 Ven.
591 2702 674 2737 Ald.
838 2708 857 2726 n
887 2700 1253 2737 Probus—oratoriis
1282 2714 1356 2736 om.
1383 2702 1480 2737 Ven.
1510 2702 1666 2736 oratoris
1694 2700 1780 2737 Ald.

332 2767 351 2785 0
369 2758 492 2806 paean]
519 2767 624 2805 paeon
646 2755 742 2790 Ven.
765 2762 802 2789 et
818 2754 883 2789 inf.
1047 2760 1067 2787 P
1088 2766 1166 2790 esse
1185 2753 1368 2800 videatur]
1400 2753 1565 2790 videatur
1584 2766 1663 2789 esse
1682 2754 1781 2790 Ven.

332 2816 348 2839 ‘¹
370 2812 472 2846 Orat.
495 2822 526 2845 c.
549 2808 612 2854 64.
641 2805 877 2843 Cicero—sic
898 2820 972 2843 om.
995 2807 1088 2842 Veii.
1231 2813 1246 2832 r
1268 2819 1341 2842 non
1363 2819 1429 2856 pes
1450 2806 1679 2853 nominatur]
1702 2818 1780 2842 non

332 2877 395 2912 pes
414 2863 581 2898 habetur.
604 2859 816 2896 nominatus
837 2859 918 2895 Ald.
