1962 3355
128 210 233 241 CAP.
254 201 299 251 7.
371 194 453 239 De
477 192 788 255 Syllabarum
812 198 992 237 natura
1017 198 1064 237 et
1088 192 1382 237 conneoeione.
1511 201 1570 238 43

126 315 228 360 aliae
254 330 415 359 earum
441 315 618 369 breves,
645 313 744 359 aliae
779 313 946 374 longae,
971 311 1073 357 aliae
1097 328 1391 367 communes,
1416 313 1574 374 appel-

125 390 308 441 lantum
363 388 558 444 scilicet,
602 388 726 450 quod
766 406 892 434 nunc
927 406 1012 451 pro
1056 388 1290 444 brevibus,
1326 406 1453 433 nunc
1492 406 1576 451 pro

123 465 292 527 longis,
317 473 370 510 ut
403 464 652 510 necessitas
692 465 846 521 metri,
871 473 952 510 aut
987 463 1290 526 producentis
1323 472 1404 509 aut
1437 464 1579 509 corri-

122 541 296 605 pientis
335 540 538 594 easdem,
564 540 885 603 postulaverit,
911 540 1217 602 accipiantur.
1289 539 1465 585 Positio
1499 556 1616 585 {iu-4

123 626 221 663 tem
255 619 620 662 consonantium
659 616 920 662 litterarum
961 617 1123 661 breves
1161 615 1381 677 syllabas,
1414 632 1579 661 secun-

124 692 238 739 dum
275 693 574 756 disciplinam
610 693 863 756 legemque
898 691 1106 738 metricae
1145 691 1272 748 artis,
1298 691 1440 738 efficit
1478 692 1580 737 lon-

125 787 220 833 gas.
303 769 448 824 Nam,
484 778 677 832 parente
713 777 892 825 natura,
928 768 1083 813 omnis
1120 785 1210 813 vox
1252 768 1339 813 sub
1377 768 1576 814 duorum

127 855 408 892 accentuum
455 862 569 890 sono
616 862 694 890 ore
737 845 1008 890 mortalium
1051 844 1300 907 promitur,
1348 843 1582 907 producto

127 922 305 968 scilicet
330 930 410 967 aut
435 930 675 984 correpto:
714 938 771 966 ex
797 922 969 983 quibus
1007 922 1123 967 alter
1157 920 1441 974 extenditur,
1467 920 1583 965 alter

127 998 434 1045 contrahitur.
506 998 661 1060 Igitur
686 1015 794 1043 cuni
832 999 877 1042 in
905 998 1065 1043 metris
1092 998 1231 1060 longa
1257 997 1438 1060 syllaba
1463 1013 1582 1060 opus
1602 1012 1617 1043 5

127 1084 264 1130 esset,
290 1083 342 1120 ut
365 1092 434 1130 ea,
459 1091 565 1135 quae
590 1075 742 1120 brevis
768 1074 871 1136 lege
907 1084 1085 1120 naturae
1116 1074 1298 1136 prolata
1323 1073 1584 1126 videbatur,

127 1152 269 1214 longa
303 1150 577 1203 efficeretur,
603 1168 628 1195 a
652 1150 947 1213 principibus
985 1150 1178 1196 musicae
1217 1150 1325 1196 artis
1351 1148 1586 1195 eauctori-

128 1228 215 1272 bus
256 1226 445 1289 positio,
483 1225 526 1270 id
570 1235 656 1282 est,
694 1225 891 1271 duarum
935 1226 1302 1271 consonantium
1344 1224 1584 1288 copulatio

127 1311 310 1366 reperta
347 1312 490 1364 atque
522 1301 715 1348 inducta
750 1310 835 1347 est.
906 1302 1027 1348 Haec
1062 1302 1284 1365 deinceps
1321 1300 1623 1347 observati06

127 1378 436 1426 consensione
470 1387 717 1442 poetarum
763 1379 915 1441 legem
959 1378 1114 1431 dedit3
1157 1378 1291 1440 fquae
1335 1377 1586 1424 auctorita-

127 1464 222 1501 tem
259 1454 317 1500 de
342 1464 573 1501 vetustate
608 1455 835 1518 temporis
868 1455 1075 1511 trahens,
1108 1454 1412 1518 disciplinam
1439 1453 1585 1500 veluti

129 1540 439 1578 sacrosanctae
487 1532 531 1576 in
583 1531 743 1577 metris
783 1531 1122 1577 observationis
1170 1531 1375 1577 gceteris
1418 1530 1587 1576 sanxit.

128 1608 282 1671 Igitur
312 1608 494 1671 syllaba
526 1608 677 1654 brevis
711 1617 900 1671 tempus
938 1625 1105 1664 unum,
1131 1608 1272 1670 longa
1297 1606 1407 1661 duo,
1434 1623 1587 1668 neque
1608 1626 1623 1656 7

129 1686 332 1749 amplius
357 1686 538 1749 recipit,
563 1703 621 1730 ex
648 1703 739 1747 qua
765 1685 921 1730 evenit
947 1684 1244 1747 plerumque,
1265 1683 1402 1729 metri
1429 1700 1590 1729 neces-

130 1761 266 1807 sitate
292 1771 505 1824 cogente,
530 1770 582 1807 ut
618 1779 703 1824 pro
740 1762 920 1824 syllaba
952 1761 1108 1822 longa.
1141 1760 1249 1806 duae
1279 1761 1471 1810 breves;
1508 1768 1588 1805 aut

128 1856 214 1902 pro
249 1838 433 1883 duabus
471 1838 707 1892 brevibus,
732 1855 823 1882 una
862 1838 1004 1899 longa
1039 1846 1255 1900 ponatur.
1327 1836 1381 1882 Id
1421 1834 1623 1897 l¹quodz3

130 1915 178 1960 in
217 1914 440 1959 trimetris
478 1913 775 1977 anapaestico,
812 1913 987 1968 iambo,
1023 1921 1069 1958 et
1108 1913 1274 1958 ceteris
1314 1911 1587 1972 hujusmodi

128 1990 340 2036 versibus
360 1989 498 2035 datur
523 2006 818 2051 cognoscere.
871 1989 1044 2050 Neque
1069 1989 1196 2034 enim
1233 1988 1334 2034 haec
1371 2004 1589 2034 commu-

129 2066 246 2112 tatio
270 2084 469 2111 numero
495 2074 755 2111 metrorum
777 2064 935 2121 officit,
954 2065 1326 2127 congruentibus
1352 2064 1438 2109 sub
1465 2071 1590 2108 utra-

130 2159 222 2203 que
261 2142 363 2205 lege
399 2152 668 2204 temporum
709 2140 898 2204 ispatiis
939 2149 1078 2203 atque
1118 2140 1387 2186 momentis.
1458 2137 1624 2190 Posi-9

129 2218 260 2263 tione
293 2235 403 2264 vero
438 2226 546 2263 octo
578 2216 746 2271 modis,
772 2226 823 2262 ut
864 2235 1002 2280 supra
1028 2218 1228 2263 relatum
1255 2225 1341 2271 est,
1367 2217 1503 2271 fiunt,
1528 2232 1586 2260 ex

132 2294 303 2356 quibus
341 2312 421 2339 sex
457 2293 676 2339 videntur
714 2295 888 2356 aperti:
942 2293 1000 2339 (lc
1032 2292 1235 2355 septimo
1273 2290 1415 2336 etiam
1460 2307 1587 2335 nunc

130 2380 398 2417 tractemus.
469 2371 516 2416 Si
543 2379 756 2434 correpta
788 2388 872 2433 per
908 2388 955 2415 se
989 2368 1163 2415 vocalis
1199 2368 1354 2412 littera
1390 2383 1587 2428 sequen-

129 2457 226 2493 tem
254 2449 269 2493 ἑ
294 2448 465 2493 habeat
490 2447 611 2492 inter
635 2446 751 2492 duas
777 2447 960 2492 vocales
986 2444 1311 2497 constitutam,
1335 2451 1405 2499 ut,

533 2523 773 2586 Trqjaque
797 2541 923 2569 nunc
945 2529 1113 2568 stares.

132 2598 230 2644 Hic
266 2599 392 2644 enim
431 2616 456 2644 o
495 2599 659 2644 litterae
683 2599 831 2645 vocali
859 2606 1083 2660 correptae
1118 2595 1139 2624 k
1159 2595 1355 2641 infertur
1387 2595 1401 2640 ε’
1433 2595 1586 2640 littera

186 2802 201 2821 e
221 2795 453 2843 authoribus]
477 2796 689 2832 auctoribus
709 2797 749 2832 P.
885 2793 900 2820 f
917 2807 998 2844 quae
1019 2792 1222 2830 authoritas
1242 2792 1350 2838 item]
1374 2790 1436 2841 qui
1457 2798 1585 2826 aucto-

132 2847 278 2884 ritatem
301 2849 343 2884 P.
509 2856 529 2884 g
548 2849 705 2896 caeteris]
732 2847 864 2885 ceteris
885 2848 924 2884 P.
946 2857 984 2883 et
1003 2847 1054 2883 sic
1076 2860 1174 2883 mox.
1318 2844 1339 2871 h
1359 2844 1476 2894 quod]
1501 2856 1523 2891 q
1545 2843 1583 2877 P.

133 2898 142 2926 ἱ
162 2900 311 2950 spaciis]
339 2901 465 2951 spatiis
487 2903 526 2938 P.
635 2901 658 2928 k
680 2902 851 2948 infertur]
876 2900 1043 2937 imfertur
1063 2901 1101 2936 P.

818 2974 898 3009 (32
