<?xml version="1.0" encoding="UTF-8"?>
<!DOCTYPE html PUBLIC "-//W3C//DTD XHTML 1.0 Transitional//EN"
    "http://www.w3.org/TR/xhtml1/DTD/xhtml1-transitional.dtd">
<html xmlns="http://www.w3.org/1999/xhtml" xml:lang="en" lang="en">
 <head>
  <title>
</title>
<meta http-equiv="Content-Type" content="text/html;charset=utf-8" />
  <meta name='ocr-system' content='tesseract 3.04.00' />
  <meta name='ocr-capabilities' content='ocr_page ocr_carea ocr_par ocr_line ocrx_word'/>
</head>
<body>
  <div class='ocr_page' id='page_1' title='image "./scriptoreslatini00gaisuoft/scriptoreslatini00gaisuoft_0605.png"; bbox 0 0 1962 3355; ppageno 0'>
   <div class='ocr_carea' id='block_1_1' title="bbox 523 454 1343 509">
    <p class='ocr_par' dir='ltr' id='par_1_1' title="bbox 523 454 1343 509">
     <span class='ocr_line' id='line_1_1' title="bbox 523 454 1343 509; baseline 0.001 -3"><span class='ocrx_word' id='word_1_1' title='bbox 523 454 834 507; x_wconf 90' lang='lat' dir='ltr'>INDEX</span> <span class='ocrx_word' id='word_1_2' title='bbox 889 456 1343 509; x_wconf 88' lang='lat' dir='ltr'><strong>CAPITUM.</strong></span> 
     </span>
    </p>
   </div>
   <div class='ocr_carea' id='block_1_2' title="bbox 757 620 1112 643">
    <p class='ocr_par' dir='ltr' id='par_1_2' title="bbox 757 620 1112 643">
     <span class='ocr_line' id='line_1_2' title="bbox 757 620 1112 643; baseline 0 2712"><span class='ocrx_word' id='word_1_3' title='bbox 757 620 1112 643; x_wconf 95' lang='lat' dir='ltr'><em> </em></span> 
     </span>
    </p>
   </div>
   <div class='ocr_carea' id='block_1_3' title="bbox 204 727 873 768">
    <p class='ocr_par' dir='ltr' id='par_1_3' title="bbox 204 727 873 768">
     <span class='ocr_line' id='line_1_3' title="bbox 204 727 873 768; baseline 0.004 -3"><span class='ocrx_word' id='word_1_4' title='bbox 204 727 453 767; x_wconf 89' lang='lat' dir='ltr'><strong>MARIUS</strong></span> <span class='ocrx_word' id='word_1_5' title='bbox 486 727 873 768; x_wconf 85' lang='lat' dir='ltr'>VICTORINUS</span> 
     </span>
    </p>
   </div>
   <div class='ocr_carea' id='block_1_4' title="bbox 209 817 1661 3026">
    <p class='ocr_par' dir='ltr' id='par_1_4' title="bbox 259 817 1661 1271">
     <span class='ocr_line' id='line_1_4' title="bbox 259 817 1657 876; baseline 0.001 -18"><span class='ocrx_word' id='word_1_6' title='bbox 259 817 354 858; x_wconf 87' lang='lat' dir='ltr'><strong>Lib.</strong></span> <span class='ocrx_word' id='word_1_7' title='bbox 373 818 409 858; x_wconf 93' lang='grc' dir='ltr'><em>Ι.</em></span> <span class='ocrx_word' id='word_1_8' title='bbox 432 833 467 859; x_wconf 90' lang='lat' dir='ltr'><em>c.</em></span> <span class='ocrx_word' id='word_1_9' title='bbox 490 831 524 857; x_wconf 87' lang='lat'><em>1.</em></span> <span class='ocrx_word' id='word_1_10' title='bbox 557 818 628 856; x_wconf 88' lang='lat' dir='ltr'><em>De</em></span> <span class='ocrx_word' id='word_1_11' title='bbox 649 824 740 858; x_wconf 83' lang='lat' dir='ltr'><em>arte</em></span> <span class='ocrx_word' id='word_1_12' title='bbox 753 849 1544 861; x_wconf 82' lang='grc'><strong>..........................................</strong></span> <span class='ocrx_word' id='word_1_13' title='bbox 1580 835 1619 876; x_wconf 88' lang='lat' dir='ltr'><em>p.</em></span> <span class='ocrx_word' id='word_1_14' title='bbox 1640 834 1657 860; x_wconf 87' lang='lat'>1</span> 
     </span>
     <span class='ocr_line' id='line_1_5' title="bbox 488 874 1661 921; baseline 0.003 -6"><span class='ocrx_word' id='word_1_15' title='bbox 488 886 524 916; x_wconf 82' lang='lat'><em>2.</em></span> <span class='ocrx_word' id='word_1_16' title='bbox 557 874 626 913; x_wconf 85' lang='lat' dir='ltr'><em>De</em></span> <span class='ocrx_word' id='word_1_17' title='bbox 649 888 746 913; x_wconf 77' lang='lat' dir='ltr'><em>voce</em></span> <span class='ocrx_word' id='word_1_18' title='bbox 753 906 1543 917; x_wconf 89' lang='grc'><strong>..........................................</strong></span> <span class='ocrx_word' id='word_1_19' title='bbox 1638 891 1661 921; x_wconf 79' lang='lat'>2</span> 
     </span>
     <span class='ocr_line' id='line_1_6' title="bbox 483 931 1658 989; baseline 0.004 -20"><span class='ocrx_word' id='word_1_20' title='bbox 483 944 525 985; x_wconf 82' lang='lat'><em>3.</em></span> <span class='ocrx_word' id='word_1_21' title='bbox 559 931 628 969; x_wconf 86' lang='lat' dir='ltr'><em>De</em></span> <span class='ocrx_word' id='word_1_22' title='bbox 650 931 801 971; x_wconf 80' lang='lat' dir='ltr'><em>litteris</em></span> <span class='ocrx_word' id='word_1_23' title='bbox 807 963 1541 974; x_wconf 84' lang='grc'><strong>.......................................</strong></span> <span class='ocrx_word' id='word_1_24' title='bbox 1633 948 1658 989; x_wconf 87' lang='grc'>3</span> 
     </span>
     <span class='ocr_line' id='line_1_7' title="bbox 482 987 1656 1043; baseline 0.005 -18"><span class='ocrx_word' id='word_1_25' title='bbox 482 1002 521 1039; x_wconf 87' lang='lat'><em>4.</em></span> <span class='ocrx_word' id='word_1_26' title='bbox 555 987 625 1027; x_wconf 89' lang='lat' dir='ltr'><em>De</em></span> <span class='ocrx_word' id='word_1_27' title='bbox 646 989 954 1042; x_wconf 52' lang='lat' dir='ltr'><em>orthographia</em></span> <span class='ocrx_word' id='word_1_28' title='bbox 984 1020 1545 1030; x_wconf 82' lang='grc'><strong>..............................</strong></span> <span class='ocrx_word' id='word_1_29' title='bbox 1635 1005 1656 1043; x_wconf 92' lang='grc'><strong><em>7</em></strong></span> 
     </span>
     <span class='ocr_line' id='line_1_8' title="bbox 481 1043 1658 1101; baseline 0.005 -19"><span class='ocrx_word' id='word_1_30' title='bbox 481 1054 520 1098; x_wconf 85' lang='lat'><em>5.</em></span> <span class='ocrx_word' id='word_1_31' title='bbox 555 1043 623 1083; x_wconf 90' lang='lat' dir='ltr'><em>De</em></span> <span class='ocrx_word' id='word_1_32' title='bbox 641 1045 820 1098; x_wconf 76' lang='lat' dir='ltr'><em>syllabis</em></span> <span class='ocrx_word' id='word_1_33' title='bbox 863 1077 1539 1087; x_wconf 89' lang='grc'><strong>....................................</strong></span> <span class='ocrx_word' id='word_1_34' title='bbox 1607 1060 1658 1101; x_wconf 80' lang='grc'><em>29</em></span> 
     </span>
     <span class='ocr_line' id='line_1_9' title="bbox 483 1100 1657 1158; baseline 0.002 -16"><span class='ocrx_word' id='word_1_35' title='bbox 483 1103 522 1142; x_wconf 87' lang='lat'><em>6.</em></span> <span class='ocrx_word' id='word_1_36' title='bbox 555 1100 623 1140; x_wconf 91' lang='lat' dir='ltr'><em>De</em></span> <span class='ocrx_word' id='word_1_37' title='bbox 643 1103 934 1142; x_wconf 74' lang='lat' dir='ltr'><em>enuntiatione</em></span> <span class='ocrx_word' id='word_1_38' title='bbox 958 1104 1198 1142; x_wconf 83' lang='lat' dir='ltr'><em>litterarum</em></span> <span class='ocrx_word' id='word_1_39' title='bbox 1207 1135 1539 1144; x_wconf 90' lang='grc'><strong>..................</strong></span> <span class='ocrx_word' id='word_1_40' title='bbox 1602 1105 1657 1158; x_wconf 91' lang='grc'><em>38</em></span> 
     </span>
     <span class='ocr_line' id='line_1_10' title="bbox 482 1157 1657 1214; baseline 0.003 -15"><span class='ocrx_word' id='word_1_41' title='bbox 482 1168 520 1210; x_wconf 87' lang='lat'><em>7.</em></span> <span class='ocrx_word' id='word_1_42' title='bbox 551 1157 621 1197; x_wconf 88' lang='lat' dir='ltr'><em>De</em></span> <span class='ocrx_word' id='word_1_43' title='bbox 640 1159 907 1212; x_wconf 75' lang='lat' dir='ltr'><em>syllabarum</em></span> <span class='ocrx_word' id='word_1_44' title='bbox 928 1166 1088 1199; x_wconf 86' lang='lat' dir='ltr'><em>natura</em></span> <span class='ocrx_word' id='word_1_45' title='bbox 1110 1165 1148 1199; x_wconf 88' lang='lat' dir='ltr'><em>et</em></span> <span class='ocrx_word' id='word_1_46' title='bbox 1174 1162 1429 1200; x_wconf 66' lang='lat' dir='ltr'><em>connexione</em></span> <span class='ocrx_word' id='word_1_47' title='bbox 1435 1192 1538 1201; x_wconf 91' lang='grc'><strong>......</strong></span> <span class='ocrx_word' id='word_1_48' title='bbox 1601 1175 1657 1214; x_wconf 83' lang='lat'><em>42</em></span> 
     </span>
     <span class='ocr_line' id='line_1_11' title="bbox 481 1214 1544 1271; baseline 0.004 -18"><span class='ocrx_word' id='word_1_49' title='bbox 481 1215 521 1254; x_wconf 88' lang='lat'><em>8.</em></span> <span class='ocrx_word' id='word_1_50' title='bbox 554 1214 625 1253; x_wconf 88' lang='lat' dir='ltr'><em>De</em></span> <span class='ocrx_word' id='word_1_51' title='bbox 667 1229 862 1255; x_wconf 84' lang='lat' dir='ltr'><em>mensura</em></span> <span class='ocrx_word' id='word_1_52' title='bbox 899 1217 1128 1270; x_wconf 79' lang='lat' dir='ltr'><em>longarum</em></span> <span class='ocrx_word' id='word_1_53' title='bbox 1161 1222 1200 1256; x_wconf 86' lang='lat' dir='ltr'><em>et</em></span> <span class='ocrx_word' id='word_1_54' title='bbox 1235 1217 1425 1257; x_wconf 79' lang='lat' dir='ltr'><em>brevium</em></span> <span class='ocrx_word' id='word_1_55' title='bbox 1458 1218 1544 1271; x_wconf 72' lang='lat' dir='ltr'><em>syl-</em></span> 
     </span>
    </p>

    <p class='ocr_par' dir='ltr' id='par_1_5' title="bbox 443 1272 1656 2068">
     <span class='ocr_line' id='line_1_12' title="bbox 594 1272 1654 1329; baseline 0.004 -19"><span class='ocrx_word' id='word_1_56' title='bbox 594 1272 790 1312; x_wconf 81' lang='lat' dir='ltr'><em>labarum</em></span> <span class='ocrx_word' id='word_1_57' title='bbox 803 1303 1537 1314; x_wconf 54' lang='grc'><strong>......................................</strong></span> <span class='ocrx_word' id='word_1_58' title='bbox 1599 1289 1654 1329; x_wconf 90' lang='lat'><em>49</em></span> 
     </span>
     <span class='ocr_line' id='line_1_13' title="bbox 478 1328 1656 1386; baseline 0.004 -19"><span class='ocrx_word' id='word_1_59' title='bbox 478 1341 516 1381; x_wconf 88' lang='lat'><em>9.</em></span> <span class='ocrx_word' id='word_1_60' title='bbox 548 1328 620 1367; x_wconf 90' lang='lat' dir='ltr'><em>De</em></span> <span class='ocrx_word' id='word_1_61' title='bbox 638 1330 726 1368; x_wconf 83' lang='lat' dir='ltr'><em>arsi</em></span> <span class='ocrx_word' id='word_1_62' title='bbox 746 1334 785 1368; x_wconf 87' lang='lat' dir='ltr'><em>et</em></span> <span class='ocrx_word' id='word_1_63' title='bbox 807 1329 912 1369; x_wconf 76' lang='lat' dir='ltr'><em>tlzesi</em></span> <span class='ocrx_word' id='word_1_64' title='bbox 917 1361 1536 1371; x_wconf 86' lang='grc'><strong>.................................</strong></span> <span class='ocrx_word' id='word_1_65' title='bbox 1599 1346 1656 1386; x_wconf 86' lang='lat'><em>50</em></span> 
     </span>
     <span class='ocr_line' id='line_1_14' title="bbox 452 1384 1653 1444; baseline 0.003 -21"><span class='ocrx_word' id='word_1_66' title='bbox 452 1397 517 1424; x_wconf 92' lang='lat'><em>10.</em></span> <span class='ocrx_word' id='word_1_67' title='bbox 550 1384 619 1424; x_wconf 92' lang='lat' dir='ltr'><em>De</em></span> <span class='ocrx_word' id='word_1_68' title='bbox 638 1385 835 1438; x_wconf 74' lang='lat' dir='ltr'><em>rhythmo</em></span> <span class='ocrx_word' id='word_1_69' title='bbox 859 1417 1535 1427; x_wconf 88' lang='grc'><strong>....................................</strong></span> <span class='ocrx_word' id='word_1_70' title='bbox 1599 1401 1653 1444; x_wconf 80' lang='grc'><em>53</em></span> 
     </span>
     <span class='ocr_line' id='line_1_15' title="bbox 452 1441 1654 1500; baseline 0.003 -19"><span class='ocrx_word' id='word_1_71' title='bbox 452 1454 519 1481; x_wconf 91' lang='grc'><em>11.</em></span> <span class='ocrx_word' id='word_1_72' title='bbox 553 1441 621 1480; x_wconf 86' lang='lat' dir='ltr'><em>De</em></span> <span class='ocrx_word' id='word_1_73' title='bbox 633 1442 814 1494; x_wconf 79' lang='lat' dir='ltr'><em>pedihus</em></span> <span class='ocrx_word' id='word_1_74' title='bbox 859 1473 1536 1484; x_wconf 87' lang='grc'><strong>....................................</strong></span> <span class='ocrx_word' id='word_1_75' title='bbox 1599 1456 1654 1500; x_wconf 84' lang='lat'><em>55</em></span> 
     </span>
     <span class='ocr_line' id='line_1_16' title="bbox 451 1497 1652 1557; baseline 0.004 -20"><span class='ocrx_word' id='word_1_76' title='bbox 451 1509 519 1538; x_wconf 84' lang='lat'><em>12.</em></span> <span class='ocrx_word' id='word_1_77' title='bbox 549 1497 622 1537; x_wconf 89' lang='lat' dir='ltr'><em>De</em></span> <span class='ocrx_word' id='word_1_78' title='bbox 651 1500 794 1538; x_wconf 79' lang='lat' dir='ltr'><em>metris</em></span> <span class='ocrx_word' id='word_1_79' title='bbox 801 1530 1535 1541; x_wconf 86' lang='grc'><strong>.......................................</strong></span> <span class='ocrx_word' id='word_1_80' title='bbox 1601 1505 1652 1557; x_wconf 86' lang='lat'><em>65</em></span> 
     </span>
     <span class='ocr_line' id='line_1_17' title="bbox 451 1553 1650 1613; baseline 0.003 -19"><span class='ocrx_word' id='word_1_81' title='bbox 451 1567 516 1608; x_wconf 82' lang='lat'><em>13.</em></span> <span class='ocrx_word' id='word_1_82' title='bbox 549 1553 618 1594; x_wconf 91' lang='lat' dir='ltr'><em>De</em></span> <span class='ocrx_word' id='word_1_83' title='bbox 636 1556 737 1595; x_wconf 82' lang='lat' dir='ltr'><em>colis</em></span> <span class='ocrx_word' id='word_1_84' title='bbox 758 1561 986 1596; x_wconf 73' lang='lat' dir='ltr'><em>metrorum</em></span> <span class='ocrx_word' id='word_1_85' title='bbox 1030 1587 1534 1598; x_wconf 85' lang='grc'><strong>...........................</strong></span> <span class='ocrx_word' id='word_1_86' title='bbox 1600 1573 1650 1613; x_wconf 90' lang='lat'><em>71</em></span> 
     </span>
     <span class='ocr_line' id='line_1_18' title="bbox 448 1611 1652 1665; baseline 0.003 -14"><span class='ocrx_word' id='word_1_87' title='bbox 448 1624 512 1663; x_wconf 89' lang='lat'><em>14.</em></span> <span class='ocrx_word' id='word_1_88' title='bbox 547 1611 617 1651; x_wconf 89' lang='lat' dir='ltr'><em>De</em></span> <span class='ocrx_word' id='word_1_89' title='bbox 637 1626 760 1652; x_wconf 80' lang='lat' dir='ltr'><em>versu</em></span> <span class='ocrx_word' id='word_1_90' title='bbox 799 1644 1534 1655; x_wconf 88' lang='grc'><strong>.......................................</strong></span> <span class='ocrx_word' id='word_1_91' title='bbox 1599 1628 1652 1665; x_wconf 84' lang='lat'><em>72</em></span> 
     </span>
     <span class='ocr_line' id='line_1_19' title="bbox 449 1668 1653 1726; baseline 0.003 -19"><span class='ocrx_word' id='word_1_92' title='bbox 449 1678 513 1721; x_wconf 86' lang='lat'><em>15.</em></span> <span class='ocrx_word' id='word_1_93' title='bbox 546 1668 617 1708; x_wconf 89' lang='lat' dir='ltr'><em>De</em></span> <span class='ocrx_word' id='word_1_94' title='bbox 631 1672 792 1721; x_wconf 69' lang='lat' dir='ltr'><em>poetice</em></span> <span class='ocrx_word' id='word_1_95' title='bbox 799 1700 1532 1711; x_wconf 82' lang='grc'><strong>.......................................</strong></span> <span class='ocrx_word' id='word_1_96' title='bbox 1599 1683 1653 1726; x_wconf 88' lang='lat'><em>74</em></span> 
     </span>
     <span class='ocr_line' id='line_1_20' title="bbox 449 1724 1618 1783; baseline 0.003 -19"><span class='ocrx_word' id='word_1_97' title='bbox 449 1726 513 1765; x_wconf 85' lang='lat'><em>16.</em></span> <span class='ocrx_word' id='word_1_98' title='bbox 544 1724 616 1764; x_wconf 89' lang='lat' dir='ltr'><em>De</em></span> <span class='ocrx_word' id='word_1_99' title='bbox 635 1726 803 1778; x_wconf 76' lang='lat' dir='ltr'><em>strophe</em></span> <span class='ocrx_word' id='word_1_100' title='bbox 825 1731 863 1765; x_wconf 84' lang='lat' dir='ltr'><em>et</em></span> <span class='ocrx_word' id='word_1_101' title='bbox 884 1727 1147 1780; x_wconf 75' lang='lat' dir='ltr'><em>antistrophe</em></span> <span class='ocrx_word' id='word_1_102' title='bbox 1167 1733 1206 1766; x_wconf 89' lang='lat' dir='ltr'><em>et</em></span> <span class='ocrx_word' id='word_1_103' title='bbox 1228 1729 1358 1780; x_wconf 83' lang='lat' dir='ltr'><em>epodo</em></span> <span class='ocrx_word' id='word_1_104' title='bbox 1372 1760 1532 1768; x_wconf 92' lang='grc'><strong>.........</strong></span> <span class='ocrx_word' id='word_1_105' title='bbox 1598 1743 1618 1783; x_wconf 91' lang='lat'><strong><em>7</em></strong></span> 
     </span>
     <span class='ocr_line' id='line_1_21' title="bbox 448 1781 1649 1840; baseline 0.004 -20"><span class='ocrx_word' id='word_1_106' title='bbox 448 1791 512 1829; x_wconf 85' lang='lat'><em>17.</em></span> <span class='ocrx_word' id='word_1_107' title='bbox 547 1781 617 1820; x_wconf 87' lang='lat' dir='ltr'><em>De</em></span> <span class='ocrx_word' id='word_1_108' title='bbox 638 1783 972 1834; x_wconf 84' lang='lat' dir='ltr'><em>metrorumfine</em></span> <span class='ocrx_word' id='word_1_109' title='bbox 990 1798 1061 1823; x_wconf 86' lang='lat' dir='ltr'><em>seu</em></span> <span class='ocrx_word' id='word_1_110' title='bbox 1084 1784 1283 1824; x_wconf 73' lang='lat' dir='ltr'><em>clausula</em></span> <span class='ocrx_word' id='word_1_111' title='bbox 1314 1816 1531 1825; x_wconf 91' lang='grc'><strong>............</strong></span> <span class='ocrx_word' id='word_1_112' title='bbox 1598 1798 1649 1840; x_wconf 80' lang='grc'><em>79</em></span> 
     </span>
     <span class='ocr_line' id='line_1_22' title="bbox 449 1837 1647 1897; baseline 0.004 -20"><span class='ocrx_word' id='word_1_113' title='bbox 449 1837 514 1877; x_wconf 86' lang='lat'><em>18.</em></span> <span class='ocrx_word' id='word_1_114' title='bbox 547 1838 617 1877; x_wconf 82' lang='lat' dir='ltr'><em>De</em></span> <span class='ocrx_word' id='word_1_115' title='bbox 637 1840 834 1891; x_wconf 83' lang='lat' dir='ltr'><em>epiploce,</em></span> <span class='ocrx_word' id='word_1_116' title='bbox 857 1841 902 1878; x_wconf 75' lang='lat' dir='ltr'><em>icl</em></span> <span class='ocrx_word' id='word_1_117' title='bbox 922 1846 994 1889; x_wconf 84' lang='lat' dir='ltr'><em>est,</em></span> <span class='ocrx_word' id='word_1_118' title='bbox 1014 1846 1243 1880; x_wconf 74' lang='lat' dir='ltr'><em>metrorum</em></span> <span class='ocrx_word' id='word_1_119' title='bbox 1272 1842 1536 1894; x_wconf 67' lang='lat' dir='ltr'><em>complexione</em></span> <span class='ocrx_word' id='word_1_120' title='bbox 1596 1845 1647 1897; x_wconf 82' lang='lat'><em>83</em></span> 
     </span>
     <span class='ocr_line' id='line_1_23' title="bbox 447 1894 1647 1953; baseline 0.006 -20"><span class='ocrx_word' id='word_1_121' title='bbox 447 1907 512 1947; x_wconf 89' lang='lat'><em>19.</em></span> <span class='ocrx_word' id='word_1_122' title='bbox 543 1894 610 1933; x_wconf 77' lang='lat' dir='ltr'><em>De</em></span> <span class='ocrx_word' id='word_1_123' title='bbox 632 1900 740 1934; x_wconf 84' lang='lat' dir='ltr'><em>tome</em></span> <span class='ocrx_word' id='word_1_124' title='bbox 760 1897 846 1935; x_wconf 75' lang='lat' dir='ltr'><em>sive</em></span> <span class='ocrx_word' id='word_1_125' title='bbox 867 1897 1067 1936; x_wconf 82' lang='lat' dir='ltr'><em>incisione</em></span> <span class='ocrx_word' id='word_1_126' title='bbox 1088 1911 1283 1938; x_wconf 82' lang='lat' dir='ltr'><em>versuum</em></span> <span class='ocrx_word' id='word_1_127' title='bbox 1311 1930 1528 1939; x_wconf 88' lang='grc'><strong>............</strong></span> <span class='ocrx_word' id='word_1_128' title='bbox 1595 1901 1647 1953; x_wconf 85' lang='lat'><em>85</em></span> 
     </span>
     <span class='ocr_line' id='line_1_24' title="bbox 444 1951 1647 1998; baseline 0.004 -5"><span class='ocrx_word' id='word_1_129' title='bbox 444 1963 509 1993; x_wconf 79' lang='lat'><em>20.</em></span> <span class='ocrx_word' id='word_1_130' title='bbox 543 1951 612 1991; x_wconf 89' lang='lat' dir='ltr'><em>De</em></span> <span class='ocrx_word' id='word_1_131' title='bbox 632 1966 836 1992; x_wconf 77' lang='lat' dir='ltr'><em>concursu</em></span> <span class='ocrx_word' id='word_1_132' title='bbox 859 1959 897 1992; x_wconf 88' lang='lat' dir='ltr'><em>et</em></span> <span class='ocrx_word' id='word_1_133' title='bbox 917 1955 1135 1995; x_wconf 76' lang='lat' dir='ltr'><em>collisione</em></span> <span class='ocrx_word' id='word_1_134' title='bbox 1151 1955 1360 1994; x_wconf 79' lang='lat' dir='ltr'><em>vocalium</em></span> <span class='ocrx_word' id='word_1_135' title='bbox 1368 1987 1528 1996; x_wconf 89' lang='grc'><strong>.........</strong></span> <span class='ocrx_word' id='word_1_136' title='bbox 1595 1958 1647 1998; x_wconf 88' lang='grc'><em>88</em></span> 
     </span>
     <span class='ocr_line' id='line_1_25' title="bbox 443 2008 1648 2068; baseline 0.003 -19"><span class='ocrx_word' id='word_1_137' title='bbox 443 2020 506 2049; x_wconf 80' lang='lat'><em>21.</em></span> <span class='ocrx_word' id='word_1_138' title='bbox 539 2008 606 2047; x_wconf 89' lang='lat' dir='ltr'><em>De</em></span> <span class='ocrx_word' id='word_1_139' title='bbox 627 2009 743 2048; x_wconf 78' lang='lat' dir='ltr'><em>vitiis</em></span> <span class='ocrx_word' id='word_1_140' title='bbox 762 2024 956 2050; x_wconf 73' lang='lat' dir='ltr'><em>versuum</em></span> <span class='ocrx_word' id='word_1_141' title='bbox 967 2043 1528 2053; x_wconf 90' lang='grc'><strong>..............................</strong></span> <span class='ocrx_word' id='word_1_142' title='bbox 1593 2028 1648 2068; x_wconf 88' lang='lat'><em>90</em></span> 
     </span>
    </p>

    <p class='ocr_par' dir='ltr' id='par_1_6' title="bbox 233 2064 1647 2577">
     <span class='ocr_line' id='line_1_26' title="bbox 233 2064 1647 2125; baseline 0.003 -20"><span class='ocrx_word' id='word_1_143' title='bbox 233 2064 327 2105; x_wconf 88' lang='lat' dir='ltr'>Lib.</span> <span class='ocrx_word' id='word_1_144' title='bbox 344 2065 394 2105; x_wconf 93' lang='lat' dir='ltr'><em>II.</em></span> <span class='ocrx_word' id='word_1_145' title='bbox 418 2081 451 2106; x_wconf 89' lang='lat' dir='ltr'><em>c.</em></span> <span class='ocrx_word' id='word_1_146' title='bbox 472 2077 509 2104; x_wconf 87' lang='grc' dir='ltr'><em>Ι.</em></span> <span class='ocrx_word' id='word_1_147' title='bbox 542 2064 610 2104; x_wconf 89' lang='lat' dir='ltr'><em>De</em></span> <span class='ocrx_word' id='word_1_148' title='bbox 632 2068 877 2120; x_wconf 77' lang='lat' dir='ltr'><em>prototypis</em></span> <span class='ocrx_word' id='word_1_149' title='bbox 905 2069 1116 2119; x_wconf 75' lang='lat' dir='ltr'><em>speciebus</em></span> <span class='ocrx_word' id='word_1_150' title='bbox 1136 2081 1284 2108; x_wconf 82' lang='lat' dir='ltr'><em>novem</em></span> <span class='ocrx_word' id='word_1_151' title='bbox 1311 2099 1528 2109; x_wconf 90' lang='grc'><strong>............</strong></span> <span class='ocrx_word' id='word_1_152' title='bbox 1592 2082 1647 2125; x_wconf 86' lang='lat'><em>92</em></span> 
     </span>
     <span class='ocr_line' id='line_1_27' title="bbox 471 2121 1643 2181; baseline 0.005 -21"><span class='ocrx_word' id='word_1_153' title='bbox 471 2133 507 2160; x_wconf 85' lang='lat'><em>2.</em></span> <span class='ocrx_word' id='word_1_154' title='bbox 540 2121 608 2160; x_wconf 89' lang='lat' dir='ltr'><em>De</em></span> <span class='ocrx_word' id='word_1_155' title='bbox 628 2123 838 2176; x_wconf 73' lang='lat' dir='ltr'><em>dactylico</em></span> <span class='ocrx_word' id='word_1_156' title='bbox 865 2130 996 2163; x_wconf 82' lang='lat' dir='ltr'><em>metro</em></span> <span class='ocrx_word' id='word_1_157' title='bbox 1023 2156 1526 2166; x_wconf 84' lang='grc'><strong>...........................</strong></span> <span class='ocrx_word' id='word_1_158' title='bbox 1592 2140 1643 2181; x_wconf 88' lang='grc'><em>93</em></span> 
     </span>
     <span class='ocr_line' id='line_1_28' title="bbox 466 2178 1646 2232; baseline 0.004 -14"><span class='ocrx_word' id='word_1_159' title='bbox 466 2191 506 2232; x_wconf 88' lang='grc'><em>3.</em></span> <span class='ocrx_word' id='word_1_160' title='bbox 538 2178 607 2217; x_wconf 89' lang='lat' dir='ltr'><em>De</em></span> <span class='ocrx_word' id='word_1_161' title='bbox 636 2181 890 2232; x_wconf 79' lang='lat' dir='ltr'><em>anapoestico</em></span> <span class='ocrx_word' id='word_1_162' title='bbox 912 2187 1043 2220; x_wconf 89' lang='lat' dir='ltr'><em>metro</em></span> <span class='ocrx_word' id='word_1_163' title='bbox 1080 2213 1526 2223; x_wconf 87' lang='grc'><strong><em>........................</em></strong></span> <span class='ocrx_word' id='word_1_164' title='bbox 1567 2197 1646 2224; x_wconf 92' lang='grc'><em>100</em></span> 
     </span>
     <span class='ocr_line' id='line_1_29' title="bbox 465 2235 1646 2286; baseline 0.006 -13"><span class='ocrx_word' id='word_1_165' title='bbox 465 2248 505 2286; x_wconf 87' lang='lat'><em>4.</em></span> <span class='ocrx_word' id='word_1_166' title='bbox 536 2235 605 2274; x_wconf 90' lang='lat' dir='ltr'><em>De</em></span> <span class='ocrx_word' id='word_1_167' title='bbox 626 2236 804 2276; x_wconf 80' lang='lat' dir='ltr'><em>iambico</em></span> <span class='ocrx_word' id='word_1_168' title='bbox 827 2242 957 2276; x_wconf 88' lang='lat' dir='ltr'><em>metro</em></span> <span class='ocrx_word' id='word_1_169' title='bbox 964 2270 1526 2279; x_wconf 89' lang='grc'><strong>..............................</strong></span> <span class='ocrx_word' id='word_1_170' title='bbox 1567 2241 1646 2281; x_wconf 91' lang='lat'><em>106</em></span> 
     </span>
     <span class='ocr_line' id='line_1_30' title="bbox 464 2291 1641 2351; baseline 0.006 -21"><span class='ocrx_word' id='word_1_171' title='bbox 464 2302 506 2345; x_wconf 84' lang='lat'><em>5.</em></span> <span class='ocrx_word' id='word_1_172' title='bbox 541 2291 608 2331; x_wconf 88' lang='lat' dir='ltr'><em>De</em></span> <span class='ocrx_word' id='word_1_173' title='bbox 632 2298 762 2332; x_wconf 89' lang='lat' dir='ltr'><em>metro</em></span> <span class='ocrx_word' id='word_1_174' title='bbox 784 2295 994 2334; x_wconf 77' lang='lat' dir='ltr'><em>trochaico</em></span> <span class='ocrx_word' id='word_1_175' title='bbox 1021 2326 1524 2336; x_wconf 88' lang='grc'><strong><em>...........................</em></strong></span> <span class='ocrx_word' id='word_1_176' title='bbox 1565 2310 1641 2351; x_wconf 85' lang='grc'><em>113</em></span> 
     </span>
     <span class='ocr_line' id='line_1_31' title="bbox 466 2349 1642 2406; baseline 0.006 -19"><span class='ocrx_word' id='word_1_177' title='bbox 466 2350 505 2388; x_wconf 94' lang='lat'><em>6.</em></span> <span class='ocrx_word' id='word_1_178' title='bbox 536 2349 605 2388; x_wconf 90' lang='lat' dir='ltr'><em>De</em></span> <span class='ocrx_word' id='word_1_179' title='bbox 626 2349 903 2390; x_wconf 74' lang='lat' dir='ltr'><em>choriambico</em></span> <span class='ocrx_word' id='word_1_180' title='bbox 925 2358 1056 2391; x_wconf 86' lang='lat' dir='ltr'><em>metro</em></span> <span class='ocrx_word' id='word_1_181' title='bbox 1077 2384 1524 2393; x_wconf 83' lang='grc'><strong>........................</strong></span> <span class='ocrx_word' id='word_1_182' title='bbox 1565 2367 1642 2406; x_wconf 88' lang='lat'><em>115</em></span> 
     </span>
     <span class='ocr_line' id='line_1_32' title="bbox 468 2406 1642 2461; baseline 0.005 -18"><span class='ocrx_word' id='word_1_183' title='bbox 468 2416 504 2457; x_wconf 91' lang='lat'><em>7.</em></span> <span class='ocrx_word' id='word_1_184' title='bbox 535 2406 604 2445; x_wconf 90' lang='lat' dir='ltr'><em>De</em></span> <span class='ocrx_word' id='word_1_185' title='bbox 626 2412 757 2446; x_wconf 83' lang='lat' dir='ltr'><em>metro</em></span> <span class='ocrx_word' id='word_1_186' title='bbox 778 2409 1055 2461; x_wconf 73' lang='lat' dir='ltr'><em>caetispaste&#39;co</em></span> <span class='ocrx_word' id='word_1_187' title='bbox 1076 2440 1523 2450; x_wconf 90' lang='grc'><strong>.......................</strong></span> <span class='ocrx_word' id='word_1_188' title='bbox 1564 2410 1642 2451; x_wconf 82' lang='lat'><em>118</em></span> 
     </span>
     <span class='ocr_line' id='line_1_33' title="bbox 467 2463 1643 2516; baseline 0.005 -15"><span class='ocrx_word' id='word_1_189' title='bbox 467 2463 504 2501; x_wconf 85' lang='grc'><em>8.</em></span> <span class='ocrx_word' id='word_1_190' title='bbox 536 2463 605 2501; x_wconf 92' lang='lat' dir='ltr'><em>De</em></span> <span class='ocrx_word' id='word_1_191' title='bbox 626 2468 755 2503; x_wconf 81' lang='lat' dir='ltr'><em>metro</em></span> <span class='ocrx_word' id='word_1_192' title='bbox 777 2465 913 2504; x_wconf 78' lang='lat' dir='ltr'><em>ionico</em></span> <span class='ocrx_word' id='word_1_193' title='bbox 933 2465 1001 2504; x_wconf 76' lang='grc' dir='ltr'><em>ἀπὸ</em></span> <span class='ocrx_word' id='word_1_194' title='bbox 1024 2464 1182 2516; x_wconf 78' lang='grc' dir='ltr'><em>μείζονος</em></span> <span class='ocrx_word' id='word_1_195' title='bbox 1190 2498 1523 2506; x_wconf 83' lang='grc'><strong>..................</strong></span> <span class='ocrx_word' id='word_1_196' title='bbox 1563 2478 1643 2508; x_wconf 83' lang='lat'><em>120</em></span> 
     </span>
     <span class='ocr_line' id='line_1_34' title="bbox 466 2519 1641 2577; baseline 0.006 -20"><span class='ocrx_word' id='word_1_197' title='bbox 466 2533 505 2571; x_wconf 90' lang='lat'><em>9.</em></span> <span class='ocrx_word' id='word_1_198' title='bbox 536 2519 606 2558; x_wconf 91' lang='lat' dir='ltr'><em>De</em></span> <span class='ocrx_word' id='word_1_199' title='bbox 626 2526 758 2560; x_wconf 86' lang='lat' dir='ltr'><em>metro</em></span> <span class='ocrx_word' id='word_1_200' title='bbox 779 2523 913 2561; x_wconf 82' lang='lat' dir='ltr'><em>ionico</em></span> <span class='ocrx_word' id='word_1_201' title='bbox 934 2522 1005 2560; x_wconf 72' lang='grc' dir='ltr'><em>ἀπὸ</em></span> <span class='ocrx_word' id='word_1_202' title='bbox 1028 2523 1225 2570; x_wconf 74' lang='grc' dir='ltr'>ἐλάσσονος</span> <span class='ocrx_word' id='word_1_203' title='bbox 1248 2555 1522 2564; x_wconf 88' lang='grc'><strong>...............</strong></span> <span class='ocrx_word' id='word_1_204' title='bbox 1568 2533 1641 2577; x_wconf 82' lang='lat'><em>125</em></span> 
     </span>
    </p>

    <p class='ocr_par' dir='ltr' id='par_1_7' title="bbox 441 2576 1642 2690">
     <span class='ocr_line' id='line_1_35' title="bbox 441 2576 1642 2634; baseline 0.007 -21"><span class='ocrx_word' id='word_1_205' title='bbox 441 2587 506 2614; x_wconf 87' lang='lat'><em>10.</em></span> <span class='ocrx_word' id='word_1_206' title='bbox 537 2576 606 2615; x_wconf 91' lang='lat' dir='ltr'><em>De</em></span> <span class='ocrx_word' id='word_1_207' title='bbox 627 2580 820 2628; x_wconf 78' lang='lat' dir='ltr'><em>pceonico</em></span> <span class='ocrx_word' id='word_1_208' title='bbox 848 2585 978 2619; x_wconf 90' lang='lat' dir='ltr'><em>metro</em></span> <span class='ocrx_word' id='word_1_209' title='bbox 1018 2611 1523 2620; x_wconf 83' lang='grc'><strong><em>...........................</em></strong></span> <span class='ocrx_word' id='word_1_210' title='bbox 1565 2593 1642 2634; x_wconf 76' lang='grc'><em>130</em></span> 
     </span>
     <span class='ocr_line' id='line_1_36' title="bbox 442 2632 1638 2690; baseline 0.007 -21"><span class='ocrx_word' id='word_1_211' title='bbox 442 2643 505 2671; x_wconf 79' lang='grc'><em>11.</em></span> <span class='ocrx_word' id='word_1_212' title='bbox 536 2632 604 2671; x_wconf 88' lang='lat' dir='ltr'><em>De</em></span> <span class='ocrx_word' id='word_1_213' title='bbox 625 2639 756 2673; x_wconf 88' lang='lat' dir='ltr'><em>metro</em></span> <span class='ocrx_word' id='word_1_214' title='bbox 783 2636 1154 2687; x_wconf 78' lang='lat' dir='ltr'><em>proceleusmatico</em></span> <span class='ocrx_word' id='word_1_215' title='bbox 1189 2669 1522 2677; x_wconf 89' lang='lat'><strong>..................</strong></span> <span class='ocrx_word' id='word_1_216' title='bbox 1564 2650 1638 2690; x_wconf 89' lang='grc'><em>133</em></span> 
     </span>
    </p>

    <p class='ocr_par' dir='ltr' id='par_1_8' title="bbox 209 2685 1640 2803">
     <span class='ocr_line' id='line_1_37' title="bbox 209 2685 1529 2744; baseline 0.005 -18"><span class='ocrx_word' id='word_1_217' title='bbox 209 2685 303 2726; x_wconf 85' lang='lat' dir='ltr'><em>Lib.</em></span> <span class='ocrx_word' id='word_1_218' title='bbox 320 2685 396 2726; x_wconf 91' lang='lat' dir='ltr'><strong>III.</strong></span> <span class='ocrx_word' id='word_1_219' title='bbox 417 2701 450 2726; x_wconf 90' lang='lat' dir='ltr'><em>c.</em></span> <span class='ocrx_word' id='word_1_220' title='bbox 465 2701 500 2727; x_wconf 90' lang='lat'><em>1.</em></span> <span class='ocrx_word' id='word_1_221' title='bbox 532 2688 601 2727; x_wconf 90' lang='lat' dir='ltr'><em>De</em></span> <span class='ocrx_word' id='word_1_222' title='bbox 634 2689 867 2744; x_wconf 74' lang='lat' dir='ltr'><em>conjunctis</em></span> <span class='ocrx_word' id='word_1_223' title='bbox 901 2692 1013 2732; x_wconf 82' lang='lat' dir='ltr'><em>inter</em></span> <span class='ocrx_word' id='word_1_224' title='bbox 1047 2707 1090 2732; x_wconf 88' lang='lat' dir='ltr'><em>se</em></span> <span class='ocrx_word' id='word_1_225' title='bbox 1129 2699 1169 2733; x_wconf 89' lang='lat' dir='ltr'><em>et</em></span> <span class='ocrx_word' id='word_1_226' title='bbox 1204 2695 1350 2734; x_wconf 65' lang='lat' dir='ltr'><em>mixtis</em></span> <span class='ocrx_word' id='word_1_227' title='bbox 1386 2695 1529 2733; x_wconf 81' lang='lat' dir='ltr'><em>metris</em></span> 
     </span>
     <span class='ocr_line' id='line_1_38' title="bbox 571 2749 1640 2803; baseline 0.005 -20"><span class='ocrx_word' id='word_1_228' title='bbox 571 2749 855 2799; x_wconf 80' lang='lat' dir='ltr'><em>pragmaticis</em></span> <span class='ocrx_word' id='word_1_229' title='bbox 901 2780 1521 2790; x_wconf 90' lang='grc'><strong>.................................</strong></span> <span class='ocrx_word' id='word_1_230' title='bbox 1561 2762 1576 2788; x_wconf 93' lang='grc'>1</span> <span class='ocrx_word' id='word_1_231' title='bbox 1585 2762 1608 2803; x_wconf 90' lang='grc'>3</span> <span class='ocrx_word' id='word_1_232' title='bbox 1615 2750 1640 2789; x_wconf 92' lang='lat'><strong>6</strong></span> 
     </span>
    </p>

    <p class='ocr_par' dir='ltr' id='par_1_9' title="bbox 468 2801 1639 2916">
     <span class='ocr_line' id='line_1_39' title="bbox 468 2801 1528 2856; baseline 0.005 -16"><span class='ocrx_word' id='word_1_233' title='bbox 468 2812 504 2840; x_wconf 85' lang='lat'><em>2.</em></span> <span class='ocrx_word' id='word_1_234' title='bbox 536 2801 605 2841; x_wconf 83' lang='lat' dir='ltr'><em>De</em></span> <span class='ocrx_word' id='word_1_235' title='bbox 625 2803 768 2841; x_wconf 70' lang='lat' dir='ltr'><em>metris</em></span> <span class='ocrx_word' id='word_1_236' title='bbox 787 2817 869 2856; x_wconf 74' lang='lat' dir='ltr'><em>per</em></span> <span class='ocrx_word' id='word_1_237' title='bbox 888 2806 1113 2856; x_wconf 76' lang='grc' dir='ltr'><em>συμπάθειαν</em></span> <span class='ocrx_word' id='word_1_238' title='bbox 1141 2813 1181 2845; x_wconf 79' lang='lat' dir='ltr'><em>et</em></span> <span class='ocrx_word' id='word_1_239' title='bbox 1210 2805 1435 2846; x_wconf 69' lang='grc' dir='ltr'><em>ἀντιπάθειαν</em></span> <span class='ocrx_word' id='word_1_240' title='bbox 1465 2807 1528 2845; x_wconf 75' lang='grc' dir='ltr'><em>ἰη-</em></span> 
     </span>
     <span class='ocr_line' id='line_1_40' title="bbox 577 2862 1639 2916; baseline 0.005 -20"><span class='ocrx_word' id='word_1_241' title='bbox 577 2864 639 2897; x_wconf 88' lang='lat' dir='ltr'><em>ter</em></span> <span class='ocrx_word' id='word_1_242' title='bbox 659 2873 701 2897; x_wconf 86' lang='lat' dir='ltr'><em>se</em></span> <span class='ocrx_word' id='word_1_243' title='bbox 721 2862 952 2914; x_wconf 76' lang='lat' dir='ltr'><em>conjunctis</em></span> <span class='ocrx_word' id='word_1_244' title='bbox 961 2893 1521 2903; x_wconf 85' lang='lat'><strong>..............................</strong></span> <span class='ocrx_word' id='word_1_245' title='bbox 1561 2874 1639 2916; x_wconf 83' lang='lat'><em>139</em></span> 
     </span>
    </p>

    <p class='ocr_par' dir='ltr' id='par_1_10' title="bbox 462 2914 1638 3026">
     <span class='ocr_line' id='line_1_41' title="bbox 462 2914 1523 2972; baseline 0.005 -20"><span class='ocrx_word' id='word_1_246' title='bbox 462 2925 503 2966; x_wconf 87' lang='grc'><em>3.</em></span> <span class='ocrx_word' id='word_1_247' title='bbox 536 2914 603 2953; x_wconf 87' lang='lat' dir='ltr'><em>De</em></span> <span class='ocrx_word' id='word_1_248' title='bbox 620 2928 787 2955; x_wconf 86' lang='lat' dir='ltr'><em>summa</em></span> <span class='ocrx_word' id='word_1_249' title='bbox 815 2919 981 2956; x_wconf 83' lang='lat' dir='ltr'><em>numeri</em></span> <span class='ocrx_word' id='word_1_250' title='bbox 1000 2932 1097 2972; x_wconf 77' lang='lat' dir='ltr'><em>qua?</em></span> <span class='ocrx_word' id='word_1_251' title='bbox 1122 2925 1348 2959; x_wconf 86' lang='lat' dir='ltr'><em>metrorum</em></span> <span class='ocrx_word' id='word_1_252' title='bbox 1377 2919 1523 2957; x_wconf 79' lang='lat' dir='ltr'><em>multi-</em></span> 
     </span>
     <span class='ocr_line' id='line_1_42' title="bbox 570 2971 1638 3026; baseline 0.008 -17"><span class='ocrx_word' id='word_1_253' title='bbox 570 2971 805 3024; x_wconf 77' lang='lat' dir='ltr'><em>plicatione</em></span> <span class='ocrx_word' id='word_1_254' title='bbox 825 2974 1036 3026; x_wconf 81' lang='lat' dir='ltr'><em>redigitur</em></span> <span class='ocrx_word' id='word_1_255' title='bbox 1074 3006 1520 3016; x_wconf 89' lang='grc'><strong>........................</strong></span> <span class='ocrx_word' id='word_1_256' title='bbox 1560 2987 1638 3026; x_wconf 80' lang='lat'><em>142</em></span> 
     </span>
    </p>
   </div>
   <div class='ocr_carea' id='block_1_5' title="bbox 847 3041 968 3079">
    <p class='ocr_par' dir='ltr' id='par_1_11' title="bbox 847 3041 968 3079">
     <span class='ocr_line' id='line_1_43' title="bbox 847 3041 968 3079; baseline 0.017 -11"><span class='ocrx_word' id='word_1_257' title='bbox 847 3041 968 3079; x_wconf 78' lang='lat' dir='ltr'><em>4F2</em></span> 
     </span>
    </p>
   </div>
  </div>
 </body>
</html>
