1962 3355
371 239 466 275 200
882 227 1042 274 Marii
1069 227 1312 274 Victorini
1627 241 1722 271 ΜΒ.
1750 241 1815 270 lv.

310 364 348 395 35
369 351 494 397 Item
529 349 821 396 trochaicum
858 356 1188 395 tetrametrum
1224 346 1568 400 catalecticum,
1595 353 1815 407 quartum

369 426 580 472 iambum
610 426 804 482 habens,
829 423 955 486 quod
980 423 1272 486 Eupolidion
1296 422 1482 477 dicitur,

500 502 736 565 Juppz'ter
754 506 946 547 vocatus
969 500 1104 545 adest
1128 496 1372 560 diifhvete
1397 497 1555 543 ceteri.

372 578 493 624 Item
521 594 582 623 ex
604 576 844 622 trochaico
869 574 1073 621 dimetro
1097 573 1370 620 catalectico
1394 581 1441 619 et
1460 572 1614 618 ionico
1633 570 1709 618 ἀπὸ
1731 570 1820 632 μεί-

372 661 473 710 ζονος
492 652 704 699 hultimis
730 651 880 697 tribus
905 649 1121 696 trochaeis
1147 658 1194 695 et
1218 648 1474 712 semipede,

369 735 570 789 Juppz‘ter
590 733 688 773 coelo
707 732 850 772 sedens
867 730 1043 786 {ficlmen
1060 736 1191 785 parat
1211 743 1320 779 acre,
1339 735 1486 770 cuncta
1507 744 1585 785 quo
1607 733 1803 770 tremunt.

311 824 352 863 36
371 806 494 852 Item
521 823 578 850 ex
603 805 932 868 ithyphallico,
958 803 1038 858 sic,

503 881 673 927 luente
697 880 961 926 concitatus
985 878 1126 925 tollor
1150 878 1197 924 ‘in
1221 877 1438 940 scopulos
1462 884 1670 940 repente.

369 957 492 1002 Item
532 974 589 1002 ex
624 964 862 1018 anapaesto
891 955 1095 1001 dimetro
1120 953 1407 1000 kacatalecto
1440 962 1487 999 et
1510 953 1715 1000 iambico
1751 952 1820 998 di-

370 1041 520 1078 metro
546 1032 834 1088 catalectico,

425 1115 518 1170 Age
538 1129 649 1155 nunc
669 1115 834 1155 comites
855 1113 1012 1153 rabidae
1035 1113 1202 1168 Cybeles
1223 1119 1362 1153 vocent
1382 1114 1524 1153 choros
1544 1112 1600 1152 ad
1619 1126 1734 1152 aras,

308 1210 349 1243 37
371 1186 493 1232 Item
521 1204 579 1232 cx
605 1186 796 1250 dipodia
822 1186 1105 1249 anapaestica
1129 1194 1176 1232 et
1199 1185 1530 1248 ithyphallico‚

502 1263 620 1326 Age
642 1280 766 1309 manc
791 1263 981 1309 comites
985 1262 1132 1327 ferte
1154 1280 1293 1308 sacra
1317 1262 1522 1308 Baccho.

371 1340 493 1386 Item
537 1357 595 1385 ex
637 1339 912 1385 choriambo
945 1347 992 1384 et
1021 1338 1213 1402 dipodia
1248 1338 1452 1385 iambica
1488 1346 1535 1384 et
1567 1337 1820 1393 trochaica,

370 1416 542 1462 ultimo
566 1415 929 1478 ¹amphimacro,

439 1492 604 1555 Lydia
630 1492 702 1537 dic
718 1508 890 1553 precor
915 1490 1076 1544 libens,
1103 1490 1225 1537 unde
1250 1490 1377 1536 mala
1401 1508 1500 1553 quoe
1520 1490 1671 1553 geris.

309 1588 350 1625 38
370 1569 496 1615 Item
531 1585 590 1613 ex
627 1567 840 1630 paeonico
877 1567 1089 1613 trimetro
1122 1568 1396 1614 catalectico
1421 1575 1469 1613 et
1492 1566 1821 1630 ithyphallico,

371 1654 439 1701 ut,

370 1721 515 1766 Ilec
540 1719 686 1782 agite,
713 1735 840 1764 mmc
865 1718 1087 1780 tripudiis
1110 1719 1227 1765 mihi
1252 1719 1389 1766 dulce
1395 1719 1540 1784 ferte
1564 1735 1770 1765 carmen.

371 1797 494 1842 Item
523 1812 579 1841 ex
604 1794 821 1858 paeonico
845 1793 1048 1840 dimetro
1081 1805 1127 1841 et
1151 1795 1473 1842 choriambico
1509 1795 1711 1842 dimetro
1747 1811 1821 1840 ca-

369 1871 603 1926 talectico,
629 1879 697 1927 ut,

503 1945 649 1992 qunc
673 1946 864 2009 agitata
890 1946 1018 1992 venit
1044 1945 1209 2010 Lydia
1233 1947 1352 1993 mdic
1370 1964 1461 2010 per
1484 1964 1656 1994 omnes.

309 2045 351 2077 39
371 2023 494 2070 Item
533 2039 589 2068 ex
629 2022 783 2068 ionico
818 2020 894 2067 ἀπὸ
931 2023 1146 2075 ἐλάσσονος
1182 2031 1229 2068 ct
1261 2040 1424 2086 paeone
1455 2023 1594 2069 tertio
1625 2031 1672 2068 et
1697 2021 1822 2085 ithy-

370 2099 595 2164 phallico‚
621 2098 733 2154 nsie‚

504 2174 804 2220 Miserarum
830 2181 899 2219 est
922 2190 1005 2219 nec
1029 2190 1189 2220 amore
1211 2174 1487 2237 necsurore
1511 2174 1663 2237 tangi.

373 2251 496 2296 Item
533 2267 593 2295 ex
628 2249 784 2295 ionico
818 2249 894 2294 ἀπὸ
936 2249 1107 2310 μείζονος
1143 2259 1189 2296 et
1229 2250 1533 2296 ochoriambo
1569 2259 1615 2295 et
1651 2249 1821 2295 ultimo

370 2326 573 2379 PiambO,
600 2325 682 2382 sic,

503 2401 605 2447 Dic
625 2418 752 2447 mmc
775 2418 867 2464 age
896 2400 1000 2447 Clio
1023 2400 1141 2446 mihi
1168 2399 1439 2462 Pegaseum.
1463 2399 1621 2446 melos.

311 2501 354 2531 40
426 2476 501 2522 Ad
520 2493 756 2522 summam
779 2477 938 2522 omnia
957 2485 1122 2532 metra,
1138 2484 1184 2521 et
1201 2493 1306 2537 quae
1327 2476 1448 2522 inter
1470 2493 1517 2521 se
1537 2485 1820 2540 congruunt,

371 2561 420 2599 et
444 2570 548 2615 quae
582 2562 855 2616 temporum
892 2552 1098 2598 ‘aratione
1134 2552 1367 2598 contraria
1403 2561 1526 2609 sunt,
1562 2553 1597 2598 si
1634 2553 1820 2616 plenius

424 2732 445 2759 h
465 2731 624 2781 ultimis]
652 2731 839 2769 ultissimis
859 2733 896 2768 P.
1018 2730 1027 2757 i
1048 2732 1205 2779 fulmen]
1232 2732 1369 2769 flumen
1390 2734 1429 2769 P.
1554 2731 1575 2758 k
1596 2732 1816 2778 acatalecto]

371 2785 553 2823 catalecto
574 2786 613 2821 P.
723 2783 734 2811 l
753 2784 1025 2834 amphimacro]
1051 2793 1087 2821 et
1108 2785 1361 2833 amphimacro
1381 2787 1421 2822 P.
1505 2792 1535 2811 m
1557 2784 1634 2833 dic]
1658 2798 1758 2822 nunc
1778 2786 1818 2821 P.

374 2846 395 2866 ¹1
415 2839 467 2875 sic
487 2851 562 2875 om,
583 2839 624 2875 P.
736 2844 754 2864 o
774 2837 1045 2885 choriambico]
1071 2838 1287 2875 choriambo
1308 2839 1347 2874 P.
1478 2845 1493 2869 P
1514 2838 1656 2886 iambo]
1681 2837 1817 2881 iambo,

371 2892 424 2929 sic
446 2892 491 2928 P.
602 2898 622 2925 q
642 2890 801 2938 ratione]
826 2892 1006 2927 rationem
1027 2891 1066 2926 P.
