1962 3355
123 192 229 224 CAP.
254 185 298 222 4.
600 172 685 218 De
713 169 1090 234 Ortlzographia.
1517 177 1572 216 13

123 299 313 345 Graecos
337 294 521 341 obtinet
546 302 708 339 notam
734 292 920 338 numeri
945 308 1042 347 seX,
1067 307 1151 353 pro
1176 307 1272 352 quo
1297 289 1422 352 apud
1455 289 1577 335 anti-

122 390 240 436 quos
267 389 291 418 c
314 370 426 435 poni
454 370 663 425 solitum,
687 378 742 414 ut
765 386 849 432 pro
874 385 994 432 agro
1019 367 1222 421 Gabino,
1248 366 1454 412 Gabino:
1494 383 1577 428 pro

124 450 242 513 lege,
275 448 400 494 lece:
439 463 573 502 aena,
607 462 693 509 pro
729 459 891 507 agna.-
929 443 1087 489 auctio
1116 451 1241 488 certe
1277 442 1335 487 ab
1361 440 1578 503 augendo

123 525 249 571 dicta
274 533 369 569 est:
407 532 452 568 et
476 521 660 568 numeri
686 538 795 567 cum
827 520 1032 565 habeant
1058 536 1096 574 c,
1121 527 1173 564 ut
1199 518 1405 574 ducenti,
1428 523 1580 562 XXtre-

125 601 264 656 cerati,
278 599 505 655 sexcenti,
528 608 550 638 Υ
561 597 727 659 reliqui
755 596 932 641 habent
949 612 1000 658 g,
1022 604 1075 641 ut
1093 594 1450 658 quadringenti,
1469 609 1582 639 non-

121 676 274 740 genti,
310 692 420 720 cum
459 692 483 720 a
519 673 657 719 tertio
698 689 889 734 quoque
923 670 1101 727 ordine,
1136 679 1187 716 ut
1224 668 1350 733 apud
1387 670 1580 715 Graecos

125 769 314 815 quoque
339 750 545 814 positum
574 758 644 794 est
669 765 693 794 c
717 765 800 810 pro
821 765 873 810 g,
899 756 947 792 et
972 764 1056 791 suo
1081 747 1184 792 loco
1210 746 1240 792 k
1263 754 1370 809 post
1397 753 1583 808 zrecep-

125 837 221 874 tam
250 844 274 873 c
298 843 643 890 supervacuum
670 824 813 888 coepit
838 841 953 869 esse.
1000 822 1136 876 Cum,
1162 821 1435 868 adverbium
1463 829 1584 866 tem·
1602 841 1644 869 30

125 903 267 968 poris,
293 902 472 965 antiqui
494 910 696 964 quatuor
720 899 885 945 litteris
911 899 1206 944 scribebant:
1237 898 1284 943 in
1306 897 1396 954 his,
1412 905 1585 960 aquum

127 979 252 1044 apud
290 979 539 1032 Catonem,
586 976 774 1021 brursus
826 991 979 1038 quom,
1026 973 1108 1019 sed
1149 973 1330 1036 antiqui
1367 989 1476 1018 cum
1519 971 1583 1018 ita

128 1056 398 1110 scriberent,
436 1051 835 1116 “pronuntiabant
881 1059 1039 1096 tamen
1083 1048 1277 1112 perinde
1318 1065 1372 1094 ac
1418 1048 1455 1093 si
1502 1065 1586 1111 per

128 1130 181 1177 dc
226 1130 455 1193 scriptum
499 1138 635 1174 esset.
704 1127 792 1172 Illa
841 1133 1056 1186 equoque
1098 1124 1328 1187 scriptura
1373 1123 1583 1178 confusa,
1603 1145 1641 1174 31

127 1206 254 1268 fquae
283 1223 313 1251 u
349 1222 434 1268 pro
460 1211 764 1257 consonante,
788 1211 835 1246 et
859 1218 884 1245 o
909 1217 993 1263 pro
1019 1199 1168 1245 vocali
1195 1207 1408 1261 correpta
1432 1198 1586 1244 gaeci-

128 1283 347 1346 piebant:
386 1280 507 1326 sicut
543 1280 668 1342 apud
695 1278 886 1324 Graecos
916 1275 1060 1321 trium
1086 1275 1274 1321 valebat
1299 1275 1415 1331 vice,
1438 1283 1493 1320 ut
1516 1292 1588 1320 es-

129 1368 199 1404 set
223 1375 249 1404 o
275 1359 428 1412 breve,
452 1356 577 1402 idem
617 1355 832 1418 longum,
858 1361 906 1398 et
929 1361 983 1398 ut
1007 1360 1115 1398 ante
1142 1351 1257 1407 dixi,
1281 1373 1335 1397 ov.
1394 1351 1452 1397 In
1486 1350 1588 1413 qui-

130 1436 215 1481 bus
253 1434 532 1497 peccabant,
571 1430 729 1493 hquod
769 1429 871 1476 aliis
912 1428 1078 1474 litteris
1117 1427 1400 1484 scribebant,
1443 1444 1587 1489 quam

130 1510 304 1573 quibus
342 1510 670 1565 enuntiabant,
706 1516 754 1553 et
789 1506 922 1553 aliter
961 1506 1199 1567 legebant,
1236 1521 1379 1567 quam
1417 1503 1590 1550 scribe-

130 1588 258 1633 bant.
329 1587 452 1633 Item
480 1586 616 1650 cnjus
649 1603 732 1648 per
757 1583 928 1649 quojus
950 1583 1128 1628 litteras
1158 1581 1440 1628 scribebant.
1511 1581 1588 1627 De
1608 1606 1647 1635 32

130 1663 302 1726 quibus
328 1681 388 1709 ne
420 1662 554 1726 plura
578 1662 796 1719 scribam,
822 1661 913 1707 hoc
938 1659 1197 1707 custodite:
1234 1667 1287 1705 ut
1312 1675 1421 1704 cum
1447 1658 1591 1704 fuerit

131 1740 404 1786 adverbium
443 1738 685 1802 temporiS,
719 1755 802 1801 per
834 1755 894 1800 qu
933 1737 1029 1782 sive
1065 1735 1233 1782 iunum
1273 1752 1320 1792 u,
1358 1735 1455 1780 sive
1495 1733 1590 1780 duo

133 1815 362 1867 scribatis,
382 1825 434 1862 ut
452 1833 562 1879 qum
575 1816 805 1877 primum,
824 1814 902 1860 ket
917 1830 1064 1877 quum
1090 1812 1173 1858 hoc
1185 1810 1424 1875 facerem.
1461 1810 1528 1855 At
1552 1809 1588 1855 si
1609 1834 1649 1863 33

132 1891 218 1938 erit
243 1892 533 1954 conjunctio,
557 1901 626 1946 ut,
652 1908 756 1937 cum
779 1890 951 1945 lGaiO,
969 1906 1074 1935 cum
1099 1888 1267 1942 Lucio,
1294 1904 1378 1950 per
1403 1903 1427 1932 c
1450 1885 1587 1932 scribi

132 1968 317 2023 debeat,
335 1986 394 2014 ne
413 1967 668 2030 quicquam
690 1966 918 2030 deperdat
936 1982 994 2011 ex
1015 1965 1283 2028 significatu
1302 1982 1311 2010 ε
1346 1980 1440 2009 non
1461 1962 1588 2008 enim

133 2044 258 2090 aliud
296 2062 378 2107 per
412 2052 602 2108 mquum
634 2045 822 2107 scripta,
858 2042 986 2089 aliud
1017 2059 1101 2106 per
1137 2058 1240 2087 cum
1276 2047 1425 2085 sonat.
1497 2036 1589 2083 Sed
1610 2064 1651 2093 34

133 2121 214 2167 ubi
252 2121 463 2183 naliquid
500 2139 594 2167 non
619 2122 674 2166 fit
698 2130 778 2166 aut
804 2119 903 2166 soni
933 2119 1136 2181 jactura,
1161 2127 1209 2164 et
1231 2116 1432 2163 totidem
1469 2132 1591 2178 pene

186 2237 229 2257 XX
250 2231 407 2267 trecenti
427 2230 607 2277 sexcenti]
631 2229 774 2267 tricenti
798 2229 957 2267 sescenti
979 2230 1018 2265 P.
1129 2236 1186 2276 yg
1206 2226 1333 2276 reliqui
1358 2227 1513 2274 habent]
1536 2238 1591 2262 re·

133 2283 221 2333 liqui
238 2284 376 2320 habent
395 2297 420 2331 g
441 2284 486 2321 P.
608 2290 626 2309 Ζ
647 2285 857 2333 receptum]
882 2291 1065 2332 receptam
1089 2283 1129 2318 P.
1253 2288 1272 2308 a
1291 2280 1422 2330 quum]
1446 2292 1529 2316 cum
1551 2280 1591 2315 P.

134 2346 209 2373 tam
231 2336 288 2372 his
307 2350 421 2385 quum
440 2337 590 2373 Putsch.
714 2334 734 2363 b
755 2350 880 2373 rursus
901 2336 1032 2385 quom]
1056 2348 1168 2386 quam
1191 2348 1312 2371 rursus
1332 2347 1374 2370 ea
1394 2346 1529 2382 quoam
1553 2334 1592 2369 P.

133 2397 149 2416 ⁰
170 2389 486 2440 pronunciabant]
513 2389 808 2439 pronuntiabant
827 2390 868 2426 P.
1005 2387 1023 2414 d
1044 2390 1148 2435 cum]
1174 2401 1194 2425 c
1214 2389 1253 2424 Ρ.
1386 2393 1402 2412 c
1422 2386 1590 2435 quidem]

134 2456 282 2492 quoque
302 2444 344 2479 P.
491 2441 507 2469 f
524 2443 641 2492 quod]
666 2456 747 2491 quae
770 2444 808 2478 P.
958 2449 979 2477 g
999 2442 1248 2492 accipiebant]
1273 2439 1503 2489 accipiebant
1523 2457 1532 2474 ι
1552 2440 1591 2477 Ρ.

133 2495 154 2522 h
173 2496 289 2544 quod]
315 2504 353 2532 et
373 2496 412 2532 P.
576 2494 586 2521 i
618 2509 730 2532 unum
752 2497 793 2543 u]
818 2509 932 2532 unum
955 2497 994 2532 P.
1160 2494 1181 2522 k
1201 2496 1334 2544 quum]
1358 2503 1394 2531 et
1414 2509 1527 2543 quum
1554 2496 1592 2531 P.

133 2547 145 2575 l
166 2548 275 2597 Caio]
301 2548 398 2585 Gaio
418 2549 458 2584 P.
542 2556 573 2574 m
593 2550 727 2598 quom]
753 2563 867 2598 quum
890 2550 929 2586 Ρ.
1013 2556 1034 2575 ¹1
1055 2549 1273 2598 aliquando]
1297 2548 1438 2597 aliquid
1454 2561 1530 2584 non
1553 2550 1592 2585 P.

135 2646 284 2683 quoque
310 2646 331 2670 a
350 2633 490 2670 Graecis
520 2642 713 2685 acceptum
735 2635 836 2685 quod
892 2649 963 2685 qua
985 2644 1074 2673 nota
1092 2649 1141 2673 xc
1162 2636 1427 2688 significentur,
1448 2646 1490 2674 ut
1510 2645 1594 2687 post

136 2695 175 2724 et
194 2686 330 2723 Fabius
351 2686 475 2723 innuit
500 2687 595 2724 libro
617 2687 749 2737 primo,
773 2689 835 2725 ubi
891 2706 917 2732 ε,
940 2690 1040 2738 quod
1071 2690 1167 2726 valet
1195 2690 1369 2741 quinque,
1399 2709 1431 2733 ς,
1461 2690 1496 2726 id
1523 2698 1591 2733 est,

136 2739 227 2776 dicit
268 2741 306 2776 in
348 2753 506 2777 nurnero
543 2741 639 2790 apud
682 2742 836 2778 Graecos
891 2744 1186 2780 sex.CAMER.

137 2793 233 2829 hanc
278 2792 423 2829 literam
480 2802 625 2830 tantum
675 2807 837 2832 manere.
948 2807 998 2843 34
1026 2796 1099 2832 Sed
1123 2796 1186 2833 ubi
1213 2796 1412 2846 aliquando
1444 2797 1484 2832 fit
1511 2795 1593 2832 soni

140 2845 234 2882 Post
265 2862 288 2882 π
321 2846 420 2882 enim
451 2847 551 2895 quod
586 2855 692 2884 notat
726 2861 837 2884 Lxxx
887 2851 1048 2898 jactura]
1069 2849 1314 2886 Manifestum
1327 2857 1383 2885 est
1400 2848 1591 2885 mendum.

140 2906 288 2948 ponunt
333 2898 386 2936 illi
431 2909 669 2938 numerantes
707 2910 836 2939 notam
895 2903 1033 2938 Sensus
1080 2902 1230 2951 quidem
1280 2914 1354 2937 non
1402 2901 1592 2938 obscurus.
