1962 3355
334 192 429 230 348
797 184 948 229 Atilii
970 183 1307 230 Fortunatiani
1601 197 1712 226 PAR.
1730 197 1784 226 11.

338 322 443 368 quae
475 322 615 369 supra
646 304 744 351 dixi
778 305 1092 369 permixtione
1117 316 1266 350 metra
1302 314 1382 350 aut
1416 304 1540 350 facta
1574 303 1683 358 sint,
1707 310 1788 348 aut

305 381 440 427 zfieri
479 380 634 427 adhuc
670 381 867 444 possint.
936 381 1002 427 Et
1032 380 1187 444 primo
1223 380 1414 441 quidem
1453 379 1510 426 de
1546 389 1790 443 pentame-

340 467 411 503 tro
436 456 633 520 epodico
651 457 822 510 dicam,
844 458 915 515 (ut
939 456 996 501 ad
1022 456 1154 501 initia
1178 455 1440 512 redeamus,
1460 473 1569 501 nam
1591 464 1638 501 et
1661 455 1740 501 hic
1765 472 1790 500 a

340 533 528 596 dactylo
552 533 826 591 Ynascitur,)
848 531 981 593 cujus
1001 531 1168 576 divisio
1192 530 1366 594 duplex
1395 531 1606 578 traditur.
1659 531 1788 577 Nam

341 610 505 673 primae
530 609 629 671 ejus
658 618 812 673 partes
838 608 941 653 duae
975 607 1116 671 pedes
1142 625 1198 653 ex
1225 607 1462 670 dactylico
1487 617 1534 654 et
1565 607 1791 672 spondeo,

341 686 422 731 sed
469 685 592 731 varie
635 683 969 730 Zcommutatis
1005 683 1202 740 vicibus,
1243 683 1577 739 inveniuntur3
1626 683 1790 729 tertius

341 762 592 826 spondeus,
629 762 693 807 ita
730 770 781 806 ut
815 761 968 824 prima
1000 760 1099 822 ejus
1133 760 1314 822 syllaba
1351 760 1708 806 hemistichium
1745 768 1793 805 et

343 848 522 902 partem
550 836 773 882 orationis
793 837 968 893 afiniat,
985 854 1185 899 sequens
1206 837 1536 883 hemistichius
1555 835 1792 899 sequentis

342 924 521 978 partem
554 912 777 959 orationis
810 913 1019 976 incipiat.
1089 913 1279 960 Deinde
1317 923 1469 960 mutat
1508 913 1791 977 dactylicam

342 990 660 1036 conditionem
683 998 729 1036 et
753 990 920 1037 transit
945 990 991 1035 in
1013 990 1359 1053 anapaesticam,
1377 1007 1483 1036 nam
1498 991 1599 1052 jam
1621 988 1792 1035 residui

306 1086 324 1113 3
343 1076 480 1113 erunt
520 1066 614 1112 duo
656 1066 900 1130 anapaesti.
987 1067 1086 1112 Aut
1127 1066 1248 1113 sicut
1288 1066 1443 1112 media
1484 1083 1660 1112 caesura
1701 1065 1795 1111 duo

343 1142 751 1208 bpenthemimere
776 1142 970 1199 dividat,
997 1143 1043 1189 in
1070 1143 1225 1206 primo
1252 1144 1374 1189 varie
1407 1142 1571 1207 positis
1596 1141 1797 1206 pedibus

344 1230 396 1267 ut
420 1220 534 1276 dixi,
559 1221 606 1265 in
633 1219 840 1266 secundo
865 1238 1051 1284 semper
1076 1219 1170 1266 duo
1194 1219 1369 1283 dactyli
1395 1229 1547 1265 erunt.
1594 1218 1795 1265 Dictum

344 1297 745 1361 penthemimeres
771 1297 930 1359 cquasi
956 1304 1028 1342 τῶν
1050 1297 1167 1343 πέντε
1192 1295 1236 1343 τὲ
1260 1295 1401 1357 ἥμισυ.
1476 1296 1638 1342 Habet
1670 1294 1797 1340 enim

346 1393 450 1438 pars
487 1375 640 1438 prima
674 1373 791 1419 duos
827 1374 969 1437 pedes
1006 1384 1052 1420 et
1085 1375 1312 1436 syllabam
1355 1382 1536 1437 partem
1576 1371 1798 1419 orationis

346 1451 607 1508 finientem,
632 1449 867 1496 dsecunda
892 1450 1003 1495 item
1032 1450 1247 1496 similiter
1269 1450 1444 1496 divisa:
1472 1449 1626 1513 prima
1651 1448 1733 1503 sic,

574 1528 679 1566 eHei
705 1527 804 1566 mihi
825 1541 902 1582 qao
924 1527 1086 1567 domino
1112 1528 1210 1580 [non
1233 1527 1323 1567 licet
1344 1528 1406 1566 ire
1427 1528 1528 1580 tua]

347 1600 580 1656 Secunda,
1508 1600 1509 1603 ’

577 1676 675 1716 AVon
698 1676 790 1715 licet
810 1677 871 1715 ¹ire
893 1682 973 1716 tea).

313 1776 331 1800 4
354 1748 450 1794 Hic
475 1759 519 1794 et
544 1748 704 1810 elegus
731 1757 938 1805 vocatur,
962 1749 1151 1811 quando
1184 1767 1265 1812 per
1290 1749 1414 1794 vices
1441 1748 1584 1793 heroo
1609 1747 1805 1808 subjun-

352 1826 491 1888 gitur,
518 1843 604 1870 ncc
630 1842 838 1870 seorsum
867 1842 919 1870 ac
949 1824 1210 1872 solitarium
1237 1842 1427 1872 carmen
1453 1824 1604 1872 facere
1635 1833 1803 1889 potest.

354 1901 668 1965 Subjungstur
693 1901 785 1947 sic:

583 1977 793 2033 Pasiphae
814 1978 933 2018 niveo
947 1979 1162 2034 gaudebat
1183 1978 1376 2019 adultera
1397 1984 1533 2027 tauro,

695 2046 851 2085 Invida
853 2046 1074 2099 formosa-5
1093 2046 1235 2086 oderat
1254 2046 1328 2086 ‘illa
1348 2046 1481 2086 boves.

592 2178 724 2229 CAP.
751 2177 883 2229 XX.
929 2181 1013 2231 De
1042 2181 1277 2249 Priapeo
1305 2180 1572 2249 dactylico.

424 2281 675 2344 Priapeum
700 2281 988 2345 dactylicum
1021 2291 1221 2328 metrum
1252 2282 1439 2328 tertium
1468 2282 1636 2345 pedem
1665 2281 1809 2347 sparte

358 2354 580 2401 orationis
629 2355 749 2411 finit,
790 2355 1018 2418 producta
1064 2365 1223 2402 tamen
1273 2356 1318 2401 in
1366 2356 1567 2402 gultimo
1614 2357 1809 2420 syllaba.

414 2484 433 2511 y
448 2477 619 2511 nascitur.
644 2477 744 2523 nam]
766 2478 937 2520 nascitur,
950 2476 1049 2522 cujus
1063 2479 1186 2513 divisio
1202 2479 1334 2525 duplex
1351 2480 1521 2515 traditur.
1544 2492 1624 2515 nam
1638 2483 1753 2528 prime
1768 2481 1811 2516 V.

362 2530 473 2578 Seqq.
495 2528 546 2565 ita
565 2528 716 2578 corrigit
736 2529 934 2565 Santenius
955 2530 1001 2565 ad
1020 2531 1170 2566 Terent.
1187 2531 1310 2568 Maur.
1334 2545 1368 2580 p.
1387 2533 1473 2579 287.
1491 2535 1616 2580 primoe
1635 2547 1709 2580 ejus
1723 2547 1812 2581 par-

364 2585 407 2618 tis
427 2585 505 2617 duce
522 2584 617 2617 sedes
637 2587 670 2617 et
690 2584 833 2630 dactylo
853 2588 887 2617 et
907 2585 1071 2630 spondeo,
1089 2586 1149 2619 sed
1171 2587 1267 2620 varic
1283 2588 1549 2621 communicatis
1571 2589 1814 2633 (commutatis

364 2635 629 2681 Ruhnkenius)
653 2636 798 2679 vicibus,
816 2637 1077 2682 ingrediantur.
1180 2644 1197 2663 Ζ
1218 2640 1501 2686 communicatis]
1523 2643 1749 2676 commutatis
1769 2641 1812 2677 V.

365 2696 383 2715 a
404 2690 526 2736 incipit
546 2689 641 2735 inde]
661 2690 774 2736 finiat
792 2701 940 2736 sequens
960 2690 1199 2726 hemisticlzius
1218 2694 1392 2739 sequentis
1408 2698 1547 2739 partem
1569 2695 1741 2729 orationis
1762 2696 1814 2729 in-

366 2744 489 2790 cipiat.
519 2743 644 2777 deinde
663 2743 709 2778 V.
820 2740 840 2767 b
854 2743 1142 2791 penthemimeri]
1166 2747 1411 2791 pentimemerz'
1431 2746 1475 2780 V.
1570 2753 1587 2772 ⁰
1605 2746 1708 2795 quasi
1730 2775 1738 2782 .
1757 2774 1764 2781 .
1784 2747 1811 2793 .]

366 2796 471 2844 quasi
490 2810 552 2830 των
570 2811 664 2831 πεντε
683 2811 718 2830 το
737 2811 842 2841 ημυσυ
860 2797 903 2831 V.
1015 2794 1032 2821 d
1051 2798 1219 2844 secundo]
1242 2801 1397 2834 sec-anda
1412 2799 1458 2834 V.
1569 2806 1585 2825 e
1606 2800 1681 2836 Hei
1704 2799 1811 2846 mihi]

366 2849 517 2884 secundo
533 2848 588 2884 hei
610 2849 697 2884 mihi
716 2861 784 2896 quo
804 2849 945 2885 domino
965 2862 1033 2884 non
1056 2850 1136 2886 licet
1156 2853 1208 2886 ire
1228 2856 1300 2888 tao.
1333 2853 1388 2888 hic
1407 2858 1441 2888 et
1461 2853 1645 2899 elegus‘v.
1693 2850 1709 2878 f
1723 2866 1813 2899 par·
1863 2886 1867 2887 ⁷

369 2902 455 2949 tem]
475 2907 582 2949 parte
603 2902 646 2938 V.
783 2909 803 2936 g
823 2901 970 2949 ultima]
992 2904 1118 2939 ultimo
1141 2904 1184 2940 V.
