1962 3355
183 502 565 553 aFLAVIUS
616 499 999 550 MALLIUS
1033 492 1544 547 THEODORUS

675 660 759 700 DE
792 659 1052 700 METRIS.

763 933 984 987 Prcqfatz'o.

144 1003 508 1063 DUBITARE
538 1016 738 1057 neminem
761 1016 950 1065 arbitror,
973 1016 991 1043 b
1006 1013 1224 1055 Theudori
1244 1013 1314 1063 fili,
1342 1011 1471 1068 cquin
1495 1010 1598 1051 ratio

191 1125 444 1161 aFLAVIUS
466 1122 845 1159 MALLIUSTHE-

148 1178 398 1227 ODORUS]
441 1177 486 1212 In
517 1177 603 1212 MS.
636 1175 845 1222 Guelplier-

146 1233 284 1281 bytano
305 1232 385 1267 haee
405 1230 456 1265 ita
475 1229 674 1278 leguntur:
715 1229 846 1263 INCI-

148 1285 243 1321 PIT
297 1284 474 1319 MALLI
534 1282 839 1324 THEODOR1,-

145 1339 210 1373 De
228 1339 351 1373 metris
379 1337 544 1372 dubitare
570 1336 743 1369 neminem
774 1341 845 1369 cet.

146 1391 237 1427 Post
272 1388 417 1425 finitum
447 1388 584 1424 librum
614 1388 692 1423 haec
722 1386 848 1422 addita

147 1461 259 1490 sunt:
320 1453 472 1488 FINIT
525 1441 618 1487 z‘ffl
673 1451 852 1487 MALLI

153 1506 459 1550 THEODORI,·
503 1505 584 1541 DE
612 1505 847 1548 METRIS5

149 1573 225 1607 DO
260 1570 496 1606 GRATIAS
524 1569 695 1605 AMEN.
762 1568 848 1604 Fal-

148 1625 276 1661 luntur
306 1630 446 1665 autem,
478 1621 505 1658 si
539 1621 602 1671 qui
631 1634 717 1658 cum
748 1622 847 1658 Pris-

150 1678 260 1714 ciano
288 1676 313 1712 l.
348 1676 438 1712 VII.
476 1688 512 1724 p.
533 1685 621 1722 735.
679 1683 850 1711 contrac-

152 1738 228 1766 tam
262 1729 417 1764 formam
450 1727 697 1777 genitivorum
726 1728 848 1769 Malli,

159 1784 268 1824 Tulli,
290 1783 437 1824 Horati,
457 1793 499 1816 ac
524 1780 698 1816 similium
729 1780 851 1829 poetis

154 1834 436 1883 relinquendam
456 1845 535 1870 esse
555 1841 720 1870 censent.
754 1833 851 1869 Vide

154 1887 368 1925 Bentleium
400 1887 446 1922 ad
473 1887 626 1922 Terent.
656 1886 771 1922 Andr.
798 1886 849 1922 II.

161 1954 192 1979 1.
219 1953 279 1977 20.
312 1939 468 1976 HEUS.

208 1992 229 2020 b
249 1994 444 2041 leeudorz']
484 1993 577 2029 Haec
615 1999 672 2028 est
715 1990 854 2028 codicis

157 2047 322 2095 Guelph.
353 2047 548 2095 scriptura,
567 2047 670 2094 cujus
691 2052 856 2080 extrema

157 2099 305 2143 vocalis,
327 2107 437 2135 antea
464 2111 541 2134 non
570 2097 659 2134 satis
685 2104 855 2134 accurate

157 2166 178 2190 a
211 2165 271 2189 ine
301 2152 482 2200 inspecta,
515 2150 709 2188 fefellerat.
771 2151 854 2187 Nec

158 2205 292 2243 mirum
323 2204 438 2241 videri
467 2204 591 2247 debet,
616 2203 686 2240 viri
715 2216 853 2240 nomen

156 2260 196 2296 in
234 2257 431 2308 possessivi
468 2257 627 2293 formam
669 2257 854 2293 deflexum

157 2325 252 2350 esse.
310 2310 443 2347 Fiebat
470 2311 542 2347 hoc
572 2322 671 2360 saepe
699 2309 736 2346 in
768 2322 857 2360 cog-

159 2363 386 2406 nominibus.
410 2376 491 2412 quae
511 2363 557 2400 ad
576 2371 744 2413 posteros
770 2375 856 2412 pro—

159 2418 404 2468 pagabantur.
464 2416 559 2452 Noti
595 2424 683 2452 sunt
720 2416 857 2457 Albini,

162 2471 367 2513 Flaminini,
394 2470 621 2513 Mamercini,
654 2470 857 2511 Messalini,

161 2522 236 2565 alii,
275 2534 434 2571 quorum
479 2529 623 2570 partem
665 2530 859 2559 enumerat

162 2575 294 2625 Sigon.
317 2574 363 2610 de
385 2573 527 2611 nomin.
550 2574 663 2610 Rom.
685 2588 722 2624 p.
745 2586 856 2622 1442.

161 2642 238 2677 seq.
288 2627 461 2664 Graecum
510 2639 594 2662 vero
649 2639 858 2677 cognomen

162 2681 315 2729 Θεόδωρος
335 2679 453 2716 Graeci
480 2677 652 2726 adjectivi
683 2679 858 2716 termina-

163 2735 267 2771 tione
305 2732 518 2783 augendum
556 2739 646 2774 erat,
680 2739 723 2768 ut
764 2740 861 2768 esset

164 2789 338 2835 Θεοδώριος.
394 2785 493 2822 Rem
511 2784 672 2821 similem
691 2784 861 2821 animad-

165 2846 305 2876 vertere
334 2837 426 2874 mihi
444 2836 570 2874 videor
596 2837 636 2874 in
661 2836 861 2874 Cassiodo-

167 2892 305 2929 riorum
335 2889 500 2934 nomine,
530 2890 577 2927 de
607 2902 680 2939 quo
709 2891 787 2940 egit
815 2889 860 2926 il-

903 1121 1027 1158 lustris
1048 1120 1223 1158 Maffeius
1252 1119 1357 1169 praef.
1386 1117 1430 1154 ad
1452 1117 1599 1153 Cassio-

903 1175 983 1212 dori
1031 1172 1310 1222 complexiones
1348 1171 1384 1207 in
1424 1171 1522 1220 Epp.
1563 1176 1600 1205 et

902 1229 985 1264 Act.
1007 1229 1140 1276 Apost.
1162 1240 1198 1275 p.
1216 1224 1423 1262 XXXXV.
1479 1221 1599 1259 Malui

901 1280 1014 1330 igitur
1060 1279 1325 1328 antiquissimae
1374 1277 1601 1312 membranae

902 1334 1164 1369 auctoritatem
1186 1330 1303 1380 sequi,
1320 1342 1430 1379 quam
1448 1341 1490 1365 ex
1511 1341 1600 1377 apo-

902 1387 1046 1435 grapho
1085 1384 1266 1425 Gevarffli,
1306 1383 1406 1419 unde
1451 1381 1600 1417 initium

904 1438 1080 1475 Malliani
1119 1436 1201 1474 libri
1238 1434 1434 1485 descripsit
1473 1435 1603 1471 Rube-

904 1492 986 1528 nius
1024 1490 1061 1527 in
1096 1491 1169 1527 vita
1203 1489 1332 1532 nostri,
1367 1496 1405 1525 et
1441 1500 1485 1524 ex
1514 1487 1601 1524 MS.

903 1544 1103 1582 Parisiensi
1143 1544 1327 1580 Theodoro
1364 1540 1601 1578 substituere.

904 1600 1108 1647 Propterea
1144 1604 1269 1634 autem
1308 1596 1416 1632 unius
1454 1601 1602 1630 tantum

906 1651 1045 1688 codicis
1074 1652 1190 1688 Paris.
1226 1648 1443 1685 testimonio
1476 1648 1514 1682 in
1545 1659 1602 1682 re-

906 1703 1102 1741 censendis
1136 1701 1265 1752 primis
1294 1703 1405 1750 hujus
1435 1699 1604 1748 opusculi

864 1777 871 1783 κ»
906 1756 1089 1807 capitibus
1103 1755 1155 1792 uti
1171 1755 1260 1792 mihi
1277 1753 1484 1803 licet,quod
1499 1752 1605 1795 alter,

907 1809 969 1860 qui
1002 1809 1102 1859 prior
1132 1817 1187 1845 est
1216 1808 1373 1844 duorum
1405 1806 1605 1855 regiorum,

907 1876 952 1900 ea
970 1870 1075 1912 parte
1093 1868 1287 1898 truncatus
1307 1868 1375 1897 est.
1407 1858 1562 1895 HEUS.

979 1927 1178 1974 Theudori]
1237 1924 1402 1962 Doribus
1457 1921 1608 1972 propria

910 1980 1031 2017 forma
1077 1987 1146 2016 est.
1213 1976 1412 2027 Antipater
1457 1977 1606 2011 Anthol.

909 2035 1001 2069 ined.
1076 2033 1148 2074 ’Υἱὸς
1201 2033 1367 2079 Θευὸὥροιο
1419 2030 1606 2070 Τελευτίας.

910 2085 1082 2123 Pluscula
1127 2083 1236 2132 hujus
1284 2084 1412 2120 formae
1456 2081 1609 2118 nomina

910 2139 1062 2188 collegit
1099 2136 1385 2175 accuratissimae
1427 2134 1608 2171 doctrinae

911 2191 976 2235 vir,
1011 2192 1206 2228 Gisbertus
1243 2189 1414 2227 Koenius
1452 2187 1496 2224 ad
1532 2189 1607 2224 Co-

913 2246 1025 2282 rinth.
1047 2247 1090 2281 de
1112 2245 1273 2281 Dialect.
1299 2256 1335 2292 p.
1360 2242 1423 2289 76.
1480 2241 1512 2276 A
1528 2241 1610 2277 Do-

913 2298 1017 2335 ribus
1038 2299 1117 2335 haec
1144 2298 1238 2333 ratio
1261 2295 1362 2333 venit
1386 2294 1425 2331 in
1455 2306 1610 2330 consue-

914 2352 1081 2388 tudinem
1130 2351 1369 2391 Latinorum,
1413 2351 1609 2397 poetarum

913 2404 1095 2454 inprimis,
1136 2403 1235 2453 apud
1282 2414 1376 2451 quos
1414 2407 1613 2436 occurrunt

920 2459 1135 2500 Theudotus,
1174 2457 1405 2497 Theudosius,
1445 2453 1613 2489 Theuclu-

917 2513 984 2555 lus,
1020 2518 1063 2547 ut
1091 2509 1128 2546 in
1159 2509 1314 2546 Anthol.
1345 2509 1431 2545 Lat.
1451 2507 1502 2544 ΙΙ.
1526 2516 1610 2554 117.

914 2578 950 2613 p.
1004 2575 1092 2612 249.
1160 2562 1223 2600 ubi
1271 2561 1355 2599 vide
1403 2561 1611 2599 Editorem.

915 2617 1207 2654 RUHNKEN.

968 2688 985 2708 ⁰
1014 2683 1099 2729 quin
1145 2682 1240 2716 ratio
1306 2679 1474 2725 metrica]
1525 2678 1611 2713 MS:

917 2734 1082 2783 Guelph.
1126 2735 1187 2780 qui
1228 2733 1412 2768 Inratione
1452 2731 1613 2771 metrica,

916 2786 981 2822 sed
1018 2785 1128 2823 tertia
1159 2785 1283 2822 littera
1316 2782 1454 2819 voculae
1482 2784 1542 2830 qui
1571 2781 1615 2817 li-

917 2839 1027 2875 neola
1055 2838 1281 2879 confoditur,
1304 2844 1342 2873 et
1361 2847 1471 2884 supra
1492 2836 1536 2870 In
1555 2833 1614 2871 lit-

918 2899 1006 2929 terae
1025 2893 1071 2928 od
1088 2891 1273 2941 leguntur.
1320 2886 1423 2926 Hinc
1442 2895 1616 2937 corrupta
