1962 3355
328 453 366 484 19

324 920 364 942 20

324 1377 358 1397 21

384 172 480 211 432
986 165 1235 213 Diomedis
1639 182 1736 213 Lm.
1763 183 1837 214 111.

384 294 455 332 est
491 304 516 332 a
550 285 770 332 formosis
807 286 970 340 oculis,
1006 287 1085 349 qui
1124 287 1256 350 Υκόραι
1292 296 1534 340 vocantur,
1565 287 1612 333 id
1650 296 1719 333 est
1753 306 1839 351 pu-

382 362 521 426 pulae,
546 362 618 407 vel
644 380 670 408 a
695 379 814 408 cono
839 363 1000 424 galeae.

452 438 584 484 Huic
637 440 897 485 contrarius
944 446 1014 483 est
1058 446 1337 500 anapaestUS,
1378 454 1520 498 quem
1562 438 1840 484 ἀντιδάκτυλον

385 514 539 560 Graeci
597 514 861 560 nominant.
932 513 1133 558 Constat
1179 529 1237 558 ex
1284 512 1467 558 duabus
1527 513 1746 560 brevibus
1793 523 1838 560 et

384 591 537 652 longa,
565 597 858 652 Stemporum
897 588 1114 644 totidem,
1144 597 1211 646 ut,
1234 587 1448 635 Nebulae.
1506 589 1677 636 Dictus
1715 591 1838 652 ῑπαρὰ

382 666 426 712 τὸ
459 665 674 722 ἀναπαῖειν,
699 665 804 711 κατὰ
838 663 881 710 τό
917 665 1112 710 ἀνάπαλιν
1144 665 1377 727 ἀντικρούων
1405 663 1498 727 πρός
1533 665 1596 712 τὸν
1634 666 1838 723 δάκτυλον,

383 743 494 805 quia
520 740 799 788 recurrendo
825 741 1143 804 repercutiens
1177 740 1438 804 dactylum,
1466 759 1580 788 sono
1598 743 1838 806 reciproco

381 818 655 879 obloquitur
680 817 752 862 uei
774 835 858 880 per
883 817 1225 881 antistrophen.

446 893 749 957 Tribracbys‚
786 893 1046 951 vtribrevis,
1070 903 1190 940 Wseu
1213 894 1433 951 Thasius,
1460 912 1605 956 quem
1641 894 1833 956 quidam

382 970 820 1033 brachysyllabum,
857 971 934 1017 alii
972 971 1288 1028 Xtriorcheon,
1326 970 1541 1016 nonnulli
1578 989 1837 1034 pygmona,

380 1046 594 1110 plerique
618 1046 834 1092 chorium
874 1057 1166 1111 nuncupant.
1237 1048 1439 1094 Constat
1463 1065 1521 1093 ex
1551 1048 1700 1094 tribus
1736 1049 1838 1093 bre-

381 1123 533 1178 vibus,
556 1131 612 1168 ‚Va
636 1122 810 1185 quibus
834 1140 1010 1169 nomen
1037 1124 1234 1188 accepit,
1261 1133 1325 1179 ut,
1352 1123 1564 1170 Helena.
1634 1123 1837 1170 Chorius

382 1208 538 1245 autem
568 1198 673 1245 ideo
697 1198 867 1255 dictus,
894 1200 1005 1262 quia
1031 1200 1213 1247 choreis
1251 1200 1392 1262 hujus
1422 1200 1704 1264 compositio
1727 1218 1838 1247 con-

380 1277 523 1323 venit.

449 1352 581 1398 Huic
617 1353 876 1399 contrarius
913 1363 983 1399 est
1024 1353 1269 1409 molossus,
1307 1354 1646 1410 zvortumnius,
1671 1362 1835 1399 exten-

382 1429 521 1492 sipes,
538 1447 680 1491 quem
709 1429 787 1475 alii
812 1429 1165 1492 ahippium,vel
1193 1429 1466 1475 aaclianium
1493 1429 1672 1475 dicunt.
1710 1430 1836 1475 Con-

381 1514 473 1551 stat
499 1523 557 1551 ex
582 1505 732 1551 tribus
760 1505 912 1568 longis
938 1514 1206 1569 temporum
1235 1523 1331 1562 sex,
1356 1515 1421 1560 ut,
1445 1505 1659 1552 AEueas.
1719 1506 1836 1552 Ideo

383 1583 613 1628 molossus
640 1582 810 1638 dictus,
837 1582 947 1645 quia
974 1582 1190 1639 Molossi,
1216 1582 1262 1628 id
1297 1591 1367 1629 est
1391 1582 1622 1636 Thessali,
1649 1582 1704 1628 ad
1738 1583 1836 1627 bel-

382 1659 480 1705 lum
508 1658 814 1722 procedentes
841 1658 982 1720 hujus
1008 1658 1250 1704 modulata
1270 1659 1613 1722 compositione
1640 1660 1837 1704 uteban-

380 1743 470 1781 tur.
543 1735 754 1799 Hippius
782 1753 889 1781 vero
914 1735 1118 1797 equestri
1147 1735 1327 1781 scilicet
1351 1751 1524 1798 pugnae
1554 1734 1836 1781 conveniens

380 1810 727 1857 modulabatur.

434 1935 450 1954 1‘
468 1928 554 1976 κόραι
576 1935 764 1971 vocantur,
786 1927 822 1964 id
843 1936 899 1964 est
920 1928 1088 1978 pupillae]
1114 1941 1189 1977 quae
1209 1941 1270 1964 cor
1289 1933 1483 1964 evocantur
1504 1929 1540 1963 z'cl
1559 1934 1608 1964 est
1624 1929 1771 1976 pupulo?
1789 1929 1835 1965 A.

381 1994 458 2029 quce
479 1982 573 2017 Veri.
597 1995 663 2030 pro
685 1983 758 2029 qui.
916 1988 930 2008 Ξ
946 1990 983 2018 et
1005 1982 1236 2031 temporum]
1256 1987 1450 2029 temporum
1472 1982 1563 2017 AB.
1724 1983 1735 2002 t
1754 1985 1838 2017 ἀνα-

380 2037 497 2077 natm,
521 2034 556 2070 id
579 2044 647 2076 est,
669 2038 758 2083 παρὰ
777 2036 812 2071 τὸ
832 2037 997 2071 ἀνάπαλιν
1017 2034 1221 2084 ammaim]
1245 2036 1400 2082 anapeiu
1419 2039 1541 2070 caecato
1561 2035 1735 2082 antipolin
1760 2036 1838 2070 anti

382 2090 502 2124 cruori
520 2089 564 2124 A.
595 2091 759 2136 anapoein
780 2089 911 2124 calado
932 2090 1103 2136 <mapalia
1123 2090 1183 2124 secl
1203 2091 1410 2124 anticraore
1429 2100 1513 2135 pros
1535 2093 1595 2122 ton
1614 2089 1770 2123 (Iactilon
1791 2088 1835 2123 B.

382 2148 402 2167 ¹¹
423 2149 459 2177 et
480 2154 544 2190 per
563 2141 840 2191 antistrophen]
866 2143 898 2177 el
922 2155 989 2189 per
1008 2142 1254 2189 antistrophen
1278 2141 1501 2189 (miserantis
1530 2140 1645 2189 trofen
1668 2142 1729 2187 B.)
1753 2143 1836 2188 quia

383 2196 585 2230 contrarius
604 2200 653 2229 est
676 2195 831 2230 bacchio.
883 2196 991 2242 Apud
1017 2196 1157 2231 Graecos
1177 2197 1269 2230 enim
1285 2196 1388 2242 palin
1409 2196 1628 2230 contrarium
1647 2195 1835 2242 signficat.

383 2249 472 2282 adeo
487 2248 590 2294 palin
613 2253 672 2283 lon
694 2254 803 2283 atoma
824 2260 866 2283 ex
885 2248 938 2283 his
960 2249 1120 2284 omnibus
1148 2249 1242 2283 inter
1259 2260 1295 2283 se
1321 2248 1440 2282 mixtis
1459 2248 1524 2282 alii
1543 2248 1705 2294 deinceps
1730 2248 1837 2293 pedes

382 2301 580 2347 complures
599 2303 652 2336 sin
678 2303 791 2347 zugice
815 2306 1067 2337 venascuntur.
1117 2301 1215 2336 Nam
1243 2313 1344 2348 quem
1370 2302 1571 2335 ammodum
1597 2301 1703 2346 pedes
1724 2301 1835 2347 disyl-

384 2354 457 2389 labi
473 2358 646 2400 quattuor
663 2356 836 2400 geminati
863 2355 1009 2389 sedecim
1033 2355 1189 2400 duplices
1204 2354 1305 2401 fiunt
1329 2365 1416 2400 quas
1441 2354 1545 2388 Greci
1564 2355 1753 2400 synzygias
1771 2365 1834 2388 vo-

382 2411 466 2442 cant
486 2408 538 2441 ita
559 2407 648 2441 idem
671 2419 748 2442 cum
771 2407 963 2454 trisyllabis
972 2406 1107 2452 juncli.
1149 2406 1353 2442 Trihrachis
1370 2407 1531 2441 tribrevz's
1551 2411 1618 2442 etc.
1635 2407 1681 2442 A.
1703 2414 1741 2442 et
1761 2406 1836 2442 fere

383 2460 428 2495 Β.
462 2459 546 2496 Vid.
568 2459 665 2494 infra
685 2472 712 2494 s.
737 2471 798 2507 25.
964 2466 983 2483 v
1003 2471 1067 2494 seu
1086 2458 1264 2506 Thasius]
1296 2460 1337 2495 F.
1359 2472 1421 2495 ceu
1441 2459 1659 2507 Dibrachys.
1680 2460 1834 2495 Santen.

381 2513 530 2548 Terent.
548 2512 671 2547 Maur.
687 2525 721 2560 p.
742 2523 804 2559 75.
916 2518 943 2536 w
964 2512 1130 2548 tribrew's
1150 2520 1325 2561 tanquam
1349 2512 1463 2548 tasius
1479 2511 1647 2560 quidam]
1675 2513 1836 2548 tribrevis

384 2571 418 2601 te
437 2572 477 2601 ut
501 2567 581 2610 (ceu
603 2565 684 2608 Sc.)
710 2566 846 2600 thasius
865 2578 965 2612 quem
987 2566 1132 2612 quidam
1152 2566 1198 2601 A.
1365 2572 1385 2591 Χ
1407 2566 1640 2608 trinocheon,
1664 2565 1836 2602 nonnulli

382 2619 607 2667 Pygn1e0na‚
627 2617 794 2667 plerique
814 2619 991 2655 choreum
1014 2617 1228 2665 nominant]
1252 2619 1452 2654 triorcheon
1471 2620 1635 2654 nonnulli
1650 2621 1835 2667 pygniona

387 2673 590 2719 (pygmona
610 2673 687 2717 Sc.)
711 2673 875 2719 plerique
896 2672 1058 2707 chorium
1078 2678 1287 2719 nuncupant
1307 2673 1349 2708 A.
1371 2685 1555 2720 pygmona
1572 2673 1733 2719 plerique
1751 2672 1833 2707 cho-

383 2726 477 2761 rium
496 2730 705 2772 nuncupant
724 2725 1220 2772 B.—trocheon—pigmona
1241 2726 1336 2762 Ven.
1432 2733 1451 2760 Y
1472 2738 1517 2762 ex
1537 2725 1688 2774 quibus]
1712 2738 1734 2760 a
1755 2726 1834 2772 qui-

384 2779 446 2814 bus
466 2778 558 2814 AB.
668 2784 686 2803 Ζ
709 2778 939 2824 vertumnus]
962 2781 1186 2814 vorlumnius
1206 2779 1248 2814 B.
1357 2785 1376 2805 a
1394 2777 1568 2828 hippeum
1591 2778 1645 2814 vel
1665 2777 1832 2824 caniurn]

383 2832 541 2879 hippium
562 2832 619 2866 vel
637 2831 804 2868 chamum
823 2831 915 2867 Α.Β.
941 2832 974 2867 Ιι.
994 2844 1026 2867 υ.
1051 2832 1211 2867 thunium
1235 2832 1279 2867 C.
1392 2838 1431 2858 aa
1451 2830 1653 2878 Chanium]
1676 2831 1716 2867 F.
1741 2832 1833 2866 Cha-

382 2887 503 2920 onium
524 2883 724 2921 Santenius
745 2884 790 2920 ad
810 2885 962 2921 Terent.
983 2885 1108 2922 Maur.
1131 2898 1165 2934 p.
1184 2896 1246 2933 75.
