<?xml version="1.0" encoding="UTF-8"?>
<!DOCTYPE html PUBLIC "-//W3C//DTD XHTML 1.0 Transitional//EN"
    "http://www.w3.org/TR/xhtml1/DTD/xhtml1-transitional.dtd">
<html xmlns="http://www.w3.org/1999/xhtml" xml:lang="en" lang="en">
 <head>
  <title>
</title>
<meta http-equiv="Content-Type" content="text/html;charset=utf-8" />
  <meta name='ocr-system' content='tesseract 3.04.00' />
  <meta name='ocr-capabilities' content='ocr_page ocr_carea ocr_par ocr_line ocrx_word'/>
</head>
<body>
  <div class='ocr_page' id='page_1' title='image "./scriptoreslatini00gaisuoft_0173.png"; bbox 0 0 1962 3355; ppageno 0'>
   <div class='ocr_carea' id='block_1_1' title="bbox 126 187 1572 250">
    <p class='ocr_par' dir='ltr' id='par_1_1' title="bbox 126 187 1572 250">
     <span class='ocr_line' id='line_1_1' title="bbox 126 187 1572 250; baseline -0.002 -14"><span class='ocrx_word' id='word_1_1' title='bbox 126 205 232 236; x_wconf 80' lang='lat' dir='ltr'>CAP.</span> <span class='ocrx_word' id='word_1_2' title='bbox 253 197 297 247; x_wconf 90' lang='lat'>7.</span> <span class='ocrx_word' id='word_1_3' title='bbox 545 188 629 234; x_wconf 85' lang='lat' dir='ltr'>De</span> <span class='ocrx_word' id='word_1_4' title='bbox 651 188 906 250; x_wconf 77' lang='lat' dir='ltr'><em>reciprocis</em></span> <span class='ocrx_word' id='word_1_5' title='bbox 926 187 1156 235; x_wconf 79' lang='lat' dir='ltr'>versibus.</span> <span class='ocrx_word' id='word_1_6' title='bbox 1485 196 1572 233; x_wconf 81' lang='lat'>155</span> 
     </span>
    </p>
   </div>
   <div class='ocr_carea' id='block_1_2' title="bbox 122 307 1576 752">
    <p class='ocr_par' dir='ltr' id='par_1_2' title="bbox 122 307 1576 752">
     <span class='ocr_line' id='line_1_2' title="bbox 124 307 1576 373; baseline -0.003 -18"><span class='ocrx_word' id='word_1_7' title='bbox 124 310 245 356; x_wconf 82' lang='lat' dir='ltr'>circa</span> <span class='ocrx_word' id='word_1_8' title='bbox 268 317 439 373; x_wconf 85' lang='lat' dir='ltr'>putant</span> <span class='ocrx_word' id='word_1_9' title='bbox 463 310 679 355; x_wconf 85' lang='lat' dir='ltr'>nonnulli</span> <span class='ocrx_word' id='word_1_10' title='bbox 715 309 951 355; x_wconf 88' lang='lat' dir='ltr'>duriorem</span> <span class='ocrx_word' id='word_1_11' title='bbox 988 308 1142 371; x_wconf 81' lang='lat' dir='ltr'>legem</span> <span class='ocrx_word' id='word_1_12' title='bbox 1181 307 1444 353; x_wconf 88' lang='lat' dir='ltr'>oratoribus</span> <span class='ocrx_word' id='word_1_13' title='bbox 1478 307 1576 352; x_wconf 89' lang='lat' dir='ltr'>fore</span> 
     </span>
     <span class='ocr_line' id='line_1_3' title="bbox 123 382 1573 449; baseline -0.003 -18"><span class='ocrx_word' id='word_1_14' title='bbox 123 403 265 447; x_wconf 88' lang='lat' dir='ltr'>quam</span> <span class='ocrx_word' id='word_1_15' title='bbox 293 386 470 449; x_wconf 91' lang='lat' dir='ltr'>poetis:</span> <span class='ocrx_word' id='word_1_16' title='bbox 508 403 617 433; x_wconf 84' lang='lat' dir='ltr'>nam</span> <span class='ocrx_word' id='word_1_17' title='bbox 651 393 704 431; x_wconf 89' lang='lat' dir='ltr'>ut</span> <span class='ocrx_word' id='word_1_18' title='bbox 733 384 851 431; x_wconf 89' lang='lat' dir='ltr'>nihil</span> <span class='ocrx_word' id='word_1_19' title='bbox 890 384 1091 430; x_wconf 86' lang='lat' dir='ltr'>scribere</span> <span class='ocrx_word' id='word_1_20' title='bbox 1128 399 1394 446; x_wconf 83' lang='lat' dir='ltr'>possumuS‚</span> <span class='ocrx_word' id='word_1_21' title='bbox 1418 382 1573 444; x_wconf 69' lang='lat' dir='ltr'>yquod</span> 
     </span>
     <span class='ocr_line' id='line_1_4' title="bbox 123 457 1574 520; baseline -0.002 -14"><span class='ocrx_word' id='word_1_22' title='bbox 123 470 253 507; x_wconf 85' lang='lat' dir='ltr'>extra</span> <span class='ocrx_word' id='word_1_23' title='bbox 279 479 532 508; x_wconf 88' lang='lat' dir='ltr'>numerum</span> <span class='ocrx_word' id='word_1_24' title='bbox 560 463 819 509; x_wconf 87' lang='lat' dir='ltr'>litterarum</span> <span class='ocrx_word' id='word_1_25' title='bbox 843 458 994 513; x_wconf 86' lang='lat' dir='ltr'>cadat,</span> <span class='ocrx_word' id='word_1_26' title='bbox 1011 458 1078 504; x_wconf 90' lang='lat' dir='ltr'>sic</span> <span class='ocrx_word' id='word_1_27' title='bbox 1101 466 1186 503; x_wconf 90' lang='lat' dir='ltr'>zne</span> <span class='ocrx_word' id='word_1_28' title='bbox 1206 458 1334 520; x_wconf 90' lang='lat' dir='ltr'>loqui</span> <span class='ocrx_word' id='word_1_29' title='bbox 1362 457 1574 520; x_wconf 87' lang='lat' dir='ltr'>quidem,</span> 
     </span>
     <span class='ocr_line' id='line_1_5' title="bbox 122 533 1573 597; baseline -0.003 -15"><span class='ocrx_word' id='word_1_30' title='bbox 122 545 205 583; x_wconf 86' lang='lat' dir='ltr'>aut</span> <span class='ocrx_word' id='word_1_31' title='bbox 228 538 423 583; x_wconf 87' lang='lat' dir='ltr'>verbum</span> <span class='ocrx_word' id='word_1_32' title='bbox 451 539 599 585; x_wconf 91' lang='lat' dir='ltr'>ullum</span> <span class='ocrx_word' id='word_1_33' title='bbox 626 537 857 592; x_wconf 79' lang='lat' dir='ltr'><strong>emittere,</strong></span> <span class='ocrx_word' id='word_1_34' title='bbox 876 534 1002 597; x_wconf 89' lang='lat' dir='ltr'>quod</span> <span class='ocrx_word' id='word_1_35' title='bbox 1029 552 1122 580; x_wconf 92' lang='lat' dir='ltr'>non</span> <span class='ocrx_word' id='word_1_36' title='bbox 1148 534 1195 580; x_wconf 87' lang='lat' dir='ltr'>in</span> <span class='ocrx_word' id='word_1_37' title='bbox 1223 533 1365 597; x_wconf 91' lang='lat' dir='ltr'>pedes</span> <span class='ocrx_word' id='word_1_38' title='bbox 1391 533 1573 594; x_wconf 84' lang='lat' dir='ltr'>aliquos</span> 
     </span>
     <span class='ocr_line' id='line_1_6' title="bbox 122 608 1574 676; baseline -0.002 -19"><span class='ocrx_word' id='word_1_39' title='bbox 122 620 170 657; x_wconf 90' lang='lat' dir='ltr'>et</span> <span class='ocrx_word' id='word_1_40' title='bbox 195 612 241 657; x_wconf 89' lang='lat' dir='ltr'>in</span> <span class='ocrx_word' id='word_1_41' title='bbox 273 612 526 676; x_wconf 77' lang='lat' dir='ltr'>rhythmos</span> <span class='ocrx_word' id='word_1_42' title='bbox 562 612 754 670; x_wconf 83' lang='lat' dir='ltr'>incidat,</span> <span class='ocrx_word' id='word_1_43' title='bbox 779 611 885 674; x_wconf 68' lang='lat' dir='ltr'>aqui</span> <span class='ocrx_word' id='word_1_44' title='bbox 923 611 1100 656; x_wconf 84' lang='lat' dir='ltr'>alterna</span> <span class='ocrx_word' id='word_1_45' title='bbox 1137 610 1425 673; x_wconf 84' lang='lat' dir='ltr'>syllabarum</span> <span class='ocrx_word' id='word_1_46' title='bbox 1465 608 1574 653; x_wconf 88' lang='lat' dir='ltr'>sub—</span> 
     </span>
     <span class='ocr_line' id='line_1_7' title="bbox 122 687 965 752; baseline -0.002 -19"><span class='ocrx_word' id='word_1_47' title='bbox 122 687 297 734; x_wconf 85' lang='lat' dir='ltr'><strong>latione</strong></span> <span class='ocrx_word' id='word_1_48' title='bbox 322 698 368 735; x_wconf 90' lang='lat' dir='ltr'>et</span> <span class='ocrx_word' id='word_1_49' title='bbox 391 689 626 752; x_wconf 87' lang='lat' dir='ltr'>positione</span> <span class='ocrx_word' id='word_1_50' title='bbox 650 687 965 734; x_wconf 87' lang='lat' dir='ltr'>continentur.</span> 
     </span>
    </p>
   </div>
   <div class='ocr_carea' id='block_1_3' title="bbox 327 834 1356 905">
    <p class='ocr_par' dir='ltr' id='par_1_3' title="bbox 327 834 1356 905">
     <span class='ocr_line' id='line_1_8' title="bbox 327 834 1356 905; baseline -0.004 -17"><span class='ocrx_word' id='word_1_51' title='bbox 327 837 462 888; x_wconf 81' lang='lat' dir='ltr'><strong>CAP.</strong></span> <span class='ocrx_word' id='word_1_52' title='bbox 493 836 623 888; x_wconf 90' lang='lat' dir='ltr'><strong>VII.</strong></span> <span class='ocrx_word' id='word_1_53' title='bbox 680 837 762 888; x_wconf 82' lang='lat' dir='ltr'>De</span> <span class='ocrx_word' id='word_1_54' title='bbox 790 834 1075 905; x_wconf 71' lang='lat' dir='ltr'>reciprocis</span> <span class='ocrx_word' id='word_1_55' title='bbox 1102 834 1356 887; x_wconf 79' lang='lat' dir='ltr'>versibus.</span> 
     </span>
    </p>
   </div>
   <div class='ocr_carea' id='block_1_4' title="bbox 124 931 1604 2288">
    <p class='ocr_par' dir='ltr' id='par_1_4' title="bbox 124 931 1577 1376">
     <span class='ocr_line' id='line_1_9' title="bbox 190 931 1576 1000; baseline -0.004 -18"><span class='ocrx_word' id='word_1_56' title='bbox 190 936 360 1000; x_wconf 86' lang='lat' dir='ltr'>Operae</span> <span class='ocrx_word' id='word_1_57' title='bbox 396 936 598 999; x_wconf 90' lang='lat' dir='ltr'>pretium</span> <span class='ocrx_word' id='word_1_58' title='bbox 637 943 707 981; x_wconf 90' lang='lat' dir='ltr'>est</span> <span class='ocrx_word' id='word_1_59' title='bbox 731 936 852 981; x_wconf 88' lang='lat' dir='ltr'>inter</span> <span class='ocrx_word' id='word_1_60' title='bbox 877 934 979 980; x_wconf 85' lang='lat' dir='ltr'>haec</span> <span class='ocrx_word' id='word_1_61' title='bbox 1004 942 1051 980; x_wconf 88' lang='lat' dir='ltr'>et</span> <span class='ocrx_word' id='word_1_62' title='bbox 1074 933 1131 980; x_wconf 92' lang='lat' dir='ltr'>de</span> <span class='ocrx_word' id='word_1_63' title='bbox 1156 932 1408 996; x_wconf 80' lang='lat' dir='ltr'>reciprocis</span> <span class='ocrx_word' id='word_1_64' title='bbox 1433 931 1576 977; x_wconf 83' lang='lat' dir='ltr'>versi-</span> 
     </span>
     <span class='ocr_line' id='line_1_10' title="bbox 124 1007 1576 1072; baseline -0.005 -13"><span class='ocrx_word' id='word_1_65' title='bbox 124 1013 228 1070; x_wconf 89' lang='lat' dir='ltr'>bus,</span> <span class='ocrx_word' id='word_1_66' title='bbox 254 1022 307 1059; x_wconf 94' lang='lat' dir='ltr'>ut</span> <span class='ocrx_word' id='word_1_67' title='bbox 330 1013 627 1059; x_wconf 83' lang='lat' dir='ltr'>omnifariam</span> <span class='ocrx_word' id='word_1_68' title='bbox 667 1011 777 1058; x_wconf 87' lang='lat' dir='ltr'>artis</span> <span class='ocrx_word' id='word_1_69' title='bbox 816 1011 1022 1057; x_wconf 87' lang='lat' dir='ltr'>metricae</span> <span class='ocrx_word' id='word_1_70' title='bbox 1058 1009 1320 1072; x_wconf 88' lang='lat' dir='ltr'>disciplinis</span> <span class='ocrx_word' id='word_1_71' title='bbox 1357 1017 1403 1054; x_wconf 91' lang='lat' dir='ltr'>et</span> <span class='ocrx_word' id='word_1_72' title='bbox 1427 1007 1576 1071; x_wconf 83' lang='lat' dir='ltr'>gratia</span> 
     </span>
     <span class='ocr_line' id='line_1_11' title="bbox 126 1083 1577 1152; baseline -0.005 -17"><span class='ocrx_word' id='word_1_73' title='bbox 126 1089 217 1135; x_wconf 89' lang='lat' dir='ltr'>hoc</span> <span class='ocrx_word' id='word_1_74' title='bbox 252 1089 536 1152; x_wconf 88' lang='lat' dir='ltr'>opusculum</span> <span class='ocrx_word' id='word_1_75' title='bbox 570 1088 873 1141; x_wconf 82' lang='lat' dir='ltr'>instruamus,</span> <span class='ocrx_word' id='word_1_76' title='bbox 899 1093 1087 1147; x_wconf 87' lang='lat' dir='ltr'>quantae</span> <span class='ocrx_word' id='word_1_77' title='bbox 1113 1084 1206 1129; x_wconf 87' lang='lat' dir='ltr'>sint</span> <span class='ocrx_word' id='word_1_78' title='bbox 1231 1083 1505 1140; x_wconf 79' lang='lat' dir='ltr'>venustatis,</span> <span class='ocrx_word' id='word_1_79' title='bbox 1529 1092 1577 1128; x_wconf 90' lang='lat' dir='ltr'>et</span> 
     </span>
     <span class='ocr_line' id='line_1_12' title="bbox 125 1159 1575 1227; baseline -0.005 -16"><span class='ocrx_word' id='word_1_80' title='bbox 125 1173 242 1227; x_wconf 91' lang='lat' dir='ltr'>quot</span> <span class='ocrx_word' id='word_1_81' title='bbox 282 1182 444 1210; x_wconf 90' lang='lat' dir='ltr'>eorum</span> <span class='ocrx_word' id='word_1_82' title='bbox 483 1163 660 1226; x_wconf 90' lang='lat' dir='ltr'>species</span> <span class='ocrx_word' id='word_1_83' title='bbox 703 1160 1099 1223; x_wconf 82' lang='lat' dir='ltr'>investigaverim,</span> <span class='ocrx_word' id='word_1_84' title='bbox 1136 1159 1305 1205; x_wconf 84' lang='lat' dir='ltr'>dicere.</span> <span class='ocrx_word' id='word_1_85' title='bbox 1345 1159 1468 1212; x_wconf 76' lang='lat' dir='ltr'>bQui</span> <span class='ocrx_word' id='word_1_86' title='bbox 1507 1176 1575 1204; x_wconf 90' lang='lat' dir='ltr'>re-</span> 
     </span>
     <span class='ocr_line' id='line_1_13' title="bbox 125 1236 1576 1300; baseline -0.005 -14"><span class='ocrx_word' id='word_1_87' title='bbox 125 1249 331 1286; x_wconf 85' lang='lat' dir='ltr'>trorsum</span> <span class='ocrx_word' id='word_1_88' title='bbox 356 1239 470 1285; x_wconf 87' lang='lat' dir='ltr'>dum</span> <span class='ocrx_word' id='word_1_89' title='bbox 497 1238 734 1300; x_wconf 82' lang='lat' dir='ltr'>leguntur,</span> <span class='ocrx_word' id='word_1_90' title='bbox 760 1238 901 1300; x_wconf 84' lang='lat' dir='ltr'>longe</span> <span class='ocrx_word' id='word_1_91' title='bbox 928 1236 1054 1282; x_wconf 87' lang='lat' dir='ltr'>aliud</span> <span class='ocrx_word' id='word_1_92' title='bbox 1082 1246 1289 1281; x_wconf 88' lang='lat' dir='ltr'>metrum</span> <span class='ocrx_word' id='word_1_93' title='bbox 1317 1253 1375 1281; x_wconf 88' lang='lat' dir='ltr'>ex</span> <span class='ocrx_word' id='word_1_94' title='bbox 1396 1253 1444 1280; x_wconf 91' lang='lat' dir='ltr'>se</span> <span class='ocrx_word' id='word_1_95' title='bbox 1468 1252 1576 1298; x_wconf 88' lang='lat' dir='ltr'>pro-</span> 
     </span>
     <span class='ocr_line' id='line_1_14' title="bbox 125 1315 776 1376; baseline -0.003 -15"><span class='ocrx_word' id='word_1_96' title='bbox 125 1325 301 1372; x_wconf 83' lang='lat' dir='ltr'>creant,</span> <span class='ocrx_word' id='word_1_97' title='bbox 324 1324 377 1362; x_wconf 91' lang='lat' dir='ltr'>ut</span> <span class='ocrx_word' id='word_1_98' title='bbox 402 1324 471 1361; x_wconf 90' lang='lat' dir='ltr'>est</span> <span class='ocrx_word' id='word_1_99' title='bbox 497 1315 576 1360; x_wconf 89' lang='lat' dir='ltr'>hic</span> <span class='ocrx_word' id='word_1_100' title='bbox 601 1315 776 1376; x_wconf 80' lang='lat' dir='ltr'>elegus,</span> 
     </span>
    </p>

    <p class='ocr_par' dir='ltr' id='par_1_5' title="bbox 258 1387 1396 1449">
     <span class='ocr_line' id='line_1_15' title="bbox 258 1387 1396 1449; baseline -0.004 -12"><span class='ocrx_word' id='word_1_101' title='bbox 258 1391 380 1437; x_wconf 87' lang='lat' dir='ltr'>Esse</span> <span class='ocrx_word' id='word_1_102' title='bbox 405 1391 549 1437; x_wconf 76' lang='lat' dir='ltr'>bonus</span> <span class='ocrx_word' id='word_1_103' title='bbox 573 1391 616 1436; x_wconf 76' lang='lat' dir='ltr'>si</span> <span class='ocrx_word' id='word_1_104' title='bbox 638 1391 710 1437; x_wconf 82' lang='lat' dir='ltr'>vis</span> <span class='ocrx_word' id='word_1_105' title='bbox 734 1389 832 1436; x_wconf 85' lang='lat' dir='ltr'>cole</span> <span class='ocrx_word' id='word_1_106' title='bbox 857 1388 987 1434; x_wconf 76' lang='lat' dir='ltr'>divos</span> <span class='ocrx_word' id='word_1_107' title='bbox 1011 1387 1186 1449; x_wconf 77' lang='lat' dir='ltr'>optime</span> <span class='ocrx_word' id='word_1_108' title='bbox 1209 1387 1396 1443; x_wconf 74' lang='lat' dir='ltr'>Pansa,</span> 
     </span>
    </p>

    <p class='ocr_par' dir='ltr' id='par_1_6' title="bbox 126 1464 1425 1606">
     <span class='ocr_line' id='line_1_16' title="bbox 328 1464 1223 1531; baseline -0.006 -18"><span class='ocrx_word' id='word_1_109' title='bbox 328 1467 501 1514; x_wconf 74' lang='lat' dir='ltr'>Omine</span> <span class='ocrx_word' id='word_1_110' title='bbox 507 1466 659 1531; x_wconf 74' lang='lat' dir='ltr'>felici</span> <span class='ocrx_word' id='word_1_111' title='bbox 682 1466 853 1512; x_wconf 80' lang='lat' dir='ltr'>Pansa</span> <span class='ocrx_word' id='word_1_112' title='bbox 874 1481 1077 1527; x_wconf 79' lang='lat' dir='ltr'>precare</span> <span class='ocrx_word' id='word_1_113' title='bbox 1102 1464 1223 1509; x_wconf 85' lang='lat' dir='ltr'>deos.</span> 
     </span>
     <span class='ocr_line' id='line_1_17' title="bbox 126 1538 1425 1606; baseline -0.005 -16"><span class='ocrx_word' id='word_1_114' title='bbox 126 1544 204 1590; x_wconf 83' lang='lat' dir='ltr'>Ex</span> <span class='ocrx_word' id='word_1_115' title='bbox 231 1543 303 1589; x_wconf 89' lang='lat' dir='ltr'>his</span> <span class='ocrx_word' id='word_1_116' title='bbox 330 1543 541 1606; x_wconf 87' lang='lat' dir='ltr'>superior</span> <span class='ocrx_word' id='word_1_117' title='bbox 566 1542 736 1588; x_wconf 85' lang='lat' dir='ltr'>herous</span> <span class='ocrx_word' id='word_1_118' title='bbox 762 1542 808 1587; x_wconf 91' lang='lat' dir='ltr'>in</span> <span class='ocrx_word' id='word_1_119' title='bbox 835 1540 1082 1587; x_wconf 85' lang='lat' dir='ltr'>Sotadium</span> <span class='ocrx_word' id='word_1_120' title='bbox 1110 1538 1319 1596; x_wconf 79' lang='lat' dir='ltr'>recurrit,</span> <span class='ocrx_word' id='word_1_121' title='bbox 1345 1539 1425 1595; x_wconf 91' lang='lat' dir='ltr'>sic,</span> 
     </span>
    </p>

    <p class='ocr_par' dir='ltr' id='par_1_7' title="bbox 192 1616 1301 1682">
     <span class='ocr_line' id='line_1_18' title="bbox 192 1616 1301 1682; baseline -0.005 -16"><span class='ocrx_word' id='word_1_122' title='bbox 192 1619 361 1666; x_wconf 79' lang='lat' dir='ltr'>Pansa</span> <span class='ocrx_word' id='word_1_123' title='bbox 385 1619 558 1682; x_wconf 77' lang='lat' dir='ltr'>optime</span> <span class='ocrx_word' id='word_1_124' title='bbox 581 1619 710 1665; x_wconf 79' lang='lat' dir='ltr'>divos</span> <span class='ocrx_word' id='word_1_125' title='bbox 735 1618 834 1665; x_wconf 83' lang='lat' dir='ltr'>cole</span> <span class='ocrx_word' id='word_1_126' title='bbox 856 1618 899 1664; x_wconf 82' lang='lat' dir='ltr'>si</span> <span class='ocrx_word' id='word_1_127' title='bbox 923 1618 994 1664; x_wconf 82' lang='lat' dir='ltr'>vis</span> <span class='ocrx_word' id='word_1_128' title='bbox 1021 1616 1165 1663; x_wconf 74' lang='lat' dir='ltr'>bonus</span> <span class='ocrx_word' id='word_1_129' title='bbox 1191 1632 1301 1662; x_wconf 83' lang='lat' dir='ltr'>esse.</span> 
     </span>
    </p>

    <p class='ocr_par' dir='ltr' id='par_1_8' title="bbox 127 1695 268 1752">
     <span class='ocr_line' id='line_1_19' title="bbox 127 1695 268 1752; baseline -0.014 -10"><span class='ocrx_word' id='word_1_130' title='bbox 127 1695 268 1752; x_wconf 88' lang='lat' dir='ltr'>Item,</span> 
     </span>
    </p>

    <p class='ocr_par' dir='ltr' id='par_1_9' title="bbox 127 1767 1380 1904">
     <span class='ocr_line' id='line_1_20' title="bbox 193 1767 1380 1835; baseline -0.003 -19"><span class='ocrx_word' id='word_1_131' title='bbox 193 1770 318 1817; x_wconf 76' lang='lat' dir='ltr'>Ecce</span> <span class='ocrx_word' id='word_1_132' title='bbox 342 1777 491 1818; x_wconf 81' lang='lat' dir='ltr'>tumet</span> <span class='ocrx_word' id='word_1_133' title='bbox 510 1772 715 1835; x_wconf 81' lang='lat' dir='ltr'>gemmis</span> <span class='ocrx_word' id='word_1_134' title='bbox 741 1777 826 1817; x_wconf 82' lang='lat' dir='ltr'>taa</span> <span class='ocrx_word' id='word_1_135' title='bbox 849 1770 962 1817; x_wconf 81' lang='lat' dir='ltr'>vitis</span> <span class='ocrx_word' id='word_1_136' title='bbox 986 1769 1160 1831; x_wconf 78' lang='lat' dir='ltr'>optime</span> <span class='ocrx_word' id='word_1_137' title='bbox 1179 1767 1380 1814; x_wconf 78' lang='lat' dir='ltr'>Bacche.</span> 
     </span>
     <span class='ocr_line' id='line_1_21' title="bbox 127 1847 666 1904; baseline 0 -12"><span class='ocrx_word' id='word_1_138' title='bbox 127 1847 373 1893; x_wconf 86' lang='lat' dir='ltr'>Sotadium</span> <span class='ocrx_word' id='word_1_139' title='bbox 403 1847 536 1893; x_wconf 84' lang='lat' dir='ltr'>dabit</span> <span class='ocrx_word' id='word_1_140' title='bbox 559 1847 666 1904; x_wconf 85' lang='lat' dir='ltr'>tale,</span> 
     </span>
    </p>

    <p class='ocr_par' dir='ltr' id='par_1_10' title="bbox 127 1920 1604 2132">
     <span class='ocr_line' id='line_1_22' title="bbox 260 1920 1441 1987; baseline -0.005 -18"><span class='ocrx_word' id='word_1_141' title='bbox 260 1924 451 1969; x_wconf 75' lang='lat' dir='ltr'>Bacche</span> <span class='ocrx_word' id='word_1_142' title='bbox 474 1924 648 1985; x_wconf 80' lang='lat' dir='ltr'>optime</span> <span class='ocrx_word' id='word_1_143' title='bbox 670 1922 875 1987; x_wconf 76' lang='lat' dir='ltr'>gemmis</span> <span class='ocrx_word' id='word_1_144' title='bbox 900 1927 984 1966; x_wconf 77' lang='lat' dir='ltr'>tua</span> <span class='ocrx_word' id='word_1_145' title='bbox 1010 1920 1121 1966; x_wconf 80' lang='lat' dir='ltr'>vitis</span> <span class='ocrx_word' id='word_1_146' title='bbox 1146 1925 1296 1965; x_wconf 79' lang='lat' dir='ltr'>tumet</span> <span class='ocrx_word' id='word_1_147' title='bbox 1322 1935 1441 1964; x_wconf 82' lang='lat' dir='ltr'>ecce.</span> 
     </span>
     <span class='ocr_line' id='line_1_23' title="bbox 127 1994 1604 2063; baseline -0.005 -18"><span class='ocrx_word' id='word_1_148' title='bbox 127 2000 264 2046; x_wconf 85' lang='lat' dir='ltr'>Alter</span> <span class='ocrx_word' id='word_1_149' title='bbox 301 2000 380 2061; x_wconf 90' lang='lat' dir='ltr'>qui</span> <span class='ocrx_word' id='word_1_150' title='bbox 431 2009 501 2046; x_wconf 88' lang='lat' dir='ltr'>est</span> <span class='ocrx_word' id='word_1_151' title='bbox 546 2008 870 2063; x_wconf 86' lang='lat' dir='ltr'>pentametrus</span> <span class='ocrx_word' id='word_1_152' title='bbox 916 1997 966 2042; x_wconf 86' lang='lat' dir='ltr'>in</span> <span class='ocrx_word' id='word_1_153' title='bbox 1014 1995 1273 2041; x_wconf 85' lang='lat' dir='ltr'>iambicum</span> <span class='ocrx_word' id='word_1_154' title='bbox 1312 1994 1577 2039; x_wconf 85' lang='lat' dir='ltr'>trimetrum</span> <span class='ocrx_word' id='word_1_155' title='bbox 1598 2035 1604 2042; x_wconf 73' lang='grc'>,</span> 
     </span>
     <span class='ocr_line' id='line_1_24' title="bbox 130 2075 374 2132; baseline 0 -11"><span class='ocrx_word' id='word_1_156' title='bbox 130 2075 267 2132; x_wconf 88' lang='lat' dir='ltr'>redit,</span> <span class='ocrx_word' id='word_1_157' title='bbox 294 2075 374 2129; x_wconf 83' lang='lat' dir='ltr'>sic,</span> 
     </span>
    </p>

    <p class='ocr_par' dir='ltr' id='par_1_11' title="bbox 128 2146 1582 2288">
     <span class='ocr_line' id='line_1_25' title="bbox 327 2146 1224 2213; baseline -0.007 -16"><span class='ocrx_word' id='word_1_158' title='bbox 327 2150 461 2197; x_wconf 81' lang='lat' dir='ltr'>Deos</span> <span class='ocrx_word' id='word_1_159' title='bbox 481 2168 683 2213; x_wconf 81' lang='lat' dir='ltr'>precare</span> <span class='ocrx_word' id='word_1_160' title='bbox 706 2150 875 2197; x_wconf 79' lang='lat' dir='ltr'>Pansa</span> <span class='ocrx_word' id='word_1_161' title='bbox 882 2146 1033 2212; x_wconf 80' lang='lat' dir='ltr'>felici</span> <span class='ocrx_word' id='word_1_162' title='bbox 1058 2147 1224 2193; x_wconf 81' lang='lat' dir='ltr'>omine.</span> 
     </span>
     <span class='ocr_line' id='line_1_26' title="bbox 128 2220 1582 2288; baseline -0.005 -16"><span class='ocrx_word' id='word_1_163' title='bbox 128 2225 399 2273; x_wconf 88' lang='lat' dir='ltr'>Iambicum</span> <span class='ocrx_word' id='word_1_164' title='bbox 426 2236 497 2273; x_wconf 91' lang='lat' dir='ltr'>est</span> <span class='ocrx_word' id='word_1_165' title='bbox 520 2227 636 2273; x_wconf 89' lang='lat' dir='ltr'>item</span> <span class='ocrx_word' id='word_1_166' title='bbox 663 2225 790 2272; x_wconf 85' lang='lat' dir='ltr'>aliud</span> <span class='ocrx_word' id='word_1_167' title='bbox 816 2242 980 2288; x_wconf 85' lang='lat' dir='ltr'>genus,</span> <span class='ocrx_word' id='word_1_168' title='bbox 995 2222 1121 2285; x_wconf 90' lang='lat' dir='ltr'>quod</span> <span class='ocrx_word' id='word_1_169' title='bbox 1147 2222 1197 2268; x_wconf 90' lang='lat' dir='ltr'>in</span> <span class='ocrx_word' id='word_1_170' title='bbox 1224 2220 1421 2267; x_wconf 86' lang='lat' dir='ltr'>eandem</span> <span class='ocrx_word' id='word_1_171' title='bbox 1451 2237 1582 2266; x_wconf 86' lang='lat' dir='ltr'>men-</span> 
     </span>
    </p>
   </div>
   <div class='ocr_carea' id='block_1_5' title="bbox 128 2362 1581 2472">
    <p class='ocr_par' dir='ltr' id='par_1_12' title="bbox 128 2362 1581 2472">
     <span class='ocr_line' id='line_1_27' title="bbox 181 2362 1581 2418; baseline -0.006 -14"><span class='ocrx_word' id='word_1_172' title='bbox 181 2377 201 2404; x_wconf 88' lang='lat' dir='ltr'>y</span> <span class='ocrx_word' id='word_1_173' title='bbox 220 2368 337 2418; x_wconf 89' lang='lat' dir='ltr'>quod]</span> <span class='ocrx_word' id='word_1_174' title='bbox 361 2382 441 2418; x_wconf 85' lang='lat' dir='ltr'>quae</span> <span class='ocrx_word' id='word_1_175' title='bbox 462 2370 501 2404; x_wconf 92' lang='lat' dir='ltr'>P.</span> <span class='ocrx_word' id='word_1_176' title='bbox 585 2374 603 2394; x_wconf 81' lang='grc' dir='ltr'><strong><em>Ζ</em></strong></span> <span class='ocrx_word' id='word_1_177' title='bbox 624 2368 686 2415; x_wconf 92' lang='lat' dir='ltr'>ne]</span> <span class='ocrx_word' id='word_1_178' title='bbox 711 2379 779 2404; x_wconf 91' lang='lat' dir='ltr'>nec</span> <span class='ocrx_word' id='word_1_179' title='bbox 799 2367 840 2403; x_wconf 91' lang='lat' dir='ltr'>P.</span> <span class='ocrx_word' id='word_1_180' title='bbox 936 2374 956 2393; x_wconf 82' lang='lat' dir='ltr'>a</span> <span class='ocrx_word' id='word_1_181' title='bbox 975 2364 1062 2414; x_wconf 88' lang='lat' dir='ltr'>quia</span> <span class='ocrx_word' id='word_1_182' title='bbox 1083 2363 1264 2414; x_wconf 84' lang='lat' dir='ltr'>legitima]</span> <span class='ocrx_word' id='word_1_183' title='bbox 1288 2375 1358 2412; x_wconf 93' lang='lat' dir='ltr'>que</span> <span class='ocrx_word' id='word_1_184' title='bbox 1378 2362 1520 2398; x_wconf 83' lang='lat' dir='ltr'>alterna</span> <span class='ocrx_word' id='word_1_185' title='bbox 1541 2362 1581 2397; x_wconf 89' lang='lat' dir='ltr'>P.</span> 
     </span>
     <span class='ocr_line' id='line_1_28' title="bbox 128 2418 998 2472; baseline -0.006 -13"><span class='ocrx_word' id='word_1_186' title='bbox 128 2422 219 2458; x_wconf 84' lang='lat' dir='ltr'>Mox</span> <span class='ocrx_word' id='word_1_187' title='bbox 238 2422 351 2472; x_wconf 87' lang='lat' dir='ltr'>vulgo</span> <span class='ocrx_word' id='word_1_188' title='bbox 371 2421 594 2459; x_wconf 81' lang='lat' dir='ltr'>continetur.</span> <span class='ocrx_word' id='word_1_189' title='bbox 703 2418 724 2446; x_wconf 90' lang='lat' dir='ltr'>b</span> <span class='ocrx_word' id='word_1_190' title='bbox 745 2419 826 2469; x_wconf 91' lang='lat' dir='ltr'>qui]</span> <span class='ocrx_word' id='word_1_191' title='bbox 852 2432 933 2468; x_wconf 89' lang='lat' dir='ltr'>quae</span> <span class='ocrx_word' id='word_1_192' title='bbox 956 2419 998 2454; x_wconf 92' lang='lat' dir='ltr'>P.</span> 
     </span>
    </p>
   </div>
   <div class='ocr_carea' id='block_1_6' title="bbox 129 2530 1585 2953">
    <p class='ocr_par' dir='ltr' id='par_1_13' title="bbox 129 2530 1585 2953">
     <span class='ocr_line' id='line_1_29' title="bbox 186 2530 1584 2586; baseline -0.007 -13"><span class='ocrx_word' id='word_1_193' title='bbox 186 2550 218 2573; x_wconf 84' lang='lat'>2.</span> <span class='ocrx_word' id='word_1_194' title='bbox 240 2538 340 2573; x_wconf 90' lang='lat' dir='ltr'>Ecce</span> <span class='ocrx_word' id='word_1_195' title='bbox 371 2537 507 2582; x_wconf 80' lang='lat' dir='ltr'>tumet]</span> <span class='ocrx_word' id='word_1_196' title='bbox 548 2534 657 2586; x_wconf 86' lang='lat' dir='ltr'>Legit</span> <span class='ocrx_word' id='word_1_197' title='bbox 688 2535 822 2570; x_wconf 81' lang='lat' dir='ltr'>Came·</span> <span class='ocrx_word' id='word_1_198' title='bbox 888 2533 1026 2582; x_wconf 83' lang='lat' dir='ltr'>itaque,</span> <span class='ocrx_word' id='word_1_199' title='bbox 1042 2532 1184 2569; x_wconf 82' lang='lat' dir='ltr'>Bacche</span> <span class='ocrx_word' id='word_1_200' title='bbox 1203 2532 1336 2579; x_wconf 77' lang='lat' dir='ltr'>optime</span> <span class='ocrx_word' id='word_1_201' title='bbox 1353 2530 1501 2577; x_wconf 83' lang='lat' dir='ltr'>gemmis</span> <span class='ocrx_word' id='word_1_202' title='bbox 1521 2534 1584 2564; x_wconf 78' lang='lat' dir='ltr'>tua</span> 
     </span>
     <span class='ocr_line' id='line_1_30' title="bbox 131 2583 1582 2634; baseline -0.006 -8"><span class='ocrx_word' id='word_1_203' title='bbox 131 2589 258 2631; x_wconf 85' lang='lat' dir='ltr'>rarius,</span> <span class='ocrx_word' id='word_1_204' title='bbox 281 2591 373 2625; x_wconf 85' lang='lat' dir='ltr'>Ecce</span> <span class='ocrx_word' id='word_1_205' title='bbox 393 2594 503 2624; x_wconf 78' lang='lat' dir='ltr'>tumet</span> <span class='ocrx_word' id='word_1_206' title='bbox 523 2590 605 2624; x_wconf 75' lang='lat' dir='ltr'>vii-is</span> <span class='ocrx_word' id='word_1_207' title='bbox 635 2593 697 2624; x_wconf 82' lang='lat' dir='ltr'>tua</span> <span class='ocrx_word' id='word_1_208' title='bbox 723 2600 822 2634; x_wconf 84' lang='lat' dir='ltr'>gem·</span> <span class='ocrx_word' id='word_1_209' title='bbox 888 2588 971 2622; x_wconf 73' lang='lat' dir='ltr'>vitis</span> <span class='ocrx_word' id='word_1_210' title='bbox 993 2591 1104 2621; x_wconf 77' lang='lat' dir='ltr'>tumet</span> <span class='ocrx_word' id='word_1_211' title='bbox 1131 2597 1220 2627; x_wconf 83' lang='lat' dir='ltr'>ecce,</span> <span class='ocrx_word' id='word_1_212' title='bbox 1243 2583 1306 2633; x_wconf 89' lang='lat' dir='ltr'>qui</span> <span class='ocrx_word' id='word_1_213' title='bbox 1326 2595 1452 2619; x_wconf 87' lang='lat' dir='ltr'>versus</span> <span class='ocrx_word' id='word_1_214' title='bbox 1473 2583 1582 2618; x_wconf 84' lang='lat' dir='ltr'>Sota-</span> 
     </span>
     <span class='ocr_line' id='line_1_31' title="bbox 129 2635 1584 2691; baseline -0.006 -13"><span class='ocrx_word' id='word_1_215' title='bbox 129 2645 195 2679; x_wconf 81' lang='lat' dir='ltr'>mz&#39;s</span> <span class='ocrx_word' id='word_1_216' title='bbox 227 2644 360 2689; x_wconf 77' lang='lat' dir='ltr'>optime</span> <span class='ocrx_word' id='word_1_217' title='bbox 389 2642 530 2677; x_wconf 82' lang='lat' dir='ltr'>Bacche</span> <span class='ocrx_word' id='word_1_218' title='bbox 553 2639 558 2691; x_wconf 72' lang='lat' dir='ltr'>l</span> <span class='ocrx_word' id='word_1_219' title='bbox 584 2641 728 2677; x_wconf 83' lang='lat' dir='ltr'>Bacche</span> <span class='ocrx_word' id='word_1_220' title='bbox 757 2653 821 2687; x_wconf 83' lang='lat' dir='ltr'>op·</span> <span class='ocrx_word' id='word_1_221' title='bbox 889 2639 971 2675; x_wconf 85' lang='lat' dir='ltr'>dius</span> <span class='ocrx_word' id='word_1_222' title='bbox 1010 2646 1079 2680; x_wconf 90' lang='lat' dir='ltr'>est,</span> <span class='ocrx_word' id='word_1_223' title='bbox 1118 2638 1364 2686; x_wconf 78' lang='grc' dir='ltr'>βουστροφηδὸν,</span> <span class='ocrx_word' id='word_1_224' title='bbox 1406 2635 1428 2671; x_wconf 89' lang='lat' dir='ltr'>i.</span> <span class='ocrx_word' id='word_1_225' title='bbox 1467 2642 1584 2670; x_wconf 85' lang='lat' dir='ltr'>retro·</span> 
     </span>
     <span class='ocr_line' id='line_1_32' title="bbox 131 2687 1584 2742; baseline -0.006 -11"><span class='ocrx_word' id='word_1_226' title='bbox 131 2697 215 2731; x_wconf 79' lang='lat' dir='ltr'>time</span> <span class='ocrx_word' id='word_1_227' title='bbox 233 2696 314 2731; x_wconf 83' lang='lat' dir='ltr'>vitis</span> <span class='ocrx_word' id='word_1_228' title='bbox 336 2700 398 2730; x_wconf 84' lang='lat' dir='ltr'>tua</span> <span class='ocrx_word' id='word_1_229' title='bbox 423 2696 572 2742; x_wconf 82' lang='lat' dir='ltr'>gemmis</span> <span class='ocrx_word' id='word_1_230' title='bbox 601 2699 713 2730; x_wconf 81' lang='lat' dir='ltr'>tumet</span> <span class='ocrx_word' id='word_1_231' title='bbox 732 2705 822 2729; x_wconf 81' lang='lat' dir='ltr'>ecce.</span> <span class='ocrx_word' id='word_1_232' title='bbox 888 2691 1003 2742; x_wconf 86' lang='lat' dir='ltr'>grado</span> <span class='ocrx_word' id='word_1_233' title='bbox 1042 2690 1173 2727; x_wconf 86' lang='lat' dir='ltr'>ordine</span> <span class='ocrx_word' id='word_1_234' title='bbox 1210 2689 1238 2725; x_wconf 87' lang='lat' dir='ltr'>si</span> <span class='ocrx_word' id='word_1_235' title='bbox 1279 2689 1392 2739; x_wconf 85' lang='lat' dir='ltr'>legas,</span> <span class='ocrx_word' id='word_1_236' title='bbox 1432 2687 1584 2723; x_wconf 85' lang='lat' dir='ltr'>habebis</span> 
     </span>
     <span class='ocr_line' id='line_1_33' title="bbox 130 2742 1585 2797; baseline -0.007 -13"><span class='ocrx_word' id='word_1_237' title='bbox 130 2748 312 2784; x_wconf 90' lang='lat' dir='ltr'>Concedo</span> <span class='ocrx_word' id='word_1_238' title='bbox 349 2746 512 2797; x_wconf 85' lang='lat' dir='ltr'>priorem</span> <span class='ocrx_word' id='word_1_239' title='bbox 546 2759 688 2783; x_wconf 88' lang='lat' dir='ltr'>versum</span> <span class='ocrx_word' id='word_1_240' title='bbox 728 2746 824 2782; x_wconf 88' lang='lat' dir='ltr'>bene</span> <span class='ocrx_word' id='word_1_241' title='bbox 891 2746 1145 2781; x_wconf 81' lang='lat' dir='ltr'>hexametrum</span> <span class='ocrx_word' id='word_1_242' title='bbox 1169 2744 1336 2784; x_wconf 85' lang='lat' dir='ltr'>heroum,</span> <span class='ocrx_word' id='word_1_243' title='bbox 1361 2742 1453 2777; x_wconf 83' lang='lat' dir='ltr'>Ecce</span> <span class='ocrx_word' id='word_1_244' title='bbox 1475 2744 1585 2776; x_wconf 70' lang='lat' dir='ltr'>mmet</span> 
     </span>
     <span class='ocr_line' id='line_1_34' title="bbox 131 2793 1582 2843; baseline -0.007 -6"><span class='ocrx_word' id='word_1_245' title='bbox 131 2799 342 2837; x_wconf 83' lang='lat' dir='ltr'>restitutum</span> <span class='ocrx_word' id='word_1_246' title='bbox 391 2812 485 2842; x_wconf 86' lang='lat' dir='ltr'>esse,</span> <span class='ocrx_word' id='word_1_247' title='bbox 523 2812 650 2836; x_wconf 88' lang='lat' dir='ltr'>verum</span> <span class='ocrx_word' id='word_1_248' title='bbox 691 2811 823 2835; x_wconf 86' lang='lat' dir='ltr'>secun·</span> <span class='ocrx_word' id='word_1_249' title='bbox 888 2800 972 2834; x_wconf 76' lang='lat' dir='ltr'>vitis</span> <span class='ocrx_word' id='word_1_250' title='bbox 999 2803 1061 2833; x_wconf 81' lang='lat' dir='ltr'>tua</span> <span class='ocrx_word' id='word_1_251' title='bbox 1091 2798 1238 2843; x_wconf 76' lang='lat' dir='ltr'>gemmis</span> <span class='ocrx_word' id='word_1_252' title='bbox 1269 2797 1401 2841; x_wconf 83' lang='lat' dir='ltr'>optime</span> <span class='ocrx_word' id='word_1_253' title='bbox 1427 2793 1582 2829; x_wconf 81' lang='lat' dir='ltr'>Bacche.</span> 
     </span>
     <span class='ocr_line' id='line_1_35' title="bbox 130 2850 1066 2902; baseline -0.004 -14"><span class='ocrx_word' id='word_1_254' title='bbox 130 2854 232 2895; x_wconf 82' lang='lat' dir='ltr'>(lum,</span> <span class='ocrx_word' id='word_1_255' title='bbox 253 2852 314 2902; x_wconf 87' lang='lat' dir='ltr'>qui</span> <span class='ocrx_word' id='word_1_256' title='bbox 345 2851 381 2888; x_wconf 91' lang='lat' dir='ltr'>in</span> <span class='ocrx_word' id='word_1_257' title='bbox 412 2852 492 2902; x_wconf 87' lang='lat' dir='ltr'>ipso</span> <span class='ocrx_word' id='word_1_258' title='bbox 521 2860 698 2888; x_wconf 82' lang='lat' dir='ltr'>contextu</span> <span class='ocrx_word' id='word_1_259' title='bbox 725 2859 824 2887; x_wconf 78' lang='lat' dir='ltr'>recte</span> <span class='ocrx_word' id='word_1_260' title='bbox 891 2850 1066 2886; x_wconf 86' lang='lat' dir='ltr'><strong>COMM.</strong></span> 
     </span>
     <span class='ocr_line' id='line_1_36' title="bbox 131 2904 824 2953; baseline -0.001 -12"><span class='ocrx_word' id='word_1_261' title='bbox 131 2904 340 2953; x_wconf 85' lang='lat' dir='ltr'>descriptus</span> <span class='ocrx_word' id='word_1_262' title='bbox 362 2914 430 2948; x_wconf 86' lang='lat' dir='ltr'>est,</span> <span class='ocrx_word' id='word_1_263' title='bbox 451 2918 529 2942; x_wconf 89' lang='lat' dir='ltr'>non</span> <span class='ocrx_word' id='word_1_264' title='bbox 558 2905 660 2941; x_wconf 85' lang='lat' dir='ltr'>item.</span> <span class='ocrx_word' id='word_1_265' title='bbox 719 2904 824 2952; x_wconf 86' lang='lat' dir='ltr'>Lege</span> 
     </span>
    </p>
   </div>
   <div class='ocr_carea' id='block_1_7' title="bbox 957 2973 1044 3010">
    <p class='ocr_par' dir='ltr' id='par_1_14' title="bbox 957 2973 1044 3010">
     <span class='ocr_line' id='line_1_37' title="bbox 957 2973 1044 3010; baseline -0.023 0"><span class='ocrx_word' id='word_1_266' title='bbox 957 2973 1044 3010; x_wconf 87' lang='lat' dir='ltr'>X2</span> 
     </span>
    </p>
   </div>
  </div>
 </body>
</html>
