1962 3355
125 224 233 255 CAP.
255 219 330 255 20.
391 208 475 255 De
499 225 729 256 concursu
755 216 802 256 et
825 209 1066 256 collisione
1088 210 1338 256 vocalium.
1513 218 1573 266 89

124 329 189 374 Et
214 328 327 375 illud
355 328 586 386 Maronis,

261 421 409 468 Villis
432 439 681 469 ouer-osum
705 429 849 485 atque
872 421 1114 485 unguibus
1139 421 1316 467 aureis.

123 515 307 561 Azareis
332 515 457 561 enim
485 515 886 579 pronuntiandum
915 524 1010 561 est:
1048 514 1094 559 in
1124 511 1395 560 scandendo
1419 521 1577 558 autem
1597 526 1616 556 6

123 591 221 637 reis
261 591 441 654 syllaba
482 609 574 637 non
615 591 854 646 dividitur,
898 591 977 636 sed
1019 608 1042 636 e
1072 590 1227 636 littera
1264 590 1310 634 in
1346 588 1578 634 unitatem

125 683 236 712 cum
274 667 292 712 z·
325 666 527 714 deducta
564 685 646 730 per
677 667 1032 731 idiphthongon
1067 665 1234 711 Graeco
1268 681 1398 710 more
1430 673 1478 709 et
1510 682 1579 709 ra-

125 741 253 786 tione
275 743 449 806 scripta
473 744 761 789 enuntiatur.
821 743 912 789 Sed
939 752 985 788 et
1013 740 1155 787 nostri
1183 749 1361 786 veteres
1386 757 1462 785 eas
1489 740 1617 802 syl-7

126 818 269 872 labas,
308 818 352 863 in
387 819 559 881 quibus
593 820 611 865 i
641 819 926 882 productum
967 817 1220 874 invenitur,
1257 833 1281 862 e
1318 816 1584 878 anteposito

126 893 472 957 scriptitabant,
491 904 541 940 ut
562 895 607 940 in
631 895 838 957 antiquis
859 894 988 940 libris
1015 893 1294 939 invenimus.
1332 891 1580 938 Consimili

127 969 306 1014 ratione
330 970 570 1031 quaeritur,
601 971 822 1032 Orpheus
847 972 892 1017 in
919 979 1071 1016 metro
1101 971 1190 1030 (ut,

194 1062 308 1109 Non
331 1080 403 1109 me
428 1064 717 1110 carminibus
740 1063 923 1110 kvincet
950 1079 1034 1108 nec
1058 1061 1296 1107 Thracius
1325 1059 1566 1121 Orpheus)

131 1166 288 1201 utrum
332 1156 627 1219 trisyllabum
673 1175 729 1202 an
773 1156 1081 1219 ldisyllabum
1125 1154 1198 1211 sit,
1235 1171 1293 1199 an
1336 1152 1458 1198 idem
1503 1168 1586 1196 no-

129 1248 240 1277 men
264 1230 439 1294 duplici
467 1232 793 1278 enuntiatione
819 1240 1092 1295 promatur3
1130 1242 1210 1275 aut
1236 1229 1336 1274 sine
1362 1246 1391 1275 α
1416 1228 1585 1282 littera,

130 1314 182 1352 ut
218 1305 435 1352 mPeleus
474 1306 737 1363 Pentheus,
773 1317 857 1353 aut
893 1324 1002 1353 cum
1044 1323 1087 1363 α,
1122 1314 1176 1351 ut
1217 1305 1281 1350 ita
1323 1304 1586 1349 declinetur

133 1382 381 1445 Orphceus,
417 1392 470 1430 ut
501 1384 776 1431 Aristaeus:
813 1383 967 1429 visum
1010 1391 1081 1429 est
1120 1390 1280 1427 tamen
1318 1380 1408 1426 hoc
1449 1395 1622 1443 posse8

128 1458 347 1517 discerni,
366 1468 419 1505 ut
443 1459 523 1506 illa
548 1460 647 1506 sine
673 1477 702 1506 a
726 1459 880 1506 littera
902 1459 1068 1505 Graeca
1094 1458 1154 1504 sit
1178 1456 1456 1511 enuntiatio,
1486 1456 1587 1501 haec

127 1535 300 1582 Latina
341 1536 468 1598 quod
508 1554 591 1600 per
628 1535 991 1600 ”diphthongon
1031 1535 1233 1581 effertur.
1302 1533 1394 1580 Sed
1436 1541 1489 1578 ut
1528 1531 1624 1582 ad9

128 1612 424 1676 propositum
479 1622 784 1670 revertamur,
829 1612 1025 1675 quidam
1074 1609 1392 1674 superioribus
1438 1607 1587 1654 tribus

127 1697 345 1751 quartam
379 1689 587 1754 speciem
626 1688 922 1745 addiderunt,
948 1705 1091 1750 quam
1120 1685 1277 1733 Graeci
1304 1685 1470 1731 dicunt
1494 1690 1589 1747 κρᾶ-

130 1786 207 1820 σιν,
228 1765 274 1811 id
299 1774 385 1822 est,
408 1783 516 1812 cum
544 1766 682 1812 unius
707 1767 873 1812 litterae
898 1765 1072 1812 vocalis
1094 1765 1139 1810 in
1166 1764 1282 1810 duas
1309 1763 1512 1826 syllabas
1537 1764 1588 1807 fit

129 1841 422 1898 communio,
445 1850 514 1898 ut,

262 1934 456 1981 Audire
480 1941 551 1981 est
574 1951 722 1997 operce
746 1934 985 1996 opretium
1004 1932 1264 1994 procedere
1288 1938 1429 1977 recte.

132 2022 272 2076 Item,

264 2122 282 2150 Ρ
297 2112 616 2176 Quaecumque
641 2120 711 2159 est
713 2111 932 2176 fortuna
958 2129 1062 2158 mea
1088 2119 1172 2158 est.

132 2205 252 2257 Quae
276 2205 419 2250 veluti
457 2222 540 2268 per
565 2205 850 2251 contrarium
879 2205 1170 2265 συνεκφώνησιν
1203 2204 1248 2249 in
1288 2202 1450 2248 metris
1488 2201 1592 2247 imi-
1616 2223 1652 2243 10

131 2289 271 2326 tatur.
343 2280 438 2326 Hae
474 2282 635 2343 figurae
677 2281 877 2327 sollicite
915 2280 1221 2327 observandae
1261 2286 1372 2324 sunt
1409 2286 1506 2324 tam
1546 2278 1593 2323 in

133 2357 332 2403 heroicis
369 2374 511 2419 quam
551 2357 766 2402 iambicis
800 2375 853 2403 ac
887 2357 1080 2402 ‘lecteris
1113 2365 1372 2402 metrorum
1411 2353 1594 2417 generi-

132 2433 237 2488 bus,
263 2451 322 2479 ne
348 2433 484 2479 nobis
510 2451 593 2496 per
618 2432 994 2496 rneglegentiam
1024 2433 1270 2495 obrepant,
1300 2430 1593 2476 maximum-

132 2526 225 2571 que
249 2526 452 2554 errorem
478 2508 684 2555 afferant.

187 2705 198 2731 i
218 2705 497 2756 diphthongon]
521 2706 730 2756 diptongon
752 2707 792 2741 P.
892 2705 912 2731 k
934 2705 1056 2742 vincet
1077 2718 1144 2742 nec
1163 2704 1359 2750 Thracius]
1384 2704 1508 2739 vincat
1527 2714 1594 2738 uec

136 2758 296 2795 trachius
320 2759 361 2794 P.
470 2757 481 2785 l
501 2758 760 2808 dissyllabum]
784 2757 1005 2808 disyllabum
1029 2759 1070 2794 P.
1189 2765 1219 2784 m
1240 2757 1444 2802 Pentheus]
1470 2755 1594 2804 peleus

136 2812 318 2861 pentheus
338 2812 378 2849 P.
508 2819 528 2837 n
550 2812 833 2862 diphthongon]
858 2811 1066 2861 diptongon
1089 2812 1127 2847 P.
1265 2817 1283 2835 o
1304 2809 1487 2859 precium]
1512 2818 1592 2855 pre-

136 2863 229 2900 tium
252 2865 294 2900 P.
416 2870 435 2899 P
455 2865 716 2914 Quaecunque]
739 2865 997 2913 Quaecumque
1017 2865 1056 2900 P.
1179 2871 1198 2897 <1
1218 2862 1376 2908 caeteris]
1401 2859 1530 2896 ceteris
1554 2858 1592 2894 P.

136 2923 152 2942 ¹·
172 2915 459 2967 negligentiam]
483 2917 761 2968 neglegentiam
783 2918 822 2953 P.

845 2995 874 3023 N
