1962 3355
120 210 224 241 CAP.
253 205 295 242 5.
689 195 770 241 De
793 194 1017 257 Syllabis.
1505 205 1562 242 31

291 316 476 363 Glauco
502 323 548 363 et
570 315 593 344 ¹¹
612 316 846 378 Panopes&
871 321 917 362 et
941 315 1055 361 Inoo
1081 313 1363 360 *Melicerte

116 390 182 437 Et
206 391 337 449 item,
1594 405 1628 434 ¹4

346 457 520 521 lVeque
544 457 710 503 Aoniae
735 457 1018 520 Aganippea

115 543 276 589 Tertio
314 544 470 600 modo,
495 544 531 589 si
566 552 778 606 correpta
815 544 989 590 vocalis
1026 543 1290 607 excipiatur
1326 560 1351 588 a
1386 541 1570 588 duabus

116 619 500 675 consonantibus,
521 636 722 680 quarum
747 618 873 681 prior
897 618 956 663 sit
980 627 1130 674 muta,
1150 633 1351 679 sequens
1377 614 1570 677 liquida.

114 692 307 740 Etenim
335 695 488 740 brevis
514 705 583 740 est
608 695 689 751 sic,

384 793 440 840 V
434 799 654 855 (istosque
678 792 736 838 ab
759 808 879 853 rupe
908 789 1140 854 Cyclopas
1157 810 1172 837 .-

115 879 162 915 et
186 869 295 915 alibi
322 869 401 926 sic,

379 945 492 991 Sese
517 943 733 1009 ffedere
757 944 1019 1008 quadrigae.

114 1033 237 1078 Item
265 1033 405 1095 longa
431 1042 500 1078 est
526 1033 606 1090 sic,

379 1107 581 1173 Iygfandi
609 1108 850 1171 Cyclopes.

114 1174 254 1230 Item,

381 1236 582 1285 Centum
607 1237 963 1301 iqzcadrg'jugos.

114 1315 297 1367 Quarto
324 1313 480 1369 modo,
506 1315 541 1360 si
569 1323 781 1376 correpta
806 1313 981 1359 vocalis
1014 1311 1187 1358 desinit
1221 1312 1269 1358 in
1305 1330 1568 1359 consonan-
1587 1336 1622 1367 15

111 1402 207 1438 tem
236 1401 282 1438 et
309 1391 544 1454 excipitur
569 1409 595 1436 a
619 1389 866 1454 principali
892 1388 1109 1435 litterale.
1156 1388 1245 1435 Est
1264 1389 1390 1435 enim
1412 1389 1565 1435 brevis

112 1469 194 1525 sic,

373 1532 477 1579 Hic
501 1549 649 1589 amor,
675 1532 770 1578 ἠως
786 1531 969 1593 patria.

111 1608 235 1654 Item
265 1609 390 1663 alibi,

209 1685 309 1731 Hic
331 1686 408 1732 vir
432 1685 508 1731 hic
532 1692 615 1742 est,
640 1685 727 1731 tibi
751 1702 889 1749 quem
908 1684 1129 1746 promitti
1151 1684 1321 1746 saepius
1345 1683 1498 1729 audis.

110 1762 232 1808 Item
261 1763 402 1826 longa
427 1772 497 1808 est
522 1763 602 1819 sic,

379 1839 540 1902 Terga
545 1836 834 1903 fatigamus
859 1838 1013 1885 hasta.

107 1925 308 1972 Videtur
352 1926 569 1988 plurimis
612 1944 711 1971 esse
754 1927 948 1988 quintus
987 1924 1318 1971 communium
1363 1924 1565 1986 syllaba-
1586 1935 1623 1966 16

108 2019 213 2047 rum
249 2001 432 2058 modus,
458 2002 539 2064 qui
573 2002 698 2065 apud
724 2002 965 2048 Lucilium
994 2012 1041 2048 et
1066 2010 1243 2047 veteres
1278 2001 1453 2046 multos
1494 2010 1564 2046 est

108 2079 447 2141 frequentatus,
472 2088 524 2124 ut
543 2088 754 2142 correpta
775 2079 947 2125 vocalis
967 2078 1150 2124 desinat
1168 2078 1214 2122 in
1234 2094 1272 2133 s,
1292 2085 1338 2122 et
1357 2077 1564 2140 excipia-

108 2166 184 2200 tur
209 2155 267 2200 ab
292 2154 381 2200 alia
406 2155 701 2211 consonanti,
726 2156 798 2201 vel
823 2155 970 2201 vocali
1007 2155 1113 2200 loco
1145 2153 1446 2200 consonantis
1479 2171 1565 2216 po-

107 2231 210 2288 sita,
236 2243 288 2278 ut
312 2241 382 2277 est
407 2232 539 2284 illud,

112 2308 281 2357 Quare
306 2309 448 2355 etiam
473 2307 494 2336 k
511 2315 655 2372 atque
680 2309 824 2355 etiam
843 2308 946 2354 dico
967 2313 1035 2354 est
1055 2307 1313 2354 communis
1329 2305 1561 2368 voluptas.

106 2383 172 2430 Et
194 2384 205 2414 ¹
223 2384 353 2440 item,

304 2450 585 2515 Efflantque
609 2450 750 2497 elatis
775 2450 974 2496 naribus
999 2449 1165 2496 lucem.

159 2581 181 2608 h
200 2582 665 2631 Paiiopeae——Melicertae]
688 2582 1129 2631 Panope—Melichertae
1144 2582 1185 2616 P.
1269 2577 1280 2605 i
1301 2580 1557 2630 quadrijugos]

106 2634 368 2686 quadrgijugos
388 2637 431 2673 P.
556 2634 577 2662 k
595 2644 707 2684 atque
727 2635 856 2682 etiam]
880 2644 923 2671 ut
943 2636 983 2671 P.
1094 2633 1105 2660 1
1125 2634 1234 2681 item]
1262 2635 1312 2670 ite
1332 2634 1372 2669 P.

167 2755 224 2791 16.
254 2755 352 2804 apud
376 2755 587 2802 Lucilium]
622 2756 804 2800 Quamvis
860 2754 1108 2792 Lucretianus
1148 2754 1184 2790 in
1225 2753 1323 2790 illius
1363 2753 1456 2789 libro
1491 2753 1558 2788 IV.

106 2821 149 2844 ex
180 2808 243 2844 illo
273 2808 514 2857 liquescentis
540 2807 674 2844 litterae
697 2822 714 2843 s
739 2821 802 2844 ex-
863 2810 952 2856 [ver.
975 2810 1107 2856 1202.]
1143 2815 1255 2856 atque
1286 2806 1336 2842 ita
1365 2805 1557 2846 scribetur,

107 2861 230 2910 empla
258 2861 432 2903 citentur‚
457 2869 508 2905 ut,
532 2863 675 2897 Samnis
699 2874 803 2909 spur·
863 2863 986 2903 Quare
1005 2864 1113 2897 etiam
1133 2866 1242 2908 atque
1266 2862 1383 2899 etiam,
1405 2863 1445 2893 ut
1464 2859 1556 2898 dico,

108 2926 168 2949 cus
188 2915 302 2958 homo,
318 2916 394 2950 vita
416 2916 480 2950 illa
501 2917 629 2962 dignus
645 2916 802 2962 locoque,
860 2920 911 2951 est
930 2916 1124 2950 communis
1143 2915 1321 2960 voluptas.
1357 2910 1556 2947 CAMER.

107 2974 234 3003 tamen
267 2979 391 3003 versus
425 2967 487 3016 qui
522 2966 716 3004 adducitur
748 2975 805 3003 est
