1962 3355
363 198 451 235 154
868 188 1024 235 Marii
1052 189 1293 236 Victorini
1615 204 1711 234 Lm.
1729 203 1804 234 111.

358 309 623 355 ¹'trimetrus
650 308 974 372 anapaesticuS,
998 309 1045 355 in
1080 327 1175 371 quo
1210 310 1362 372 prima
1389 309 1510 354 basis
1536 326 1595 354 ex
1619 308 1805 354 duobus

357 384 570 447 dactylis,
596 383 799 430 secunda
834 402 860 430 e
891 384 1100 448 spondeo
1125 395 1173 430 et
1198 392 1451 447 anapaesto,
1477 384 1614 429 tertia
1638 401 1663 429 e
1688 383 1806 429 duo-

358 462 444 506 bus
471 461 715 523 anapaestis
741 461 981 506 subsistit:
1020 461 1098 516 ita,

417 536 596 599 Tiphys
620 543 664 582 et
688 536 992 583 Automedon
1017 538 1153 583 dicar
1177 551 1336 582 amore
1353 541 1522 596 potens
1545 552 1651 581 mea
1676 534 1771 581 l‘aae.

395 677 528 728 CAP.
551 677 650 728 VI.
695 679 779 729 De
805 678 1162 729 enuntiatione
1178 676 1505 747 pentametri
1530 676 1762 745 elegiaci.

423 764 533 810 Hoc
566 781 754 825 quoque
787 764 1047 810 notandum
1086 765 1132 810 in
1166 764 1491 810 enuntiatione
1521 765 1805 827 pentametri

354 840 546 901 elegiaci
573 858 582 885 :
643 856 750 884 nam
800 840 1083 902 plerumque
1132 857 1290 886 aurem
1347 840 1482 896 fallit,
1529 848 1583 885 ut
1630 840 1678 885 in
1725 840 1806 886 illo

355 915 522 961 Graeco
547 932 696 968 versu,

484 992 599 1049 ἡμεῖς
623 989 652 1034 δ’
679 990 734 1040 εἷς
758 990 1054 1047 Ἑλλήσποντον
1077 992 1340 1052 ἀπεπλέομεν.

352 1064 480 1110 Nam
521 1065 555 1109 si
594 1064 909 1126 Sconjunctim
943 1067 1240 1123 Ἑλλήσποντον
1263 1066 1657 1120 tenuntiaremus,
1693 1066 1806 1113 effu-

353 1140 472 1203 gerit
508 1141 689 1187 aurium
730 1159 936 1198 sensum,
964 1152 1016 1189 ut
1049 1160 1349 1205 nequaquam
1376 1159 1536 1188 versus
1573 1160 1673 1188 esse
1709 1160 1805 1188 cre-

351 1215 507 1261 datur.
589 1216 655 1262 At
690 1217 724 1262 si
769 1235 852 1281 per
887 1218 1248 1264 hemistichium
1290 1218 1670 1282 pronuntiemus,
1704 1218 1805 1281 ipsa

352 1291 746 1338 subdistinctione
783 1311 930 1355 genus
966 1294 1103 1340 metri
1141 1293 1485 1341 declarabimus
1518 1295 1598 1351 ita,
1620 1297 1735 1355 ἡμεῖς
1771 1296 1804 1341 δ’

316 1393 331 1414 2
354 1365 607 1424 εἰς”Ελλης-
631 1367 804 1415 dehinc
830 1369 963 1416 πόντον
986 1371 1248 1430 ἀπεπλέομεν.
1310 1370 1454 1416 Unde
1479 1379 1804 1434 pentametrus

351 1443 536 1488 duobus
560 1443 760 1507 pedibus
787 1454 834 1490 ct
859 1446 1100 1509 semipede
1126 1446 1261 1492 colon
1289 1447 1541 1493 terminare
1569 1446 1726 1503 debet,
1751 1455 1804 1493 ut

351 1519 430 1581 qui
470 1519 683 1576 audierit,
726 1530 978 1584 antequam
1026 1522 1273 1586 percutiat,
1309 1540 1495 1568 versum
1545 1522 1804 1586 intellegat,

352 1596 494 1653 velut,

485 1671 698 1719 Labitur
722 1673 831 1720 hinc
857 1673 1046 1731 Helles,
1066 1681 1245 1736 pontus
1267 1675 1317 1721 in
1340 1692 1582 1721 oceanum.

351 1749 490 1801 Item,

487 1823 734 1870 Venerunt
752 1825 890 1880 inter,
917 1825 1051 1872 lania
1075 1833 1243 1873 saneta
1261 1826 1386 1889 polo.

315 1921 331 1951 3
350 1900 478 1946 Nam
507 1900 542 1946 si
569 1918 650 1963 per
675 1918 723 1945 se
748 1900 874 1947 dicas
900 1902 1041 1959 inter,
1067 1912 1112 1948 et
1136 1920 1220 1966 per
1251 1920 1299 1948 se
1333 1901 1483 1955 lania,
1511 1901 1666 1948 media
1691 1903 1803 1948 sub-

351 1976 652 2023 distinctione
668 1976 959 2040 interposita,
978 1979 1174 2042 recipiet
1194 1979 1393 2024 formam
1421 1977 1630 2041 elegiaci.
1670 1978 1804 2024 Hinc

352 2052 663 2114 proculdubio
681 2052 891 2115 intellegi
918 2055 1055 2100 datur
1069 2063 1286 2118 vprosam
1306 2055 1516 2100 numeris
1537 2054 1802 2101 subsistere.

352 2127 480 2173 Nam
519 2137 565 2173 et
596 2129 872 2175 Aristoteles
911 2130 1058 2176 homo
1099 2131 1316 2176 sublimis
1358 2130 1536 2193 ingenii
1573 2130 1803 2194 praecipit,

354 2221 574 2250 numeros
599 2223 697 2250 esse
723 2206 768 2251 in
795 2207 1005 2253 oratione
1030 2217 1259 2271 oportere,
1276 2207 1339 2253 ita
1358 2215 1517 2252 tamen
1539 2224 1598 2252 ne
1612 2224 1802 2253 versum

356 2279 610 2337 incurrant,
637 2282 717 2342 qui
748 2299 874 2345 saepe
910 2283 1274 2346 inprudentibus
1308 2283 1586 2345 subrepunt,
1610 2282 1721 2345 quia
1756 2292 1804 2329 et

355 2356 521 2401 Cicero
554 2357 602 2401 in
639 2357 835 2404 Oratore
876 2376 959 2405 suo
997 2359 1054 2406 de
1090 2359 1343 2405 evitatione
1380 2376 1603 2404 versuum
1633 2359 1802 2422 tangit,

355 2432 457 2494 ipsa
492 2449 680 2494 quoque
715 2434 858 2496 lyrica
892 2444 1112 2497 poemata
1143 2435 1328 2480 sublata
1365 2433 1690 2480 modulatione
1721 2452 1803 2480 vo-

318 2507 421 2553 4cis
458 2525 552 2552 non
590 2508 711 2554 ultra
747 2510 946 2555 solutam
984 2511 1243 2557 orationem
1271 2520 1600 2575 Xprocurrunt.
1673 2512 1804 2564 Quo-

407 2663 423 2681 r
443 2655 626 2702 trimeter]
650 2655 837 2692 trimetrus
859 2658 897 2693 P.
979 2665 992 2684 s
1014 2662 1274 2710 conjunctum]
1299 2659 1528 2710 conjunctim
1551 2661 1592 2698 P.
1614 2661 1672 2696 ed.
1694 2661 1801 2697 Cam.

356 2710 366 2730 1
385 2707 674 2755 enuntiarimus]
699 2710 975 2746 enuntiaremus
997 2712 1034 2747 P.
1146 2721 1165 2740 V
1186 2715 1350 2763 prosam]
1375 2716 1488 2763 prosu
1504 2714 1546 2751 P.
1675 2719 1695 2740 ¹
1715 2725 1802 2763 pro-

354 2763 526 2810 currunt]
547 2758 703 2811 procui-f
726 2760 764 2797 P.

649 2904 685 2940 3.
709 2892 812 2940 quia]
838 2892 954 2942 Lego,
978 2896 1070 2940 quod
1097 2900 1130 2929 et
1153 2896 1286 2933 Cicero.
1319 2897 1493 2933 COMM,
