1962 3355
140 178 245 210 CAP.
271 173 317 221 9.
387 163 470 209 De
492 162 652 209 lonico
676 167 826 208 metro
851 165 898 206 et
922 158 1026 223 ejus
1047 159 1304 222 speciebus.
1501 166 1592 216 293

602 282 915 345 ἑλικοβλέφαρε.

597 364 739 406 Colere
763 364 967 405 Cererem.

140 449 521 496 ⁰Commiscetur
538 458 696 496 autem
718 447 829 495 huic
845 456 998 493 metro
1017 455 1065 492 et
1080 445 1339 492 ditrochaeo
1355 453 1402 491 et
1417 443 1597 501 chorio,

142 543 223 571 seu
248 525 534 590 Ptribrachy,

600 592 752 641 κᾶλλος
775 589 947 651 ἄμαχον.

597 673 731 713 Arma
748 685 914 727 gerere.

143 777 191 814 et
215 786 240 814 a
265 768 440 826 chorio,
466 786 545 815 seu
571 767 827 831 tribrachy,
851 775 898 813 et
922 767 1146 822 trochaeo,

605 844 888 906 φιλοχορεῦτα,

598 926 793 966 qFabzda
813 926 924 965 Zceta.

145 1010 238 1056 Sed
276 1010 498 1056 omnibus
536 1009 765 1073 rpedibus
802 1018 1071 1072 temporum
1113 1026 1211 1066 sex,
1253 1010 1399 1055 finem
1439 1016 1600 1054 tamen

146 1088 304 1141 habet,
331 1095 411 1133 aut
435 1088 483 1132 in
509 1086 789 1149 spondeum,
815 1095 895 1132 aut
923 1086 972 1131 in
997 1086 1280 1143 trochaeum,
1306 1085 1434 1149 quod
1458 1086 1602 1132 etiam

145 1163 402 1209 Sotadeum
428 1170 630 1207 metrum
653 1161 840 1216 dicitur,
861 1161 918 1206 de
939 1179 1033 1223 quo
1054 1162 1142 1208 sub
1163 1162 1421 1224 Sexemplis
1440 1170 1605 1224 postea

147 1239 473 1286 tractabimus.
512 1237 757 1283 Interdum
780 1245 825 1283 et
846 1237 1074 1283 molossos
1094 1238 1250 1284 omnis
1271 1238 1442 1283 habet:
1479 1237 1605 1283 unde
1633 1253 1650 1284 3

147 1325 194 1362 et
219 1314 533 1362 Molossicum
557 1323 764 1360 metrum
792 1313 884 1360 hoc
908 1313 1095 1360 dicitur.
1132 1313 1261 1360 Nam
1288 1314 1443 1377 prima
1465 1314 1607 1377 longa

148 1390 340 1438 molossi
366 1391 518 1436 soluta
543 1389 655 1436 facit
679 1389 889 1436 ionicum
918 1390 1168 1448 minorem,
1188 1389 1445 1436 novissima
1461 1389 1608 1451 majo-

146 1485 263 1514 rem.

262 1555 499 1595 Moecerzoem
519 1555 911 1609 Romarzificermzt
930 1568 1137 1595 summum
1158 1554 1223 1594 vel
1240 1555 1406 1594 summi.

150 1645 391 1699 Quoniam
417 1644 657 1701 catalexis,
681 1643 727 1690 id
752 1652 823 1690 est
847 1643 970 1699 finis,
1007 1643 1149 1690 ionici
1185 1652 1266 1689 aut
1290 1643 1496 1690 trochaeo
1520 1651 1611 1689 ter-

153 1723 373 1779 minatur,
416 1731 495 1768 aut
533 1721 757 1785 spondeo.
828 1722 952 1768 Sunt
991 1729 1151 1767 autem
1194 1721 1348 1767 ionica
1393 1730 1543 1766 metra
1584 1738 1609 1766 a

152 1799 329 1861 majore
355 1798 547 1861 quidem
574 1808 696 1853 oct0,
723 1816 748 1844 a
772 1798 954 1844 minore
979 1797 1089 1844 duo.

254 1981 334 2027 De
358 1981 560 2027 dimetro
585 1978 1001 2042 brachycatalecto
1028 1977 1159 2024 clodo
1187 1978 1516 2040 HipponactIO
1628 1999 1648 2026 4

697 2055 849 2102 zonico
873 2054 1068 2118 mqjore.

221 2161 433 2209 Ionicum
457 2158 615 2223 majus
634 2159 889 2205 dimetrum
909 2158 1379 2222 brachycataleetum
1404 2158 1613 2206 telodum

157 2237 536 2301 Hipponactium
561 2236 616 2280 fit
640 2234 851 2298 spondeo
877 2234 1067 2282 clodum
1095 2245 1142 2282 et
1167 2253 1261 2282 una
1285 2236 1481 2299 syllaba,
1507 2235 1613 2282 ideo

157 2314 638 2379 brachycatalectum,
665 2321 732 2370 ut,

618 2402 1011 2450 γἰτισὌ-εινιόισαντης.

612 2487 736 2527 Recte
755 2486 915 2527 dedere.

216 2698 234 2717 ⁰
254 2688 533 2734 commiscetur]
557 2689 801 2723 commiscetur
821 2693 941 2724 autem
961 2688 1006 2724 L.
1036 2688 1130 2724 Mox
1150 2699 1211 2722 seu
1232 2699 1298 2736 pro
1314 2687 1374 2722 sed
1394 2684 1449 2722 bis
1470 2683 1617 2734 reponit

163 2743 375 2782 Santenius.
525 2747 545 2775 P
565 2740 766 2790 tribrachy]
791 2743 903 2778 tribus
924 2741 1245 2789 brachycatalectis
1264 2740 1308 2775 L.
1455 2745 1474 2772 q
1496 2737 1619 2773 fabula

163 2797 264 2844 laeta]
288 2797 413 2833 tabula
435 2796 526 2830 lecta
546 2795 590 2830 L.
696 2801 710 2819 r
725 2795 874 2841 pedihus
894 2808 969 2831 om.
991 2795 1036 2830 L.
1148 2800 1163 2820 s
1183 2793 1371 2842 exemplo]
1388 2792 1554 2837 exemplis
1574 2790 1616 2824 L.

162 2852 177 2878 t
196 2850 364 2896 clodum]
382 2849 482 2884 clodo
495 2847 539 2883 L.
648 2856 665 2873 v
682 2852 1078 2885 HICHNHACANTHC
1107 2847 1150 2883 L.
