1962 3355
127 227 232 256 eAP.
251 222 292 258 2.
323 212 407 258 De
431 212 651 258 conneoee’s
674 211 801 257 inter
824 228 874 257 se
897 217 1038 274 atque
1062 212 1337 257 inconnexis
1363 212 1444 273 856.
1484 220 1571 258 221

125 332 224 377 fieri
269 341 320 378 ut
358 333 626 379 amantibus
667 332 848 378 felicius
886 332 1019 377 dtum
1056 349 1197 394 quam
1241 332 1350 377 alias
1389 350 1577 378 carmen

127 408 375 454 metricum
413 408 752 472 pulchriusque
787 407 1083 471 respondeat,
1124 424 1230 452 curn
1271 408 1579 453 aestuantibus

126 484 270 529 animi
298 485 538 530 affectibus
564 485 834 539 incitantur,
861 493 912 530 ut
937 484 1153 547 ignarum
1186 483 1311 539 artis,
1337 485 1485 529 ausim
1512 483 1581 529 di-

125 577 243 615 cere,
270 578 400 606 amor
424 561 605 617 docere,
633 579 764 608 amor
795 570 984 624 poetam
1022 560 1173 605 faeere
1209 559 1382 622 possit:
1420 559 1499 620 qui
1526 560 1581 604 fit

125 644 176 681 ut
215 636 286 681 his
327 637 385 681 de
421 638 592 698 quibus
631 637 811 683 dictum
852 646 938 693 est,
975 635 1120 682 veluti
1153 635 1396 680 communi
1441 653 1579 681 sensu

124 710 386 773 eodemque
407 713 577 770 studio,
595 714 822 758 sollemne
842 731 894 758 ac
914 712 1143 758 familiare
1164 711 1224 756 sit
1242 710 1453 756 fortunas
1474 728 1580 756 suas

123 788 308 832 emetris
334 789 490 851 potius
517 790 780 835 carminum
809 805 972 835 canere
998 805 1142 850 quam
1169 787 1276 832 stilo
1300 804 1452 850 prosae
1481 804 1582 832 ora-

123 863 262 909 tionis
284 862 479 910 fefferre.
518 867 825 927 Quamquam
853 865 942 911 hoc
967 864 1094 910 idem
1120 864 1277 909 omnis
1304 863 1447 908 animi
1474 881 1580 926 pas-

124 939 192 985 sio
233 941 365 1003 parili
412 950 542 987 motu
586 941 909 1003 instinctuque
950 941 1127 1004 percita
1165 941 1237 986 vel
1277 940 1579 1002 potissimum

123 1016 321 1069 affectet,
352 1025 403 1062 ut
434 1035 481 1062 se
508 1017 563 1062 ad
598 1028 854 1063 metrorum
889 1017 1198 1074 caerimonias,
1223 1016 1345 1062 sicut
1373 1016 1581 1078 plerum-

123 1109 214 1153 que
240 1092 490 1148 cernimus,
516 1093 740 1147 conferat,
760 1094 870 1138 licet
896 1094 1041 1139 sciam
1063 1109 1406 1154 nonnunquam
1435 1092 1578 1137 etiam

123 1167 238 1213 citra
262 1169 479 1214 affectum
507 1178 553 1213 et
586 1169 875 1231 inpulsiones
908 1168 1181 1230 hujusmodi
1219 1177 1475 1214 metrorum
1514 1168 1582 1213 fa-

123 1243 264 1289 cetias
303 1254 470 1306 sponte
495 1261 579 1288 nos
607 1262 659 1290 ac
684 1244 887 1307 simplici
912 1245 1155 1289 voluntate
1193 1244 1385 1289 sectari:
1423 1243 1581 1306 itaque

123 1320 218 1364 sive
245 1319 344 1365 haec
371 1320 428 1366 ad
454 1320 826 1366 delenimentum
856 1320 1139 1376 animorum,
1164 1319 1260 1365 sive
1293 1318 1350 1364 ad
1376 1319 1583 1364 oblecta-

124 1404 338 1441 mentum
378 1396 579 1452 aurium,
606 1414 685 1442 seu
725 1397 935 1443 levamen
974 1396 1205 1451 laborum,
1232 1396 1320 1441 sibi
1359 1396 1580 1441 mortales

121 1489 372 1535 procurare
408 1473 617 1519 studium
647 1473 914 1530 habuerint,
941 1491 1033 1519 non
1062 1472 1201 1518 anxie
1231 1471 1582 1529 sciscitaverim,

124 1548 214 1594 hoc
253 1558 440 1595 tantum
484 1550 764 1613 persuadere
802 1558 1068 1605 contentus,
1109 1565 1303 1594 omnem
1348 1547 1483 1601 hanc,
1523 1548 1581 1593 de

122 1641 217 1686 qua
243 1625 377 1670 nobis
403 1643 556 1671 sermo
581 1635 665 1681 est,
692 1625 923 1671 musicam
952 1642 977 1670 a
1001 1622 1258 1687 primordio
1276 1623 1582 1670 nascentibus

123 1717 232 1746 cum
261 1701 416 1747 anima
445 1719 678 1764 sensuque
715 1701 919 1746 infusam
947 1717 999 1746 ac
1024 1699 1261 1756 traditam,
1285 1709 1477 1763 gpostea
1499 1701 1583 1745 ob-

123 1777 398 1822 servationis
440 1787 650 1823 struente
700 1777 969 1839 magisterio
1010 1776 1288 1839 expolitam,
1330 1775 1579 1822 hnonnihil

122 1853 265 1898 etiam
305 1853 375 1898 his
413 1853 753 1908 affectionibus,
787 1861 839 1899 ut
861 1853 1220 1915 Theophrastus
1258 1853 1434 1907 asserit,
1466 1853 1582 1898 inci-

123 1929 226 1985 tari,
263 1929 433 1991 vigere,
468 1930 808 1992 pulchriusque
846 1928 1112 1991 procedere.
1184 1929 1276 1975 Sed
1314 1947 1453 1993 super
1489 1930 1580 1975 hoc

124 2003 389 2059 ihactenuS,
423 2022 548 2051 nunc
581 2005 637 2050 ad
668 2005 956 2062 institutum,
986 2014 1039 2051 ut
1068 2006 1390 2068 promisimus,
1416 2006 1579 2051 ordine

123 2090 423 2126 revertamur.

176 2212 195 2240 d
214 2215 311 2261 tum]
337 2223 409 2250 tam
432 2215 472 2250 P.
630 2221 645 2240 e
668 2215 804 2261 metro]
831 2213 956 2250 metris
978 2215 1016 2250 P.
1172 2213 1188 2240 f
1204 2215 1348 2262 efferre]
1373 2215 1516 2251 adferre
1536 2216 1577 2252 P.

121 2274 137 2298 g
157 2268 301 2316 postea]
326 2270 360 2316 μ’
383 2269 424 2304 P.
548 2265 568 2292 h
590 2267 777 2315 nonnihil]
802 2267 985 2303 nonnihili
1006 2268 1046 2303 P.
1168 2266 1178 2293 i
1199 2268 1398 2316 hactenus]
1425 2269 1496 2305 huc
1518 2282 1579 2304 us-

122 2334 194 2369 que
215 2321 395 2356 hactenus
415 2321 455 2357 P.

122 2455 171 2483 το,
206 2439 367 2487 Θεόκριτε,
399 2440 446 2474 τοὶ
478 2441 540 2487 γὰρ
571 2441 682 2486 ἔρωτες
706 2436 712 2488 Ι
737 2446 818 2474 πολ·
877 2440 976 2481 crite,
1016 2451 1170 2487 namque
1206 2441 1335 2486 cupido
1360 2437 1365 2489 Ι
1393 2440 1579 2474 Pieridum

122 2495 199 2527 λάκι
219 2494 351 2535 ποιητὰς
375 2490 527 2533 ἐδίδαξαν
546 2495 616 2533 τοίς
633 2493 700 2538 πρὶν
720 2495 820 2538 ἀμοῦ-
877 2494 1021 2538 ignaros
1053 2494 1185 2528 multos
1203 2493 1306 2541 facit
1341 2505 1412 2528 esse
1441 2498 1578 2540 poetas.

123 2561 203 2586 σονς.
237 2546 381 2580 Scilicet
401 2545 473 2581 haec
491 2550 574 2580 sunt
594 2557 679 2580 vera
704 2546 818 2581 Theo·
878 2546 1078 2582 CAMER.

1602 884 1641 913 14
