<?xml version="1.0" encoding="UTF-8"?>
<!DOCTYPE html PUBLIC "-//W3C//DTD XHTML 1.0 Transitional//EN"
    "http://www.w3.org/TR/xhtml1/DTD/xhtml1-transitional.dtd">
<html xmlns="http://www.w3.org/1999/xhtml" xml:lang="en" lang="en">
 <head>
  <title>
</title>
<meta http-equiv="Content-Type" content="text/html;charset=utf-8" />
  <meta name='ocr-system' content='tesseract 3.04.00' />
  <meta name='ocr-capabilities' content='ocr_page ocr_carea ocr_par ocr_line ocrx_word'/>
</head>
<body>
  <div class='ocr_page' id='page_1' title='image "./scriptoreslatini00gaisuoft_0342.png"; bbox 0 0 1962 3355; ppageno 0'>
   <div class='ocr_carea' id='block_1_1' title="bbox 344 179 1793 227">
    <p class='ocr_par' dir='ltr' id='par_1_1' title="bbox 344 179 1793 227">
     <span class='ocr_line' id='line_1_1' title="bbox 344 179 1793 227; baseline 0.001 -3"><span class='ocrx_word' id='word_1_1' title='bbox 344 188 441 224; x_wconf 81' lang='grc'><strong>324</strong></span> <span class='ocrx_word' id='word_1_2' title='bbox 805 179 956 225; x_wconf 82' lang='lat' dir='ltr'><strong>Atilii</strong></span> <span class='ocrx_word' id='word_1_3' title='bbox 980 180 1319 227; x_wconf 74' lang='lat' dir='ltr'><strong>Fortunatiani</strong></span> <span class='ocrx_word' id='word_1_4' title='bbox 1632 196 1742 226; x_wconf 85' lang='lat' dir='ltr'><strong>PAR.</strong></span> <span class='ocrx_word' id='word_1_5' title='bbox 1762 197 1793 226; x_wconf 96' lang='lat'><strong>1.</strong></span> 
     </span>
    </p>
   </div>
   <div class='ocr_carea' id='block_1_2' title="bbox 346 299 1596 432">
    <p class='ocr_par' dir='ltr' id='par_1_2' title="bbox 346 299 1596 432">
     <span class='ocr_line' id='line_1_2' title="bbox 346 299 994 363; baseline 0.005 -19"><span class='ocrx_word' id='word_1_6' title='bbox 346 299 489 363; x_wconf 90' lang='lat' dir='ltr'>Apud</span> <span class='ocrx_word' id='word_1_7' title='bbox 515 300 859 346; x_wconf 85' lang='lat' dir='ltr'>Archilochum</span> <span class='ocrx_word' id='word_1_8' title='bbox 888 302 994 358; x_wconf 79' lang='lat' dir='ltr'><strong>tale,</strong></span> 
     </span>
     <span class='ocr_line' id='line_1_3' title="bbox 521 376 1596 432; baseline 0.002 -17"><span class='ocrx_word' id='word_1_9' title='bbox 521 376 647 423; x_wconf 74' lang='lat' dir='ltr'><strong>Quem</strong></span> <span class='ocrx_word' id='word_1_10' title='bbox 668 391 752 416; x_wconf 77' lang='lat' dir='ltr'><strong>non</strong></span> <span class='ocrx_word' id='word_1_11' title='bbox 772 378 951 418; x_wconf 69' lang='lat' dir='ltr'><strong>rationis</strong></span> <span class='ocrx_word' id='word_1_12' title='bbox 972 383 1156 432; x_wconf 77' lang='lat' dir='ltr'><em>egentem</em></span> <span class='ocrx_word' id='word_1_13' title='bbox 1179 377 1278 416; x_wconf 81' lang='lat' dir='ltr'><strong>vicit</strong></span> <span class='ocrx_word' id='word_1_14' title='bbox 1297 376 1596 417; x_wconf 75' lang='lat' dir='ltr'><strong>qArekimedes.</strong></span> 
     </span>
    </p>
   </div>
   <div class='ocr_carea' id='block_1_3' title="bbox 310 447 1815 2542">
    <p class='ocr_par' dir='ltr' id='par_1_3' title="bbox 347 447 816 511">
     <span class='ocr_line' id='line_1_4' title="bbox 347 447 816 511; baseline 0.002 -18"><span class='ocrx_word' id='word_1_15' title='bbox 347 447 412 493; x_wconf 89' lang='lat' dir='ltr'><strong>Et</strong></span> <span class='ocrx_word' id='word_1_16' title='bbox 435 448 625 494; x_wconf 87' lang='lat' dir='ltr'><strong>tertium</strong></span> <span class='ocrx_word' id='word_1_17' title='bbox 654 467 816 511; x_wconf 83' lang='lat' dir='ltr'><strong>genus,</strong></span> 
     </span>
    </p>

    <p class='ocr_par' dir='ltr' id='par_1_4' title="bbox 345 524 1801 814">
     <span class='ocr_line' id='line_1_5' title="bbox 520 524 1528 579; baseline -0.001 -15"><span class='ocrx_word' id='word_1_18' title='bbox 520 525 716 564; x_wconf 71' lang='lat' dir='ltr'><strong>Consulto</strong></span> <span class='ocrx_word' id='word_1_19' title='bbox 733 524 927 579; x_wconf 74' lang='lat' dir='ltr'><strong>producit</strong></span> <span class='ocrx_word' id='word_1_20' title='bbox 947 538 1039 564; x_wconf 77' lang='lat' dir='ltr'><strong>eum</strong></span> <span class='ocrx_word' id='word_1_21' title='bbox 1060 538 1139 578; x_wconf 78' lang='lat' dir='ltr'><strong>quo</strong></span> <span class='ocrx_word' id='word_1_22' title='bbox 1160 524 1215 564; x_wconf 66' lang='lat' dir='ltr'><strong>sit</strong></span> <span class='ocrx_word' id='word_1_23' title='bbox 1234 524 1528 579; x_wconf 78' lang='lat' dir='ltr'><strong>impudentior.</strong></span> 
     </span>
     <span class='ocr_line' id='line_1_6' title="bbox 345 597 1801 661; baseline 0.001 -18"><span class='ocrx_word' id='word_1_24' title='bbox 345 597 491 660; x_wconf 92' lang='lat' dir='ltr'><strong>Apud</strong></span> <span class='ocrx_word' id='word_1_25' title='bbox 537 606 718 643; x_wconf 83' lang='lat' dir='ltr'><strong>nostros</strong></span> <span class='ocrx_word' id='word_1_26' title='bbox 766 605 925 642; x_wconf 81' lang='lat' dir='ltr'><strong>autem</strong></span> <span class='ocrx_word' id='word_1_27' title='bbox 974 597 1021 642; x_wconf 91' lang='lat' dir='ltr'><strong>in</strong></span> <span class='ocrx_word' id='word_1_28' title='bbox 1074 597 1247 643; x_wconf 84' lang='lat' dir='ltr'><strong>tabulis</strong></span> <span class='ocrx_word' id='word_1_29' title='bbox 1302 597 1522 659; x_wconf 84' lang='lat' dir='ltr'><strong>antiquiS‚</strong></span> <span class='ocrx_word' id='word_1_30' title='bbox 1562 616 1676 661; x_wconf 91' lang='lat' dir='ltr'><strong>quas</strong></span> <span class='ocrx_word' id='word_1_31' title='bbox 1718 599 1801 644; x_wconf 80' lang='lat' dir='ltr'><strong>tri-</strong></span> 
     </span>
     <span class='ocr_line' id='line_1_7' title="bbox 346 672 1800 737; baseline 0 -17"><span class='ocrx_word' id='word_1_32' title='bbox 346 674 622 737; x_wconf 83' lang='lat' dir='ltr'><strong>umphaturi</strong></span> <span class='ocrx_word' id='word_1_33' title='bbox 643 672 785 719; x_wconf 89' lang='lat' dir='ltr'><strong>duces</strong></span> <span class='ocrx_word' id='word_1_34' title='bbox 810 673 859 718; x_wconf 89' lang='lat' dir='ltr'><strong>in</strong></span> <span class='ocrx_word' id='word_1_35' title='bbox 879 673 1117 736; x_wconf 83' lang='lat' dir='ltr'><strong>Capitolio</strong></span> <span class='ocrx_word' id='word_1_36' title='bbox 1137 674 1362 736; x_wconf 83' lang='lat' dir='ltr'><strong>figebant,</strong></span> <span class='ocrx_word' id='word_1_37' title='bbox 1380 674 1679 737; x_wconf 86' lang='lat' dir='ltr'><strong>victoriaeque</strong></span> <span class='ocrx_word' id='word_1_38' title='bbox 1705 692 1800 726; x_wconf 80' lang='lat' dir='ltr'><strong>suae</strong></span> 
     </span>
     <span class='ocr_line' id='line_1_8' title="bbox 346 748 1801 814; baseline 0.002 -19"><span class='ocrx_word' id='word_1_39' title='bbox 346 748 538 795; x_wconf 84' lang='lat' dir='ltr'><strong>titulum</strong></span> <span class='ocrx_word' id='word_1_40' title='bbox 578 748 808 794; x_wconf 85' lang='lat' dir='ltr'><strong>Saturniis</strong></span> <span class='ocrx_word' id='word_1_41' title='bbox 845 749 1055 795; x_wconf 90' lang='lat' dir='ltr'><strong>versibus</strong></span> <span class='ocrx_word' id='word_1_42' title='bbox 1093 751 1515 812; x_wconf 78' lang='lat' dir='ltr'><strong>prosequebantur,</strong></span> <span class='ocrx_word' id='word_1_43' title='bbox 1549 751 1661 798; x_wconf 84' lang='lat' dir='ltr'><strong>talia</strong></span> <span class='ocrx_word' id='word_1_44' title='bbox 1698 769 1801 814; x_wconf 89' lang='lat' dir='ltr'><strong>rep-</strong></span> 
     </span>
    </p>

    <p class='ocr_par' dir='ltr' id='par_1_5' title="bbox 310 824 1282 888">
     <span class='ocr_line' id='line_1_9' title="bbox 310 824 1282 888; baseline 0.003 -19"><span class='ocrx_word' id='word_1_45' title='bbox 310 850 328 879; x_wconf 79' lang='lat'><em>3</em></span> <span class='ocrx_word' id='word_1_46' title='bbox 346 824 445 888; x_wconf 87' lang='lat' dir='ltr'><strong>peri</strong></span> <span class='ocrx_word' id='word_1_47' title='bbox 471 825 705 887; x_wconf 86' lang='lat' dir='ltr'><strong>exempla.</strong></span> <span class='ocrx_word' id='word_1_48' title='bbox 775 824 851 871; x_wconf 80' lang='lat' dir='ltr'><strong>Ex</strong></span> <span class='ocrx_word' id='word_1_49' title='bbox 877 825 1081 888; x_wconf 78' lang='lat' dir='ltr'><strong>rRegilli</strong></span> <span class='ocrx_word' id='word_1_50' title='bbox 1107 826 1282 883; x_wconf 85' lang='lat' dir='ltr'><strong>tabula,</strong></span> 
     </span>
    </p>

    <p class='ocr_par' dir='ltr' id='par_1_6' title="bbox 349 900 1582 1041">
     <span class='ocr_line' id='line_1_10' title="bbox 517 900 1582 959; baseline 0.004 -19"><span class='ocrx_word' id='word_1_51' title='bbox 517 900 668 940; x_wconf 75' lang='lat' dir='ltr'><strong>Duello</strong></span> <span class='ocrx_word' id='word_1_52' title='bbox 690 914 845 956; x_wconf 77' lang='lat' dir='ltr'><strong>magno</strong></span> <span class='ocrx_word' id='word_1_53' title='bbox 865 901 1111 951; x_wconf 77' lang='lat' dir='ltr'><strong>dirimendo,</strong></span> <span class='ocrx_word' id='word_1_54' title='bbox 1134 903 1306 957; x_wconf 76' lang='lat' dir='ltr'><strong>regibus</strong></span> <span class='ocrx_word' id='word_1_55' title='bbox 1326 904 1582 959; x_wconf 71' lang='lat' dir='ltr'><em>subigendis.</em></span> 
     </span>
     <span class='ocr_line' id='line_1_11' title="bbox 349 973 1541 1041; baseline 0.004 -23"><span class='ocrx_word' id='word_1_56' title='bbox 349 973 443 1026; x_wconf 80' lang='lat' dir='ltr'><strong>Qui</strong></span> <span class='ocrx_word' id='word_1_57' title='bbox 469 982 540 1019; x_wconf 86' lang='lat' dir='ltr'><strong>est</strong></span> <span class='ocrx_word' id='word_1_58' title='bbox 565 973 824 1020; x_wconf 84' lang='lat' dir='ltr'><strong>subsimilis</strong></span> <span class='ocrx_word' id='word_1_59' title='bbox 850 974 890 1020; x_wconf 89' lang='lat' dir='ltr'><strong>ei</strong></span> <span class='ocrx_word' id='word_1_60' title='bbox 919 992 1061 1037; x_wconf 89' lang='lat' dir='ltr'><strong>quem</strong></span> <span class='ocrx_word' id='word_1_61' title='bbox 1090 976 1232 1038; x_wconf 85' lang='lat' dir='ltr'><strong>paulo</strong></span> <span class='ocrx_word' id='word_1_62' title='bbox 1257 985 1365 1022; x_wconf 84' lang='lat' dir='ltr'><strong>ante</strong></span> <span class='ocrx_word' id='word_1_63' title='bbox 1389 977 1541 1041; x_wconf 84' lang='lat' dir='ltr'><strong>posui,</strong></span> 
     </span>
    </p>

    <p class='ocr_par' dir='ltr' id='par_1_7' title="bbox 350 1051 1533 1182">
     <span class='ocr_line' id='line_1_12' title="bbox 523 1051 1533 1108; baseline 0.003 -18"><span class='ocrx_word' id='word_1_64' title='bbox 523 1051 719 1090; x_wconf 70' lang='lat' dir='ltr'><strong>Consulto</strong></span> <span class='ocrx_word' id='word_1_65' title='bbox 731 1051 932 1106; x_wconf 73' lang='lat' dir='ltr'><em>producit</em></span> <span class='ocrx_word' id='word_1_66' title='bbox 952 1065 1043 1091; x_wconf 76' lang='lat' dir='ltr'><strong>eum</strong></span> <span class='ocrx_word' id='word_1_67' title='bbox 1065 1067 1143 1107; x_wconf 76' lang='lat' dir='ltr'><strong>quo</strong></span> <span class='ocrx_word' id='word_1_68' title='bbox 1163 1053 1219 1093; x_wconf 69' lang='lat' dir='ltr'><strong>sit</strong></span> <span class='ocrx_word' id='word_1_69' title='bbox 1240 1052 1533 1108; x_wconf 77' lang='lat' dir='ltr'><strong>impudentior.</strong></span> 
     </span>
     <span class='ocr_line' id='line_1_13' title="bbox 350 1123 1131 1182; baseline 0.001 -12"><span class='ocrx_word' id='word_1_70' title='bbox 350 1124 408 1170; x_wconf 91' lang='lat' dir='ltr'><strong>In</strong></span> <span class='ocrx_word' id='word_1_71' title='bbox 434 1123 625 1170; x_wconf 82' lang='lat' dir='ltr'><strong>SAccilii</strong></span> <span class='ocrx_word' id='word_1_72' title='bbox 655 1124 928 1170; x_wconf 80' lang='lat' dir='ltr'><strong>Glabrionis</strong></span> <span class='ocrx_word' id='word_1_73' title='bbox 955 1125 1131 1182; x_wconf 78' lang='lat' dir='ltr'><strong>tabula,</strong></span> 
     </span>
    </p>

    <p class='ocr_par' dir='ltr' id='par_1_8' title="bbox 349 1200 1522 1339">
     <span class='ocr_line' id='line_1_14' title="bbox 518 1200 1522 1257; baseline 0.002 -18"><span class='ocrx_word' id='word_1_74' title='bbox 518 1201 561 1240; x_wconf 83' lang='lat' dir='ltr'><em>F</em></span> <span class='ocrx_word' id='word_1_75' title='bbox 563 1200 682 1240; x_wconf 63' lang='lat' dir='ltr'><strong>candit</strong></span> <span class='ocrx_word' id='word_1_76' title='bbox 683 1201 831 1256; x_wconf 78' lang='lat' dir='ltr'><strong>fugat</strong></span> <span class='ocrx_word' id='word_1_77' title='bbox 843 1202 1077 1256; x_wconf 71' lang='lat' dir='ltr'><strong>prosternit</strong></span> <span class='ocrx_word' id='word_1_78' title='bbox 1098 1202 1304 1241; x_wconf 69' lang='lat' dir='ltr'><strong>maximas</strong></span> <span class='ocrx_word' id='word_1_79' title='bbox 1325 1201 1522 1257; x_wconf 70' lang='lat' dir='ltr'><strong>legiones.</strong></span> 
     </span>
     <span class='ocr_line' id='line_1_15' title="bbox 349 1273 1513 1339; baseline 0.002 -20"><span class='ocrx_word' id='word_1_80' title='bbox 349 1273 491 1337; x_wconf 85' lang='lat' dir='ltr'><strong>Apud</strong></span> <span class='ocrx_word' id='word_1_81' title='bbox 517 1273 742 1320; x_wconf 84' lang='lat' dir='ltr'><strong>Naevium</strong></span> <span class='ocrx_word' id='word_1_82' title='bbox 767 1283 956 1337; x_wconf 87' lang='lat' dir='ltr'><strong>poetam</strong></span> <span class='ocrx_word' id='word_1_83' title='bbox 986 1274 1070 1321; x_wconf 87' lang='lat' dir='ltr'><strong>hos</strong></span> <span class='ocrx_word' id='word_1_84' title='bbox 1095 1275 1278 1339; x_wconf 84' lang='lat' dir='ltr'><strong>repperi</strong></span> <span class='ocrx_word' id='word_1_85' title='bbox 1304 1275 1513 1331; x_wconf 85' lang='lat' dir='ltr'><strong>idoneos,</strong></span> 
     </span>
    </p>

    <p class='ocr_par' dir='ltr' id='par_1_9' title="bbox 350 1350 1485 1480">
     <span class='ocr_line' id='line_1_16' title="bbox 521 1350 1485 1406; baseline 0.003 -17"><span class='ocrx_word' id='word_1_86' title='bbox 521 1350 686 1390; x_wconf 81' lang='lat' dir='ltr'><strong>Ferunt</strong></span> <span class='ocrx_word' id='word_1_87' title='bbox 707 1351 920 1405; x_wconf 64' lang='lat' dir='ltr'><strong>‘pulchras</strong></span> <span class='ocrx_word' id='word_1_88' title='bbox 934 1357 1110 1406; x_wconf 75' lang='lat' dir='ltr'><strong>pateras</strong></span> <span class='ocrx_word' id='word_1_89' title='bbox 1130 1365 1283 1391; x_wconf 76' lang='lat' dir='ltr'><strong>aureas</strong></span> <span class='ocrx_word' id='word_1_90' title='bbox 1304 1351 1485 1406; x_wconf 72' lang='lat' dir='ltr'><strong>lepistas.</strong></span> 
     </span>
     <span class='ocr_line' id='line_1_17' title="bbox 350 1423 676 1480; baseline 0 -11"><span class='ocrx_word' id='word_1_91' title='bbox 350 1423 416 1469; x_wconf 83' lang='lat' dir='ltr'><strong>Et</strong></span> <span class='ocrx_word' id='word_1_92' title='bbox 441 1423 532 1469; x_wconf 85' lang='lat' dir='ltr'><strong>alio</strong></span> <span class='ocrx_word' id='word_1_93' title='bbox 556 1423 676 1480; x_wconf 84' lang='lat' dir='ltr'><strong>loco,</strong></span> 
     </span>
    </p>

    <p class='ocr_par' dir='ltr' id='par_1_10' title="bbox 354 1500 1811 1858">
     <span class='ocr_line' id='line_1_18' title="bbox 523 1500 1396 1554; baseline 0.001 -15"><span class='ocrx_word' id='word_1_94' title='bbox 523 1500 708 1541; x_wconf 74' lang='lat' dir='ltr'><strong>uNovem</strong></span> <span class='ocrx_word' id='word_1_95' title='bbox 730 1501 852 1540; x_wconf 71' lang='lat' dir='ltr'><strong>Jovis</strong></span> <span class='ocrx_word' id='word_1_96' title='bbox 871 1500 1086 1540; x_wconf 76' lang='lat' dir='ltr'><strong>concordes</strong></span> <span class='ocrx_word' id='word_1_97' title='bbox 1091 1500 1205 1554; x_wconf 74' lang='lat' dir='ltr'><strong>filice</strong></span> <span class='ocrx_word' id='word_1_98' title='bbox 1224 1515 1396 1542; x_wconf 71' lang='lat' dir='ltr'><strong>sorores,</strong></span> 
     </span>
     <span class='ocr_line' id='line_1_19' title="bbox 354 1572 1810 1637; baseline 0.001 -18"><span class='ocrx_word' id='word_1_99' title='bbox 354 1573 446 1619; x_wconf 78' lang='lat' dir='ltr'><strong>Sed</strong></span> <span class='ocrx_word' id='word_1_100' title='bbox 472 1590 529 1619; x_wconf 85' lang='lat' dir='ltr'><strong>ex</strong></span> <span class='ocrx_word' id='word_1_101' title='bbox 554 1572 776 1619; x_wconf 87' lang='lat' dir='ltr'><strong>omnibus</strong></span> <span class='ocrx_word' id='word_1_102' title='bbox 802 1573 916 1628; x_wconf 81' lang='lat' dir='ltr'><strong>istis,</strong></span> <span class='ocrx_word' id='word_1_103' title='bbox 938 1573 1018 1636; x_wconf 91' lang='lat' dir='ltr'><strong>qui</strong></span> <span class='ocrx_word' id='word_1_104' title='bbox 1045 1581 1153 1619; x_wconf 83' lang='lat' dir='ltr'><strong>sunt</strong></span> <span class='ocrx_word' id='word_1_105' title='bbox 1179 1573 1437 1637; x_wconf 82' lang='lat' dir='ltr'><strong>asperrimi,</strong></span> <span class='ocrx_word' id='word_1_106' title='bbox 1460 1582 1508 1620; x_wconf 81' lang='lat' dir='ltr'><strong>et</strong></span> <span class='ocrx_word' id='word_1_107' title='bbox 1532 1573 1588 1620; x_wconf 89' lang='lat' dir='ltr'><strong>ad</strong></span> <span class='ocrx_word' id='word_1_108' title='bbox 1613 1573 1810 1620; x_wconf 89' lang='lat' dir='ltr'><strong>demon-</strong></span> 
     </span>
     <span class='ocr_line' id='line_1_20' title="bbox 354 1648 1804 1713; baseline 0.001 -18"><span class='ocrx_word' id='word_1_109' title='bbox 354 1649 598 1695; x_wconf 85' lang='lat' dir='ltr'><strong>strandum</strong></span> <span class='ocrx_word' id='word_1_110' title='bbox 648 1649 845 1695; x_wconf 91' lang='lat' dir='ltr'><strong>minime</strong></span> <span class='ocrx_word' id='word_1_111' title='bbox 888 1648 1250 1705; x_wconf 73' lang='lat' dir='ltr'><strong>accommodati,</strong></span> <span class='ocrx_word' id='word_1_112' title='bbox 1291 1650 1501 1712; x_wconf 85' lang='lat' dir='ltr'><strong>optimus</strong></span> <span class='ocrx_word' id='word_1_113' title='bbox 1547 1659 1618 1696; x_wconf 86' lang='lat' dir='ltr'><strong>est</strong></span> <span class='ocrx_word' id='word_1_114' title='bbox 1664 1667 1804 1713; x_wconf 89' lang='lat' dir='ltr'><strong>quem</strong></span> 
     </span>
     <span class='ocr_line' id='line_1_21' title="bbox 356 1725 1811 1788; baseline 0.001 -18"><span class='ocrx_word' id='word_1_115' title='bbox 356 1725 541 1770; x_wconf 84' lang='lat' dir='ltr'><strong>Metelli</strong></span> <span class='ocrx_word' id='word_1_116' title='bbox 569 1734 915 1788; x_wconf 85' lang='lat' dir='ltr'><strong>proposuerunt</strong></span> <span class='ocrx_word' id='word_1_117' title='bbox 939 1725 997 1771; x_wconf 90' lang='lat' dir='ltr'><strong>de</strong></span> <span class='ocrx_word' id='word_1_118' title='bbox 1022 1725 1208 1781; x_wconf 82' lang='lat' dir='ltr'><strong>Naevio,</strong></span> <span class='ocrx_word' id='word_1_119' title='bbox 1232 1725 1520 1788; x_wconf 80' lang='lat' dir='ltr'><strong>Waliquoties</strong></span> <span class='ocrx_word' id='word_1_120' title='bbox 1547 1727 1605 1772; x_wconf 88' lang='lat' dir='ltr'><strong>ab</strong></span> <span class='ocrx_word' id='word_1_121' title='bbox 1631 1744 1686 1772; x_wconf 88' lang='lat' dir='ltr'><strong>eo</strong></span> <span class='ocrx_word' id='word_1_122' title='bbox 1711 1743 1811 1771; x_wconf 85' lang='lat' dir='ltr'><strong>ver-</strong></span> 
     </span>
     <span class='ocr_line' id='line_1_22' title="bbox 357 1801 654 1858; baseline -0.007 -10"><span class='ocrx_word' id='word_1_123' title='bbox 357 1820 410 1848; x_wconf 90' lang='lat' dir='ltr'><strong>su</strong></span> <span class='ocrx_word' id='word_1_124' title='bbox 436 1801 654 1858; x_wconf 84' lang='lat' dir='ltr'><strong>lacessiti,</strong></span> 
     </span>
    </p>

    <p class='ocr_par' dir='ltr' id='par_1_11' title="bbox 526 1876 1407 1934">
     <span class='ocr_line' id='line_1_23' title="bbox 526 1876 1407 1934; baseline -0.001 -16"><span class='ocrx_word' id='word_1_125' title='bbox 526 1876 716 1919; x_wconf 59' lang='lat' dir='ltr'><strong>xalalmn</strong></span> <span class='ocrx_word' id='word_1_126' title='bbox 737 1879 895 1920; x_wconf 73' lang='lat' dir='ltr'><em>dabunt</em></span> <span class='ocrx_word' id='word_1_127' title='bbox 916 1879 1074 1919; x_wconf 76' lang='lat' dir='ltr'><strong>Metelli</strong></span> <span class='ocrx_word' id='word_1_128' title='bbox 1096 1879 1250 1919; x_wconf 56' lang='lat' dir='ltr'><strong>Naevio</strong></span> <span class='ocrx_word' id='word_1_129' title='bbox 1262 1885 1407 1934; x_wconf 78' lang='lat' dir='ltr'><strong>poetae.</strong></span> 
     </span>
    </p>

    <p class='ocr_par' dir='ltr' id='par_1_12' title="bbox 319 1950 1815 2169">
     <span class='ocr_line' id='line_1_24' title="bbox 319 1950 1813 2016; baseline -0.003 -16"><span class='ocrx_word' id='word_1_130' title='bbox 319 1975 337 2001; x_wconf 86' lang='lat'>4</span> <span class='ocrx_word' id='word_1_131' title='bbox 357 1952 456 1998; x_wconf 82' lang='lat' dir='ltr'><strong>Hic</strong></span> <span class='ocrx_word' id='word_1_132' title='bbox 486 1952 613 1998; x_wconf 90' lang='lat' dir='ltr'><strong>enim</strong></span> <span class='ocrx_word' id='word_1_133' title='bbox 651 1952 900 1998; x_wconf 84' lang='lat' dir='ltr'><strong>Saturnius</strong></span> <span class='ocrx_word' id='word_1_134' title='bbox 937 1960 1123 1998; x_wconf 84' lang='lat' dir='ltr'><strong>constat</strong></span> <span class='ocrx_word' id='word_1_135' title='bbox 1161 1969 1219 1998; x_wconf 84' lang='lat' dir='ltr'><strong>ex</strong></span> <span class='ocrx_word' id='word_1_136' title='bbox 1247 1951 1571 2016; x_wconf 83' lang='lat' dir='ltr'><strong>Hipponactei</strong></span> <span class='ocrx_word' id='word_1_137' title='bbox 1598 1950 1813 2013; x_wconf 86' lang='lat' dir='ltr'><strong>quadrati</strong></span> 
     </span>
     <span class='ocr_line' id='line_1_25' title="bbox 357 2026 1815 2093; baseline -0.001 -18"><span class='ocrx_word' id='word_1_138' title='bbox 357 2029 549 2076; x_wconf 82' lang='lat' dir='ltr'><strong>iambici</strong></span> <span class='ocrx_word' id='word_1_139' title='bbox 576 2029 833 2093; x_wconf 85' lang='lat' dir='ltr'><strong>posteriore</strong></span> <span class='ocrx_word' id='word_1_140' title='bbox 859 2038 1113 2086; x_wconf 79' lang='lat' dir='ltr'><strong>commate,</strong></span> <span class='ocrx_word' id='word_1_141' title='bbox 1138 2038 1185 2075; x_wconf 80' lang='lat' dir='ltr'><strong>et</strong></span> <span class='ocrx_word' id='word_1_142' title='bbox 1208 2029 1449 2092; x_wconf 67' lang='lat' dir='ltr'><strong>thallieo</strong></span> <span class='ocrx_word' id='word_1_143' title='bbox 1474 2036 1640 2074; x_wconf 86' lang='lat' dir='ltr'><strong>metro.</strong></span> <span class='ocrx_word' id='word_1_144' title='bbox 1688 2026 1815 2090; x_wconf 85' lang='lat' dir='ltr'><strong>Hip-</strong></span> 
     </span>
     <span class='ocr_line' id='line_1_26' title="bbox 359 2105 1153 2169; baseline -0.001 -17"><span class='ocrx_word' id='word_1_145' title='bbox 359 2106 577 2169; x_wconf 83' lang='lat' dir='ltr'><strong>ponactei</strong></span> <span class='ocrx_word' id='word_1_146' title='bbox 604 2105 821 2168; x_wconf 83' lang='lat' dir='ltr'><strong>quadrati</strong></span> <span class='ocrx_word' id='word_1_147' title='bbox 848 2106 1153 2169; x_wconf 85' lang='lat' dir='ltr'><strong>exemplum:</strong></span> 
     </span>
    </p>

    <p class='ocr_par' dir='ltr' id='par_1_13' title="bbox 362 2197 1657 2311">
     <span class='ocr_line' id='line_1_27' title="bbox 535 2197 1657 2254; baseline -0.002 -17"><span class='ocrx_word' id='word_1_148' title='bbox 535 2198 646 2244; x_wconf 72' lang='lat' dir='ltr'><strong>Quid</strong></span> <span class='ocrx_word' id='word_1_149' title='bbox 664 2199 973 2238; x_wconf 73' lang='lat' dir='ltr'><strong>immerentibus</strong></span> <span class='ocrx_word' id='word_1_150' title='bbox 994 2213 1110 2239; x_wconf 75' lang='lat' dir='ltr'><strong>noces</strong></span> <span class='ocrx_word' id='word_1_151' title='bbox 1126 2200 1146 2239; x_wconf 74' lang='grc'><strong>,9</strong></span> <span class='ocrx_word' id='word_1_152' title='bbox 1177 2198 1278 2254; x_wconf 78' lang='lat' dir='ltr'><strong>quid</strong></span> <span class='ocrx_word' id='word_1_153' title='bbox 1296 2197 1459 2238; x_wconf 72' lang='lat' dir='ltr'><strong>invides</strong></span> <span class='ocrx_word' id='word_1_154' title='bbox 1479 2197 1624 2237; x_wconf 75' lang='lat' dir='ltr'><strong>amieis</strong></span> <span class='ocrx_word' id='word_1_155' title='bbox 1638 2198 1657 2235; x_wconf 75' lang='lat'><strong>‚9</strong></span> 
     </span>
     <span class='ocr_line' id='line_1_28' title="bbox 362 2255 508 2311; baseline -0.014 -10"><span class='ocrx_word' id='word_1_156' title='bbox 362 2255 508 2311; x_wconf 81' lang='lat' dir='ltr'><strong>Nam,</strong></span> 
     </span>
    </p>

    <p class='ocr_par' dir='ltr' id='par_1_14' title="bbox 365 2329 1072 2466">
     <span class='ocr_line' id='line_1_29' title="bbox 533 2329 1072 2377; baseline -0.002 -8"><span class='ocrx_word' id='word_1_157' title='bbox 533 2329 700 2369; x_wconf 71' lang='lat' dir='ltr'><strong>Malam</strong></span> <span class='ocrx_word' id='word_1_158' title='bbox 721 2330 879 2370; x_wconf 70' lang='lat' dir='ltr'><em>dabant</em></span> <span class='ocrx_word' id='word_1_159' title='bbox 900 2329 1072 2377; x_wconf 80' lang='lat' dir='ltr'><strong>Metelli,</strong></span> 
     </span>
     <span class='ocr_line' id='line_1_30' title="bbox 365 2419 777 2466; baseline -0.005 0"><span class='ocrx_word' id='word_1_160' title='bbox 365 2419 520 2466; x_wconf 88' lang='lat' dir='ltr'><strong>simile</strong></span> <span class='ocrx_word' id='word_1_161' title='bbox 540 2427 611 2465; x_wconf 82' lang='lat' dir='ltr'><strong>est</strong></span> <span class='ocrx_word' id='word_1_162' title='bbox 635 2419 729 2464; x_wconf 87' lang='lat' dir='ltr'><strong>illi:</strong></span> <span class='ocrx_word' id='word_1_163' title='bbox 770 2426 777 2431; x_wconf 82' lang='grc'><em>’</em></span> 
     </span>
    </p>

    <p class='ocr_par' dir='ltr' id='par_1_15' title="bbox 539 2494 1032 2542">
     <span class='ocr_line' id='line_1_31' title="bbox 539 2494 1032 2542; baseline 0 -8"><span class='ocrx_word' id='word_1_164' title='bbox 539 2495 650 2542; x_wconf 65' lang='lat' dir='ltr'><strong>Quid</strong></span> <span class='ocrx_word' id='word_1_165' title='bbox 671 2494 831 2535; x_wconf 72' lang='lat' dir='ltr'><strong>invides</strong></span> <span class='ocrx_word' id='word_1_166' title='bbox 852 2495 1032 2534; x_wconf 75' lang='lat' dir='ltr'><strong>amieis?</strong></span> 
     </span>
    </p>
   </div>
   <div class='ocr_carea' id='block_1_4' title="bbox 365 2628 1819 2943">
    <p class='ocr_par' dir='ltr' id='par_1_16' title="bbox 365 2628 1819 2943">
     <span class='ocr_line' id='line_1_32' title="bbox 421 2628 1818 2677; baseline 0.001 -13"><span class='ocrx_word' id='word_1_167' title='bbox 421 2637 441 2664; x_wconf 89' lang='lat' dir='ltr'>q</span> <span class='ocrx_word' id='word_1_168' title='bbox 461 2629 708 2676; x_wconf 79' lang='lat' dir='ltr'><strong>Arclzimenes]</strong></span> <span class='ocrx_word' id='word_1_169' title='bbox 735 2629 965 2664; x_wconf 79' lang='lat' dir='ltr'><strong>Archimedes</strong></span> <span class='ocrx_word' id='word_1_170' title='bbox 985 2628 1030 2662; x_wconf 84' lang='lat' dir='ltr'><strong>V.</strong></span> <span class='ocrx_word' id='word_1_171' title='bbox 1171 2636 1185 2655; x_wconf 86' lang='lat' dir='ltr'><strong>r</strong></span> <span class='ocrx_word' id='word_1_172' title='bbox 1207 2629 1344 2676; x_wconf 78' lang='lat' dir='ltr'><strong>Regili]</strong></span> <span class='ocrx_word' id='word_1_173' title='bbox 1371 2630 1505 2677; x_wconf 80' lang='lat' dir='ltr'><strong>Regilli</strong></span> <span class='ocrx_word' id='word_1_174' title='bbox 1528 2630 1572 2666; x_wconf 89' lang='lat' dir='ltr'><strong>V.</strong></span> <span class='ocrx_word' id='word_1_175' title='bbox 1713 2636 1727 2656; x_wconf 79' lang='lat'><strong>⁵</strong></span> <span class='ocrx_word' id='word_1_176' title='bbox 1747 2631 1818 2666; x_wconf 88' lang='lat' dir='ltr'><strong>Ac-</strong></span> 
     </span>
     <span class='ocr_line' id='line_1_33' title="bbox 369 2680 1818 2730; baseline -0.001 -11"><span class='ocrx_word' id='word_1_177' title='bbox 369 2684 457 2730; x_wconf 75' lang='lat' dir='ltr'><strong>citii]</strong></span> <span class='ocrx_word' id='word_1_178' title='bbox 485 2683 617 2719; x_wconf 79' lang='lat' dir='ltr'><strong>Achilii</strong></span> <span class='ocrx_word' id='word_1_179' title='bbox 636 2682 684 2719; x_wconf 87' lang='lat' dir='ltr'><strong>V.</strong></span> <span class='ocrx_word' id='word_1_180' title='bbox 715 2681 851 2718; x_wconf 81' lang='lat' dir='ltr'><strong>detrito</strong></span> <span class='ocrx_word' id='word_1_181' title='bbox 873 2682 907 2717; x_wconf 78' lang='lat' dir='ltr'><strong>h.</strong></span> <span class='ocrx_word' id='word_1_182' title='bbox 963 2680 1056 2716; x_wconf 85' lang='lat' dir='ltr'><strong>Mox</strong></span> <span class='ocrx_word' id='word_1_183' title='bbox 1089 2689 1234 2717; x_wconf 86' lang='lat' dir='ltr'><strong>mutato</strong></span> <span class='ocrx_word' id='word_1_184' title='bbox 1256 2695 1307 2718; x_wconf 83' lang='lat' dir='ltr'><strong>vv.</strong></span> <span class='ocrx_word' id='word_1_185' title='bbox 1329 2682 1458 2719; x_wconf 87' lang='lat' dir='ltr'><strong>ordine</strong></span> <span class='ocrx_word' id='word_1_186' title='bbox 1488 2685 1629 2719; x_wconf 78' lang='lat' dir='ltr'><strong>nevium</strong></span> <span class='ocrx_word' id='word_1_187' title='bbox 1659 2688 1818 2730; x_wconf 78' lang='lat' dir='ltr'><strong>poetam.</strong></span> 
     </span>
     <span class='ocr_line' id='line_1_34' title="bbox 369 2734 1816 2784; baseline -0.001 -12"><span class='ocrx_word' id='word_1_188' title='bbox 369 2737 383 2764; x_wconf 69' lang='lat' dir='ltr'><strong>t</strong></span> <span class='ocrx_word' id='word_1_189' title='bbox 398 2736 572 2784; x_wconf 78' lang='lat' dir='ltr'><strong>pulchras</strong></span> <span class='ocrx_word' id='word_1_190' title='bbox 586 2749 624 2783; x_wconf 85' lang='lat' dir='ltr'><strong>p.</strong></span> <span class='ocrx_word' id='word_1_191' title='bbox 646 2747 775 2771; x_wconf 78' lang='lat' dir='ltr'><strong>aureas</strong></span> <span class='ocrx_word' id='word_1_192' title='bbox 797 2734 949 2782; x_wconf 69' lang='lat' dir='ltr'><strong>lepidas]</strong></span> <span class='ocrx_word' id='word_1_193' title='bbox 973 2734 1143 2781; x_wconf 76' lang='lat' dir='ltr'><strong>pulchros</strong></span> <span class='ocrx_word' id='word_1_194' title='bbox 1160 2748 1195 2782; x_wconf 83' lang='lat' dir='ltr'><strong>p.</strong></span> <span class='ocrx_word' id='word_1_195' title='bbox 1217 2748 1328 2771; x_wconf 79' lang='lat' dir='ltr'><strong>cereas</strong></span> <span class='ocrx_word' id='word_1_196' title='bbox 1348 2737 1491 2784; x_wconf 80' lang='lat' dir='ltr'><strong>lepistas</strong></span> <span class='ocrx_word' id='word_1_197' title='bbox 1511 2737 1556 2772; x_wconf 89' lang='lat' dir='ltr'><strong>V.</strong></span> <span class='ocrx_word' id='word_1_198' title='bbox 1615 2735 1700 2771; x_wconf 84' lang='lat' dir='ltr'><strong>Vid.</strong></span> <span class='ocrx_word' id='word_1_199' title='bbox 1722 2736 1816 2772; x_wconf 83' lang='lat' dir='ltr'><strong>San-</strong></span> 
     </span>
     <span class='ocr_line' id='line_1_35' title="bbox 370 2788 1819 2837; baseline -0.001 -12"><span class='ocrx_word' id='word_1_200' title='bbox 370 2789 492 2826; x_wconf 88' lang='lat' dir='ltr'><strong>tenius</strong></span> <span class='ocrx_word' id='word_1_201' title='bbox 512 2788 559 2825; x_wconf 85' lang='lat' dir='ltr'><strong>ad</strong></span> <span class='ocrx_word' id='word_1_202' title='bbox 578 2789 730 2824; x_wconf 86' lang='lat' dir='ltr'><strong>Terent.</strong></span> <span class='ocrx_word' id='word_1_203' title='bbox 751 2789 873 2824; x_wconf 83' lang='lat' dir='ltr'><strong>Maur.</strong></span> <span class='ocrx_word' id='word_1_204' title='bbox 895 2801 931 2837; x_wconf 92' lang='lat' dir='ltr'><strong>p.</strong></span> <span class='ocrx_word' id='word_1_205' title='bbox 949 2796 1040 2834; x_wconf 82' lang='lat'><strong>355.</strong></span> <span class='ocrx_word' id='word_1_206' title='bbox 1164 2794 1184 2813; x_wconf 77' lang='lat' dir='ltr'>V</span> <span class='ocrx_word' id='word_1_207' title='bbox 1207 2789 1359 2836; x_wconf 72' lang='lat' dir='ltr'><strong>Novem]</strong></span> <span class='ocrx_word' id='word_1_208' title='bbox 1383 2803 1507 2826; x_wconf 78' lang='lat' dir='ltr'><strong>navem</strong></span> <span class='ocrx_word' id='word_1_209' title='bbox 1530 2790 1575 2826; x_wconf 88' lang='lat' dir='ltr'><strong>V.</strong></span> <span class='ocrx_word' id='word_1_210' title='bbox 1700 2795 1728 2813; x_wconf 84' lang='lat' dir='ltr'>w</span> <span class='ocrx_word' id='word_1_211' title='bbox 1749 2790 1819 2824; x_wconf 79' lang='lat' dir='ltr'><strong>ali-</strong></span> 
     </span>
     <span class='ocr_line' id='line_1_36' title="bbox 371 2841 1818 2892; baseline 0 -14"><span class='ocrx_word' id='word_1_212' title='bbox 371 2843 524 2891; x_wconf 80' lang='lat' dir='ltr'><strong>quoties]</strong></span> <span class='ocrx_word' id='word_1_213' title='bbox 547 2843 760 2890; x_wconf 78' lang='lat' dir='ltr'><strong>aliquotiens</strong></span> <span class='ocrx_word' id='word_1_214' title='bbox 781 2841 827 2878; x_wconf 93' lang='lat' dir='ltr'><strong>V.</strong></span> <span class='ocrx_word' id='word_1_215' title='bbox 952 2847 973 2866; x_wconf 78' lang='grc' dir='ltr'>Χ</span> <span class='ocrx_word' id='word_1_216' title='bbox 994 2841 1154 2887; x_wconf 74' lang='lat' dir='ltr'><em>Malzon]</em></span> <span class='ocrx_word' id='word_1_217' title='bbox 1179 2842 1291 2877; x_wconf 78' lang='lat' dir='ltr'><strong>Malis</strong></span> <span class='ocrx_word' id='word_1_218' title='bbox 1309 2842 1357 2878; x_wconf 87' lang='lat' dir='ltr'><strong>V.</strong></span> <span class='ocrx_word' id='word_1_219' title='bbox 1479 2849 1498 2877; x_wconf 89' lang='lat' dir='ltr'>y</span> <span class='ocrx_word' id='word_1_220' title='bbox 1514 2842 1696 2889; x_wconf 69' lang='lat' dir='ltr'><strong>phaltiae]</strong></span> <span class='ocrx_word' id='word_1_221' title='bbox 1717 2841 1818 2892; x_wconf 86' lang='lat' dir='ltr'><strong>vulg.</strong></span> 
     </span>
     <span class='ocr_line' id='line_1_37' title="bbox 365 2897 544 2943; baseline -0.011 -10"><span class='ocrx_word' id='word_1_222' title='bbox 365 2897 544 2943; x_wconf 76' lang='lat' dir='ltr'><strong>phalecio.</strong></span> 
     </span>
    </p>
   </div>
  </div>
 </body>
</html>
