1962 3355
121 239 228 270 CAP.
251 234 295 271 8.
472 223 555 270 De
579 229 727 270 metro
754 223 915 270 lonico
939 222 1016 269 ἀπὸ
1040 223 1228 283 μείζονος.
1492 235 1576 271 121

118 343 204 390 sibi
244 344 443 390 totidem
482 345 729 391 brevibus:
769 344 813 390 id
851 353 935 400 cst,
964 361 1022 390 ex
1061 344 1272 407 spondeo
1314 354 1360 390 et
1398 346 1582 408 pyrrhi-

118 420 243 474 chio,
284 421 354 467 vel
397 439 453 467 ex
502 422 708 467 molosso
748 420 1004 466 novissima
1046 420 1146 480 ejus
1189 421 1330 483 longa
1370 421 1413 465 in
1464 421 1580 466 duas

118 496 281 542 breves
317 497 480 554 divisa,
506 514 647 560 quem
689 496 857 542 merito
883 505 1081 557 utraque
1119 496 1272 542 ionica
1303 496 1578 543 admittunt.

116 574 193 619 Ex
221 591 316 635 quo
341 574 635 636 intelligitur,
659 574 705 619 in
733 574 805 619 his
832 573 952 619 arsin
980 582 1026 618 et
1047 573 1203 618 thesin
1230 591 1324 618 non
1353 573 1396 618 in
1424 591 1579 636 ecqua-

115 649 261 695 litatis
286 649 368 695 sed
393 650 439 695 in
467 650 597 714 dupli
624 651 806 696 ratione
832 649 1101 695 consistere,
1172 649 1299 694 Nam
1331 667 1470 712 supra
1495 651 1578 695 do-
1602 670 1615 690 2

115 725 300 771 cuimus
330 743 383 771 ea
408 744 507 772 esse
539 727 719 789 optima
747 735 910 779 metra,
937 743 1040 788 quae
1077 727 1358 787 aequalitatis
1396 727 1577 773 ratione

116 809 351 857 constant,
375 811 568 865 propter
590 802 715 864 quod
742 810 998 863 utrumque
1023 803 1113 848 hoc
1139 803 1365 859 ionicum,
1386 803 1577 865 quando

115 895 173 923 ex
204 876 333 941 dupli
373 878 553 923 ratione
590 878 818 932 subsistit,
846 879 996 941 magis
1032 879 1272 942 rhythmis
1298 897 1441 942 quam
1480 897 1578 925 me-

114 954 198 1000 tris
234 955 504 1017 proximum
542 964 626 1001 est.
686 954 915 1001 Admittit
951 965 1110 1001 autem
1145 957 1428 1002 solutionem
1464 956 1578 1003 dua-

115 1047 218 1076 rum
239 1031 607 1094 praecedentium
629 1031 896 1094 longarum,
916 1032 1040 1077 varie
1059 1051 1068 1078 ε
1107 1051 1215 1078 nam
1238 1033 1403 1096 primae
1423 1033 1575 1094 longae

114 1107 287 1153 solutio
313 1107 503 1169 syllabae
540 1107 651 1153 facit
676 1124 733 1152 ex
762 1116 1002 1170 anapaesto
1026 1117 1073 1153 et
1107 1109 1385 1171 pyrrhichio
1415 1109 1579 1170 conju-

115 1183 385 1246 gationem3
424 1183 642 1229 secundae
669 1200 777 1228 vero
802 1200 860 1228 ex
896 1183 1085 1245 dactylo
1110 1193 1157 1229 et
1192 1185 1469 1247 pyrrhichio
1496 1185 1578 1230 ha-

115 1259 246 1304 bebit
269 1259 639 1321 copulationem,
658 1275 763 1319 quae
789 1267 900 1304 sunt
919 1276 1201 1305 communes
1221 1261 1434 1321 utrisque
1460 1260 1578 1305 ioni-

117 1335 198 1381 cis.
268 1334 395 1380 Nam
437 1335 471 1380 si
511 1336 696 1380 tertiam
736 1335 926 1397 longam
970 1335 1163 1381 minoris
1199 1336 1341 1382 ionici
1382 1336 1426 1381 in
1460 1336 1576 1382 duas
1596 1353 1613 1380 3

113 1413 276 1458 breves
308 1411 502 1469 dividas,
527 1414 581 1458 fit
612 1429 669 1458 ex
705 1411 983 1475 pyrrhichio
1009 1421 1054 1457 et
1087 1422 1327 1474 anapaesto
1352 1411 1577 1476 conjuga—

112 1488 206 1534 tio:
243 1488 279 1533 si
306 1497 462 1534 autem
491 1497 724 1551 quartam,
750 1506 805 1534 ex
847 1487 1122 1552 pyrrhichio
1147 1497 1193 1533 et
1218 1487 1426 1551 dactyIO,
1452 1497 1574 1534 tem-

112 1564 308 1627 poribus
334 1565 586 1610 dumtaxat
616 1565 662 1610 in
700 1582 783 1610 sua
810 1582 1030 1610 mensura
1055 1582 1109 1610 ac
1136 1564 1303 1628 spatio,
1328 1582 1423 1626 quo
1449 1565 1576 1611 lcen-

112 1650 273 1686 sentur
296 1640 454 1696 ionici,
490 1641 893 1704 permanentibus.
964 1641 1172 1704 Recipit,
1198 1650 1251 1687 ut
1277 1641 1503 1697 diximus,
1528 1651 1574 1688 et
1594 1660 1613 1686 4

113 1716 350 1779 hippium,
367 1717 412 1763 id
439 1726 508 1763 est
537 1717 799 1763 molossum
826 1734 851 1762 e
876 1717 1026 1763 tribus
1052 1717 1223 1780 longiS,
1248 1717 1500 1764 dumtaxat
1524 1718 1573 1763 in

113 1794 264 1850 mfine,
289 1802 335 1839 et
361 1794 623 1856 appellatur
649 1802 852 1839 metrum
873 1793 1256 1849 Cleomachium,
1276 1810 1384 1839 nam
1413 1794 1448 1839 si
1477 1811 1574 1839 ma-

105 1869 221 1930 joris
237 1869 380 1915 ionici
401 1869 517 1915 duas
538 1870 700 1914 breves
719 1869 763 1914 in
789 1886 931 1914 unam
953 1869 1202 1915 contrahas
1223 1869 1432 1932 longam,
1454 1871 1573 1933 (pari

113 1945 290 1990 etenim
324 1945 428 2007 lege
464 1955 517 1990 ut
550 1946 689 2006 longa
722 1945 767 1989 in
795 1945 910 1990 duas
949 1946 1109 1991 breves
1147 1945 1356 2002 solvitur,
1382 1946 1444 1991 ita
1470 1945 1574 1992 duee

113 2021 279 2069 breves
304 2021 351 2067 in
379 2039 522 2067 unam
557 2022 749 2084 longam
784 2024 1169 2082 connectuntur,)
1199 2039 1310 2083 ergo
1337 2021 1371 2066 si
1411 2023 1574 2068 breves

112 2097 158 2143 in
186 2115 330 2143 unam
357 2098 548 2161 longam
576 2099 842 2154 contrahas,
860 2097 1045 2144 eveniet
1066 2105 1116 2143 ut
1143 2097 1451 2158 sequentibus
1472 2098 1573 2143 aliis

112 2173 263 2236 longis
287 2174 470 2220 duabus
496 2174 706 2235 ejusdem
736 2173 868 2236 pedis
894 2173 1107 2236 quinque
1144 2173 1384 2219 continuae
1422 2174 1574 2237 longae

112 2249 306 2312 syllabae
333 2250 463 2305 fiant,
489 2258 536 2295 et
562 2249 791 2295 incertum
820 2249 894 2306 sit,
918 2258 1076 2295 utrum
1099 2249 1331 2295 molossus
1352 2267 1410 2294 an
1437 2266 1573 2310 spon-

111 2324 225 2371 deus
253 2325 376 2388 prior
401 2325 582 2388 positus
610 2325 852 2370 habeatur.
903 2325 969 2371 At
995 2325 1040 2370 in
1068 2343 1123 2371 eo
1149 2325 1230 2387 qui
1257 2343 1281 2371 a
1309 2326 1478 2371 minori
1503 2335 1573 2372 est
1593 2343 1608 2371 5

111 2401 307 2458 ionicus,
332 2401 487 2447 nidern
516 2412 677 2448 contra
704 2412 788 2447 est.
827 2402 996 2447 Primae
1015 2401 1141 2447 enim
1162 2402 1262 2463 ejus
1282 2401 1389 2448 duae
1410 2403 1572 2449 breves

111 2478 374 2524 conciliatae
400 2479 660 2525 molossum
686 2479 878 2533 facient,
903 2477 1078 2523 dehinc
1112 2495 1313 2539 sequens
1340 2478 1521 2524 ionicus
1547 2497 1572 2524 a

112 2554 239 2600 brevi
267 2554 455 2600 initium
485 2563 655 2611 sumet,
679 2565 765 2600 ⁰ex
792 2572 886 2617 quo
911 2555 980 2608 fit,
1006 2563 1058 2599 ut
1084 2554 1297 2616 quinque
1323 2555 1568 2618 longarum

112 2630 407 2676 continuatio
431 2630 644 2692 ejusdem
674 2631 998 2692 interjectione
1023 2639 1304 2677 secernatur.
1341 2630 1470 2693 Ergo
1489 2632 1571 2677 ob-
1590 2643 1609 2672 6

112 2706 402 2752 servabimus
445 2707 612 2769 pedem
667 2707 924 2752 molossum
976 2706 1140 2767 majori
1179 2708 1333 2754 ionico
1368 2708 1415 2753 in
1458 2709 1568 2763 fine,

165 2884 176 2911 l
196 2887 411 2932 censentur]
433 2894 605 2922 censetur
626 2888 664 2923 P.
823 2894 852 2912 Π)
871 2887 955 2928 fine,
977 2887 1030 2933 ct]
1056 2887 1128 2922 fine
1150 2887 1187 2922 P.
1347 2894 1364 2911 n
1389 2885 1504 2932 idem]
1530 2886 1566 2921 id

112 2945 168 2973 est
189 2939 228 2973 P.
341 2948 358 2964 0
378 2941 438 2986 ex]
462 2948 499 2975 et
521 2941 560 2975 P.

824 3017 853 3046 R
