1962 3355
375 171 467 210 518
966 164 1223 211 Diomedis
1628 182 1726 214 mn.
1748 183 1823 216 111.

316 302 353 335 17
439 284 643 331 Decima
685 284 887 349 septima
933 285 1022 332 ode
1067 286 1360 350 Sapphicum
1410 294 1616 333 metrum
1665 287 1824 345 habet,

372 360 541 423 ²quod,
566 373 620 407 ut
643 378 784 425 supra
808 361 1032 418 diximus,
1058 361 1313 419 scanditur,

599 437 825 490 Montilum
846 438 991 491 θαμέας
1012 437 1326 493 nelmorumlque
1348 440 1482 493 virgo.

316 527 352 557 18
440 509 642 557 Decima
666 518 832 556 octava
857 510 946 556 ode
968 510 1220 556 Alcaicum
1255 519 1463 557 metrum
1499 511 1658 569 habet,
1682 512 1825 575 quod,

373 595 425 633 ut
450 605 589 651 supra
614 586 837 641 diximus,
863 585 1120 643 scanditur,

600 663 712 704 Coelo
730 663 918 717 supijnas
938 663 975 703 εἰ
998 662 1155 716 tulelris
1174 677 1339 705 manus.

315 765 351 797 19
435 735 642 782 Decima.
676 752 801 780 nona
831 733 919 780 ode
942 734 1310 799 Asclepiadeum
1348 744 1554 783 metrum
1594 737 1755 795 habet,
1779 748 1827 785 et

369 830 453 876 per
478 812 614 857 binos
641 827 798 856 versus
824 810 1078 857 scanditur.
1147 811 1277 859 Nam
1304 830 1426 860 unus
1458 813 1690 877 atripodia
1719 813 1827 861 dac-

369 889 528 952 tylice,
555 887 672 934 alter
695 886 1099 950 penthemimeres
1124 887 1263 946 inest,

596 963 673 1003 ι>Ιη
695 963 826 1015 talctis
846 964 1104 1019 opuilentior.

312 1067 351 1090 20
435 1036 676 1083 Vicesima
706 1036 795 1083 ode
831 1036 922 1083 hoc
956 1036 1082 1083 idem
1112 1046 1316 1084 metrum
1345 1038 1503 1094 habet,
1528 1047 1576 1085 et
1611 1039 1827 1086 similiter

370 1113 625 1169 scanditur,

601 1190 690 1235 Quo
710 1188 781 1243 mel
806 1189 967 1229 Bacche
988 1190 1123 1245 711}sz
1145 1191 1222 1230 tui.

313 1292 347 1313 21
436 1262 676 1308 Vicesima
699 1261 853 1325 prima
872 1262 960 1308 ode
975 1262 1223 1309 Alcaicum
1253 1273 1458 1310 metrum
1481 1263 1639 1322 habet,
1658 1264 1827 1327 equod,

373 1348 425 1385 ut
451 1356 591 1402 supra
616 1337 840 1392 diximus,
867 1337 1122 1395 scanditur,

605 1415 697 1454 Vioei
712 1414 880 1469 puelssz‘s
900 1428 1036 1469 nuper
1056 1413 1252 1468 ilcloneus.

312 1522 350 1542 2,
435 1486 674 1533 Vicesima
711 1486 916 1534 secunda
952 1487 1040 1533 ode
1083 1487 1376 1551 Sapphicum
1420 1499 1624 1536 metrum
1668 1491 1826 1547 habet,

371 1563 513 1626 quod,
540 1572 590 1609 ut
616 1581 755 1626 supra
779 1563 1005 1620 diximus,
1030 1564 1288 1621 scanditur,

598 1641 768 1696 Impissos
784 1640 943 1696 μαψ-(ε
964 1640 1209 1694 νειοὲφιεηξέὼ
1230 1653 1358 1680 omen.

312 1744 349 1773 23
436 1713 677 1760 Vicesima
713 1713 849 1759 tertia
884 1713 972 1759 ode
997 1712 1392 1776 dAsclepiadeum
1431 1722 1634 1759 metrum
1669 1713 1827 1768 habet,

371 1790 514 1852 quod,
541 1798 591 1835 ut
617 1807 755 1853 supra
780 1789 1005 1846 diximus,
1030 1789 1283 1836 scanditur.
1353 1789 1483 1836 Nam
1509 1807 1630 1836 unus
1655 1790 1829 1854 etripo-

369 1866 446 1912 dia
470 1865 717 1928 dactylice,
742 1866 858 1912 alter
882 1867 1286 1930 penthemimeres
1312 1866 1450 1922 inest,

599 1954 733 2006 Festol
755 1954 856 2009 quid
872 1952 1025 2009 potilus
1045 1954 1123 1994 die.

311 2062 351 2091 24
435 2037 674 2084 Vicesima
699 2048 864 2100 quarta
888 2038 976 2084 ode
992 2038 1240 2084 Alcaicum
1269 2047 1475 2083 metrum
1507 2038 1664 2096 habet,
1685 2038 1828 2101 quod,

372 2123 424 2160 ut
448 2131 587 2178 supra
612 2113 836 2170 diximus,
861 2114 1115 2172 scanditur,

599 2200 850 2256 ngsrrhena
869 2199 1038 2258 relgum
1052 2202 1290 2259 progeniles
1311 2202 1397 2242 tibi.

313 2306 350 2336 25
437 2286 678 2333 vicesima
702 2286 871 2348 quinta
904 2286 994 2333 ode
1017 2286 1385 2350 Asclepiadeum
1423 2295 1627 2332 metrum
1669 2286 1826 2342 habet,

371 2362 498 2424 quod
531 2362 727 2425 singulis
752 2362 962 2408 versibus
999 2362 1253 2419 scanditur,
1278 2362 1708 2425 &penthemimeres
1744 2381 1822 2427 ap-

371 2439 588 2502 pellatur,

599 2513 784 2570 ᾖΕχεὶξὶ
804 2514 1121 2568 monilmenffltum
1144 2528 1224 2554 aere
1240 2515 1494 2571 pepenm'us.

428 2700 444 2718 Z
464 2693 558 2739 quod
577 2697 617 2727 ut
636 2704 746 2739 supra
765 2693 917 2728 diximus
935 2694 1121 2728 scanditur
1140 2694 1184 2729 A.
1263 2701 1282 2720 a
1301 2693 1470 2743 dipodia]
1497 2695 1654 2742 tripudia
1669 2693 1716 2730 A.
1733 2692 1825 2729 Ven.

373 2743 392 2772 b
413 2746 449 2780 in
470 2747 580 2781 tantis
599 2746 811 2792 opulentior.
844 2747 1031 2783 undecima
1052 2748 1116 2782 ode
1135 2747 1179 2784 A.
1358 2754 1373 2772 ⁰
1396 2747 1441 2783 de
1461 2759 1535 2796 quo
1555 2759 1665 2796 supra
1684 2746 1825 2783 dictum

373 2806 430 2834 est
449 2799 503 2845 et]
528 2801 621 2846 quod
642 2804 680 2834 ut
699 2811 808 2846 supra
829 2800 980 2834 diximus
1000 2800 1044 2836 A.
1174 2798 1193 2825 d
1213 2799 1459 2850 Sapphicum]
1483 2801 1755 2847 Asclepiadeum
1779 2801 1824 2835 A.

373 2859 389 2878 e
405 2851 570 2901 dipodia]
595 2853 750 2900 tripoclia
766 2852 809 2888 A.
833 2854 1003 2900 trispoclz'a
1020 2853 1113 2889 Ven.
1182 2852 1195 2879 f
1212 2854 1420 2902 Tyrrhena]
1446 2854 1586 2889 Helena
1599 2854 1642 2890 A.
1700 2859 1721 2887 g
1736 2864 1827 2903 pen-

374 2905 628 2954 themimeres]
655 2906 726 2947 Qui
742 2906 1041 2953 penthememeres
1061 2908 1103 2942 A.
1226 2905 1245 2932 h
1266 2906 1402 2953 Exegi]
1428 2908 1543 2943 Exedi
1562 2907 1608 2942 A.
