1962 3355
187 379 479 432 aSERVII
522 375 936 430 HONORATI
978 373 1492 427 GRAMMATICI

533 481 1148 538 CENTIMETRUM.

176 753 456 802 Clarissimo
480 756 581 802 viro
605 754 805 801 bAlbz'no
829 754 1030 801 Servius
1055 752 1319 798 honoratus
1351 750 1525 796 Gram-

613 837 818 883 maticus
841 836 914 882 CS.
934 835 998 881 P.
1019 834 1087 880 D.

121 927 300 1000 TIBI
339 953 467 998 hunc
504 952 735 1010 libellum,
774 958 1160 1016 praetextatorum
1204 947 1347 993 decus
1384 944 1576 1001 Albine,

119 1028 299 1074 devovi.
370 1028 501 1075 Nam
538 1029 650 1075 licet
691 1028 835 1091 patris
876 1027 1059 1089 avique,
1100 1024 1271 1087 quibus
1312 1021 1573 1068 maximam

120 1104 427 1151 reverentiam
468 1105 635 1151 litterae
672 1105 861 1159 debent,
894 1102 1135 1165 dquotidie
1172 1100 1379 1163 urgearis
1418 1115 1577 1145 exem-

120 1182 214 1244 plo,
250 1180 437 1242 “ibique
472 1182 718 1243 pubescas,
743 1198 837 1243 quo
875 1179 1022 1224 fvelut
1063 1177 1119 1223 ad
1160 1177 1414 1223 Musarum
1450 1191 1578 1221 sacra

121 1257 365 1311 &venitm-3
403 1274 499 1302 non
535 1265 695 1302 tamen
733 1256 851 1302 caelo
888 1273 972 1301 suo
998 1262 1186 1300 'tantum
1212 1252 1410 1298 numina
1441 1250 1580 1314 hper-

120 1332 355 1388 fruuntur,
381 1331 460 1378 sed
498 1350 621 1396 saepe
662 1332 868 1378 humiles
893 1330 1044 1376 ilucos
1081 1347 1134 1375 ac
1166 1328 1275 1374 vilia
1313 1344 1578 1391 pauperum

120 1418 243 1455 tecta
269 1408 528 1455 subierunt.
600 1409 758 1462 Quare
794 1407 965 1454 laboris
993 1407 1082 1452 mei
1111 1405 1250 1451 velim
1276 1405 1431 1451 faveas
1457 1412 1582 1460 voto,

121 1485 367 1548 indulgeas
394 1483 616 1531 audaciae.
687 1484 827 1538 Quod
867 1485 902 1531 si
940 1501 1073 1530 secus
1099 1482 1334 1536 kcesserit,
1359 1480 1425 1527 lin
1451 1479 1583 1543 cupi-

122 1562 318 1608 ditatem
358 1561 620 1608 devotionis
660 1561 1004 1625 interpretabor
1040 1568 1264 1606 eventum
1307 1556 1581 1622 mplacendi.

123 1648 142 1668 ¹³
156 1639 289 1685 Vale.

191 1789 396 1836 LICET
431 1789 665 1844 audacter,
702 1809 796 1836 non
836 1800 994 1836 tamen
1033 1790 1337 1852 ineleganter,
1365 1788 1492 1833 hune
1530 1787 1581 1833 li-

126 1868 320 1924 bellum,
344 1866 453 1929 ⁰qui
487 1867 699 1920 voluerit,
723 1867 1107 1913 CENTIMETRUM
1137 1864 1418 1911 nominabit.
1491 1863 1584 1909 Tot

127 1945 254 1991 enim
288 1951 543 1989 metrorum
583 1952 783 2006 Pgenera
815 1943 1003 2006 digessi,
1028 1950 1201 2005 quanta
1235 1940 1367 2004 potui
1406 1940 1586 1985 qbrevi-

126 2029 237 2078 tate,
272 2019 528 2066 rrationem
566 2019 806 2075 omittens,
846 2029 965 2082 Squo
1001 2036 1202 2082 quaeque
1238 2026 1493 2064 nascantur
1527 2033 1585 2062 ex

183 2181 201 2201 a
222 2172 338 2209 Servii
360 2173 533 2209 honorati
558 2176 791 2223 grammatici
819 2173 1150 2224 praecellentissimi
1170 2172 1432 2208 centimetrum
1455 2171 1501 2207 ad
1522 2171 1587 2207 Al-

129 2227 268 2264 binum.
299 2226 393 2263 Call.
505 2226 524 2252 b
548 2228 754 2263 Clarissimo
777 2230 908 2264 Albino
929 2228 1078 2264 Servius
1096 2229 1355 2274 grammaticus
1370 2228 1522 2262 salutem.
1543 2225 1587 2261 B.

129 2282 261 2317 Albino
284 2281 490 2316 Clarissimo
513 2281 658 2317 Servius
676 2283 931 2328 grammaticus
951 2294 978 2317 s.
1002 2281 1152 2316 Putsch.
1264 2287 1280 2306 C
1301 2280 1338 2316 S.
1358 2280 1398 2315 P.
1416 2280 1484 2326 D.]
1510 2280 1587 2314 Sal.

124 2336 321 2381 plurimam
342 2335 376 2369 (Ι.
407 2333 500 2369 Call.
699 2333 716 2360 d
738 2336 910 2382 quotidie]
936 2336 1064 2370 cotidie
1085 2334 1179 2370 Call.
1203 2333 1259 2369 M.
1290 2339 1376 2380 quot
1397 2334 1524 2368 cotidie
1544 2333 1588 2368 B.

129 2394 145 2413 e
168 2388 283 2434 ibique
299 2387 487 2435 pubescas]
515 2388 631 2435 ibique
651 2402 786 2425 crescas
806 2390 922 2436 ibique
937 2389 1110 2436 pubescas
1129 2389 1186 2424 M.
1299 2385 1314 2412 f
1331 2387 1446 2433 velut]
1472 2386 1589 2422 Labb.

129 2441 230 2476 Bibl.
252 2440 351 2476 Nov.
374 2439 458 2476 Lib.
481 2441 510 2477 I.
534 2455 570 2490 p.
589 2442 678 2478 668.
700 2444 827 2478 callae.
849 2442 1018 2483 fortasse,
1037 2443 1140 2477 calle.
1173 2440 1396 2477 SANTEN.
1493 2446 1514 2474 g
1533 2452 1589 2476 ve·

130 2493 246 2540 nitur]
268 2495 410 2529 venitur
432 2495 568 2530 lumina
589 2495 646 2531 M.
776 2494 797 2521 h
815 2495 1071 2544 perfruuntur]
1084 2495 1270 2543 fruuntur
1290 2493 1440 2529 Putsch.
1503 2491 1513 2518 i
1536 2494 1591 2528 Zu-

131 2547 203 2593 cos]
228 2549 321 2582 vicos
341 2547 490 2583 Putsch.
514 2549 610 2583 locus
629 2549 687 2585 M.
711 2550 803 2585 locos
820 2550 904 2585 Vat.
923 2562 981 2598 ap.
1000 2549 1118 2584 Labb.
1230 2546 1251 2573 k
1266 2547 1422 2593 cesserit]
1453 2545 1532 2589 ξένα
1555 2551 1594 2581 ut

132 2605 233 2635 tuam
254 2600 395 2635 cesserit
414 2599 471 2634 M.
581 2599 593 2626 l
614 2603 649 2637 in
671 2603 920 2650 cupiditatem]
946 2604 1143 2650 cupiditate
1165 2601 1257 2637 Call.
1359 2607 1389 2626 m
1406 2599 1589 2648 placendi]

133 2654 197 2689 tibi
215 2654 412 2688 voluntatis
431 2665 486 2688 me
501 2655 553 2700 pl.
575 2655 631 2690 M.
653 2658 802 2691 nocendi
822 2656 905 2692 Vat.
1017 2663 1036 2681 n
1063 2655 1152 2691 Vale
1173 2668 1249 2691 om.
1269 2653 1361 2690 Call.
1440 2660 1457 2678 0
1479 2655 1592 2700 qui—-

131 2705 346 2752 nominabit]
370 2718 438 2752 quo
459 2707 541 2741 licet
561 2711 769 2744 centumetri
790 2711 971 2745 nominavi
993 2709 1048 2745 M.
1069 2710 1166 2744 volet
1186 2709 1234 2744 Β.
1254 2720 1320 2757 pro
1337 2708 1500 2742 voluerit.
1532 2719 1592 2742 vo-

134 2761 214 2795 lunt
234 2759 318 2795 Vat.
468 2765 487 2793 P
505 2772 639 2806 genera
659 2774 734 2797 om.
758 2762 803 2799 B.
825 2764 945 2809 spatia
964 2763 1022 2798 M.
1161 2769 1182 2796 (1
1205 2761 1394 2806 brevitate]
1420 2760 1594 2794 brevitate

132 2815 249 2859 spatia
272 2813 317 2847 B.
447 2818 462 2836 r
482 2814 675 2860 rationem]
699 2814 898 2851 Santenius
920 2814 1018 2861 conj.
1043 2817 1194 2851 ratione.
1325 2820 1339 2839 s
1361 2825 1428 2860 quo
1449 2823 1594 2858 quaeque

135 2865 346 2910 nascantur]
372 2877 439 2911 quo
461 2867 615 2913 quidque
635 2873 805 2903 nascatur
824 2869 869 2904 B.
896 2881 964 2915 quo
987 2874 1141 2904 metrum
1163 2872 1332 2903 nascatur
1353 2865 1408 2901 M.
1431 2876 1499 2911 quo
1520 2876 1593 2899 me-

138 2925 231 2955 tram
253 2924 421 2955 noscatur
441 2918 590 2955 Putsch.

798 2992 824 3028 3
854 2999 881 3027 Α
910 2993 936 3028 2
