1962 3355
335 240 424 278 130
831 228 989 275 Marii
1021 227 1264 273 Victorini
1594 236 1690 267 ΜΒ.
1715 235 1770 265 11.

328 352 552 398 Subsistit
576 368 632 397 ex
659 350 913 414 pariambis
933 347 1177 394 tadmixtis
1202 345 1433 400 trochaeis,
1453 344 1573 389 sicut
1591 341 1771 387 dictum

329 438 414 483 cst,
439 428 616 473 alterna
641 427 755 483 vice,
782 444 888 472 cum
917 424 1067 486 longis
1093 424 1252 468 breves
1279 431 1359 466 aut
1378 420 1595 466 brevibus
1620 419 1773 479 longae

274 521 310 552 Ι9
331 503 656 564 subjiciuntur.
727 500 1004 547 Memineris
1052 509 1209 544 tamen
1257 506 1304 542 et
1350 494 1621 555 tribrachyn
1670 493 1774 537 loco

331 579 520 624 trochaei
548 579 636 623 hoc
663 587 881 630 metrum,
898 576 934 620 si
961 574 1209 620 necessitas
1229 570 1492 635 postularit,
1509 569 1774 624 admittere,

331 672 481 715 neque
506 652 814 699 adcrescentis
842 651 1032 714 syllabae
1058 665 1324 704 numerum,
1341 665 1449 693 cum
1478 646 1522 691 in
1549 644 1775 707 tempori-

330 731 415 775 bus
440 730 594 774 omnis
619 729 736 774 ratio
761 726 1066 780 custodiatur,
1092 724 1290 777 officere,
1316 731 1368 767 ut
1393 721 1483 766 hoc
1509 718 1775 782 galliambi-

329 823 454 860 cum,
480 804 604 866 quod
642 804 874 849 solutione
910 801 1226 864 complurium
1263 797 1550 860 syllabarum
1580 811 1774 858 compo-

329 881 469 926 situm
497 890 579 934 est,
606 888 657 926 ut
679 879 809 925 volat
834 878 1031 941 agiliter
1056 886 1178 922 sunt.
1204 877 1260 904 v*
1281 879 1308 906 ὴὲ
1333 876 1359 902 ἦε
1384 875 1412 901 *
1437 877 1465 904 ἢ*
1489 877 1517 904 *

616 1021 752 1070 CAP.
779 1021 844 1071 X.
912 1022 996 1071 De
1024 1019 1272 1070 Pceom‘co
1299 1026 1480 1069 metro.

384 1109 648 1155 Paeonicum
677 1118 895 1163 metrum,
920 1108 1016 1152 sive
1035 1106 1281 1161 creticum,
1311 1114 1362 1151 ut
1386 1103 1576 1166 quidam
1604 1102 1775 1158 ferunt,

330 1185 595 1230 adserentes
615 1202 806 1248 paeonas
826 1183 1055 1246 originem
1078 1199 1134 1228 ex
1153 1183 1328 1227 cretico
1348 1199 1428 1227 seu
1449 1180 1775 1242 amphimacro

328 1261 536 1315 traxisse,
554 1260 704 1323 longis
731 1259 830 1320 ejus
856 1259 1008 1322 prima
1029 1268 1075 1303 et
1102 1275 1322 1321 suprema
1346 1258 1393 1303 in
1415 1258 1576 1302 breves
1597 1255 1776 1312 solutis,

328 1337 405 1398 qui
415 1337 498 1381 bus
519 1354 652 1399 paeon
674 1336 854 1398 primus
875 1344 921 1380 et
941 1344 1132 1396 quartus
1154 1334 1298 1381 creari
1320 1342 1594 1389 noscuntur,
1608 1332 1777 1394 unod

328 1413 469 1457 etiam
503 1429 561 1457 ex
588 1411 783 1457 bacchio
810 1420 855 1456 et
880 1411 1231 1474 palimbacchio
1256 1410 1450 1471 adaeque
1476 1410 1544 1464 fit,
1570 1407 1694 1454 unde
1729 1416 1776 1453 et

330 1488 635 1533 bacchiacum
663 1505 688 1532 a
707 1487 990 1549 quibusdam
1019 1487 1108 1532 hoc
1134 1495 1341 1532 metrum
1367 1485 1555 1541 dicitur,
1579 1483 1776 1546 quidam

329 1563 498 1608 ultimo
556 1563 657 1608 loco
714 1573 974 1625 posuerunt
1030 1561 1452 1625 proceleusmatico
1516 1559 1776 1624 repudiato.

294 1638 468 1690 zQuod
517 1649 677 1684 tamen
719 1638 866 1700 magis
905 1639 1147 1702 rhythmO,
1193 1638 1237 1684 id
1275 1649 1346 1684 est
1384 1655 1582 1684 numero
1630 1654 1772 1699 quam

331 1725 493 1770 metro,
518 1732 775 1777 congruere
802 1714 996 1760 varietas
1028 1715 1127 1778 ipsa
1163 1714 1519 1778 compositionis
1556 1712 1776 1759 ostendit.

327 1790 453 1835 Nam
482 1790 644 1852 recipit
670 1807 1011 1852 nonnunquam
1040 1791 1086 1835 in
1114 1791 1273 1836 breves
1300 1792 1476 1837 solutos
1508 1790 1777 1853 amphima-

328 1881 443 1919 cros,
489 1881 690 1925 quorum
738 1864 878 1909 etiam
934 1865 1157 1922 clausula,
1204 1885 1295 1928 qua
1340 1868 1392 1912 fit
1438 1883 1628 1912 carmen
1675 1865 1775 1927 ejus

328 1941 698 1997 Xcatalecticum,
723 1941 1013 1996 terminatur,
1040 1942 1156 1988 adeo
1187 1942 1298 1988 huic
1332 1941 1575 1988 familiaris
1613 1950 1698 1997 est,
1725 1953 1777 1986 ut

329 2015 539 2077 plerique
593 2020 679 2062 hoc
720 2027 925 2062 metrum
963 2018 1247 2080 rhythmum
1288 2018 1513 2064 creticum
1556 2017 1776 2073 dixerint,

329 2091 452 2151 quod
479 2108 584 2136 cum
612 2092 842 2151 ejusmodi
871 2093 944 2147 sit,
970 2101 1129 2138 tamen
1163 2110 1272 2138 usus
1309 2093 1408 2153 ejus
1445 2092 1570 2156 apud
1604 2093 1776 2155 lyricos

331 2165 408 2210 sed
433 2174 508 2211 Yet
532 2167 732 2228 tragicos
757 2176 803 2212 et
827 2168 1033 2212 comicos
1059 2168 1277 2230 frequens
1298 2177 1382 2224 est,
1398 2177 1444 2213 ct
1462 2167 1699 2230 praecipue
1718 2167 1776 2213 de

293 2261 310 2288 3
328 2242 616 2287 Zbacchiacis
641 2252 687 2287 et
711 2242 892 2288 creticis
912 2243 1242 2289 solutionibus.
1282 2243 1605 2289 Bacchiacum
1632 2243 1777 2306 igitur

330 2317 678 2381 dirhythmurn,
726 2319 821 2364 sive
866 2319 1124 2364 dimetrum
1173 2320 1503 2374 acatalectum,
1549 2319 1675 2380 quod
1725 2320 1774 2365 in

383 2450 397 2474 t
416 2450 605 2496 admixtis]
628 2449 769 2485 adnixis
785 2450 824 2485 P.
908 2457 927 2475 V
947 2450 967 2472 *
990 2450 1009 2472 ³³⁴
1029 2450 1185 2487 stellulae
1207 2451 1340 2487 desunt
1360 2451 1399 2486 P.
1475 2458 1502 2475 w
1520 2452 1638 2500 quod]
1659 2453 1721 2501 qui
1734 2455 1775 2490 P.

330 2509 348 2527 x
369 2503 607 2548 catalectum]
631 2502 886 2538 catalecticum
908 2503 946 2537 Ρ.
1158 2510 1178 2537 y
1197 2513 1234 2539 et
1255 2503 1431 2553 tragicos]
1455 2513 1493 2540 et
1511 2518 1535 2554 g
1554 2505 1712 2555 tragicos
1734 2508 1773 2543 P.

330 2561 347 2580 z
367 2555 566 2601 bachiacis]
590 2554 757 2590 baccheis
777 2556 815 2590 P.

333 2669 418 2705 Hoc
456 2668 665 2716 repetitum,
700 2668 844 2716 abjecta
891 2669 1022 2705 ultima
1078 2679 1115 2706 et
1134 2671 1346 2719 exemplum
1379 2672 1593 2720 ponendum
1618 2672 1775 2718 videtur,

330 2722 468 2769 syllaba
487 2722 596 2758 faciet
615 2722 708 2758 tale:
1077 2723 1190 2771 quod,
1214 2724 1391 2759 mendose
1420 2732 1545 2761 tamen
1577 2735 1615 2761 et
1638 2726 1698 2769 ibi,
1720 2727 1774 2763 le·

331 2774 933 2824 Seyetes›aeumlaboremsteyetesmcum
945 2775 1022 2803 labo.
1077 2775 1175 2825 gitur
1194 2776 1289 2811 infra
1311 2779 1360 2824 [c.
1382 2777 1433 2819 X,
1457 2778 1509 2823 8,]
1543 2779 1571 2813 C
1575 2779 1741 2814 AMER·

332 2819 450 2874 Atque
469 2825 521 2852 lta
541 2817 635 2852 forte
654 2825 709 2852 est
724 2829 847 2852 versus
867 2829 904 2852 ln
921 2824 1022 2852 textu
1135 2840 1153 2863 2
1178 2829 1261 2867 Qua
1292 2830 1333 2864 fit
1355 2831 1522 2878 carmen]
1550 2831 1669 2879 Lego,
1703 2845 1773 2878 qua

330 2869 559 2905 SVNbssfldllS·
592 2869 788 2905 CAMER·
1080 2893 1157 2916 cum
1177 2882 1229 2928 fit
1250 2894 1390 2918 carmen
1412 2882 1487 2928 ejus
1514 2886 1772 2922 catalecticum.

389 2943 434 2979 19
453 2933 553 2968 volat
581 2933 692 2980 agile]
720 2931 880 2968 Mutilus
907 2933 1023 2975 locuS,
1079 2934 1275 2970 CAMER.
