1962 3355
106 172 215 205 CAP.
236 167 277 204 5.
346 159 428 204 De
449 165 595 205 metro
617 157 853 204 trochaico
878 164 924 204 et
947 157 1050 221 ejus
1071 160 1324 221 speciebus.
1451 168 1544 219 279

108 291 298 345 propter
356 280 655 327 novissimam
721 280 947 343 syllabam
1007 280 1364 339 indifferentem,
1423 282 1545 328 unde

107 357 349 404 schemata
384 358 524 404 habet
558 372 874 403 CCLxxxvnI.
944 357 1125 404 Crescit
1158 367 1317 405 tamen
1350 377 1375 405 a
1398 359 1547 406 dime-

109 443 180 480 tro
206 452 352 497 usque
377 435 433 481 ad
459 443 828 481 ctetrametrum.

217 577 301 623 De
325 578 669 624 Anacreontico
693 578 927 625 trochaico
953 578 1149 625 dimetro
1174 579 1448 626 acatalecto.
1567 604 1582 624 2

181 664 487 713 Trochaz’cum
524 667 896 714 Anacreonteum
940 666 1193 714 dimetrum
1234 668 1543 715 acatalectum

108 749 196 797 est,
220 742 346 804 quod
371 753 556 790 constat
588 744 802 790 trochaeis
827 752 1065 806 quattuor,
1091 744 1172 806 qui
1190 743 1344 806 juncti
1370 745 1548 792 faciunt

109 817 363 866 dimetrum
390 821 713 875 acatalectum,

449 898 570 937 Aura
591 899 701 939 veris
720 904 758 938 et
779 898 958 938 Favoni.

406 1037 485 1083 De
510 1038 775 1100 Euripideo
800 1038 999 1085 dimetro
1025 1038 1268 1085 catalecto.
1566 1066 1584 1094 3

182 1123 491 1170 Trochaicum
515 1125 769 1171 dimetrum
800 1124 1127 1171 catalecticum
1152 1125 1470 1189 Euripideum
1495 1129 1549 1173 fit

111 1219 203 1247 uua
228 1201 403 1263 syllaba
429 1218 454 1246 a
478 1201 712 1264 superiore
738 1210 889 1247 metro
913 1202 1109 1248 sublata.

322 1342 402 1389 De
426 1343 623 1390 dimetro
649 1343 920 1390 catalectico
944 1343 1074 1391 clodo
1099 1345 1352 1392 trochaico.
1568 1375 1587 1402 4

185 1436 500 1483 Trochaicum
540 1436 787 1483 dimetrum
826 1436 1108 1484 catalectum
1149 1438 1333 1486 clodum
1370 1442 1424 1486 fit
1460 1440 1549 1486 hoc

112 1514 267 1573 modo,
287 1531 393 1561 cum
422 1513 682 1577 penultima
708 1514 887 1577 syllaba
910 1514 1085 1561 debens
1113 1516 1262 1563 brevis
1287 1535 1387 1564 esse
1412 1518 1549 1581 longa

109 1592 185 1648 sit,
213 1600 277 1645 ut,

477 1658 641 1697 Gratiae
660 1657 814 1698 decorae
833 1663 957 1699 stant.

171 1797 250 1843 De
274 1797 473 1843 dimetro
500 1796 950 1861 brachycatalectico
975 1797 1136 1845 coluro
1160 1798 1484 1862 ithyphallico.
1569 1825 1584 1856 5

183 1895 491 1942 Trochaicum
533 1895 783 1942 dimetrum
825 1896 1286 1961 brachycatalectum
1322 1898 1551 1955 colurum,

109 1972 235 2036 quod
261 1971 622 2035 ithyphallicum
658 1971 842 2027 dicitur,
879 1974 933 2019 fit
973 1973 1121 2020 tribus
1161 1975 1405 2030 trochaeis3
1448 1975 1552 2022 ideo

110 2051 322 2097 colurum
346 2049 821 2112 brachycatalectum‚
839 2049 963 2112 quod
983 2049 1115 2098 dduae
1135 2052 1323 2115 syllabae
1344 2052 1553 2115 (de)sunt

110 2130 154 2175 in
181 2130 288 2181 fine,
313 2137 364 2173 ut
389 2127 448 2173 sit
471 2127 725 2173 dimetrum
750 2128 985 2190 integrum
1012 2129 1380 2176 acatalecticum.

566 2206 639 2262 Μή
662 2226 713 2265 με
735 2205 820 2266 (δὴ)
848 2211 1003 2262 λιπῆτε.

564 2282 803 2337 Pauperum
826 2282 1028 2322 tabernas.

111 2357 485 2421 Ithyphallicum
511 2356 708 2414 dictum,
732 2356 858 2419 quod
884 2357 975 2402 hoc
1000 2374 1115 2403 sono
1140 2366 1380 2403 cantantes
1398 2357 1545 2404 Athe-

111 2434 293 2480 nienses
330 2433 503 2480 Libero
541 2434 664 2480 Patri
699 2433 872 2492 φαλλὸν,
896 2433 941 2480 id
978 2444 1047 2481 est
1065 2432 1321 2499 fascinum
1352 2435 1551 2492 virilem,

110 2510 237 2567 ἴθυνον,
270 2510 316 2556 id
350 2520 419 2557 est
457 2511 654 2566 ciebant,
690 2510 914 2568 dicentes,
951 2511 1023 2558 εἴθε
1059 2511 1102 2572 μ’
1128 2511 1339 2571 ἰθύφαλλε.
1408 2512 1552 2560 Nunc

109 2587 166 2632 de
191 2587 411 2633 trimetris
436 2588 651 2635 trochaeis
680 2589 878 2635 breviter
901 2589 1169 2636 doceamus.

163 2783 179 2802 θ
199 2776 475 2823 tetrametrum]
501 2774 560 2811 Sic
582 2775 625 2811 L.
646 2778 762 2812 altera
783 2783 932 2814 metrum
954 2778 1163 2815 Putschius.
1306 2777 1323 2804 d
1343 2779 1424 2815 duae
1444 2778 1550 2828 sylla-

110 2829 184 2878 bae]
210 2829 271 2866 Sic
293 2830 338 2867 L.
358 2831 437 2865 duae
455 2842 529 2865 om.
549 2829 756 2866 Putschius.
798 2831 889 2867 Mox
908 2848 949 2878 με
970 2836 1094 2868 λιπεῖτε
1115 2832 1212 2881 vulg.
