1962 3355
354 532 373 559 4

356 1430 376 1461 6

388 162 485 210 466
981 163 1237 210 Diomedis
1647 176 1743 206 Lm.
1764 176 1838 207 111.

390 294 460 330 est
498 285 1019 349 zpenteschematistus‚
1046 294 1097 331 ut
1127 294 1196 330 est
1228 301 1322 331 una
1355 282 1535 346 species
1567 281 1755 328 illarum
1792 281 1841 327 in

391 361 481 407 hoc
507 378 658 418 versu,

505 437 627 477 AEole
646 451 822 492 namque
842 437 915 477 tibi
937 437 1081 476 clivum
1094 442 1222 491 pater
1241 441 1361 490 atque
1381 434 1592 474 hominum
1613 447 1700 474 γεω.

460 509 585 555 Item
611 519 662 555 E'e
687 520 848 555 contra
873 527 1048 565 versus,
1071 509 1151 570 qui
1178 521 1249 554 est
1279 507 1504 554 tredecim
1541 507 1844 570 syllabarum,

393 585 450 631 de
486 585 696 647 quinque
742 584 944 647 pedibus
989 584 1168 630 habens
1211 601 1359 630 unum
1404 583 1674 646 bdactylum
1716 582 1847 628 iden-

392 660 538 724 tidem
575 660 621 705 in
664 659 815 705 vicem
855 660 1066 721 quinque
1102 660 1315 722 regiones
1352 669 1720 725 percurrentem,
1759 659 1847 704 erit

394 738 650 799 figurarum
680 735 906 796 quinque,
934 735 1024 781 lioc
1060 744 1130 781 est
1164 736 1661 799 penteschematistus,
1686 745 1740 782 ut
1776 745 1847 782 est

393 831 487 859 una
513 812 692 875 species
717 812 926 874 quinque
952 814 1225 875 figurarum,

512 889 613 928 Cum
636 889 752 928 Juno
773 894 975 928 (eternum
997 902 1172 929 servans
1192 888 1267 928 sub
1281 894 1445 943 pectore
1467 889 1634 929 vulnus.

461 961 549 1007 Ille
574 977 683 1006 vero
708 978 882 1016 versus,
908 962 987 1023 qui
1022 960 1079 1006 de
1112 960 1323 1023 quinque
1351 960 1552 1024 pedibus
1583 960 1700 1006 duos
1739 960 1849 1007 cha-

394 1037 549 1083 buerit
574 1036 787 1100 dactylos
813 1037 1081 1100 promiscue
1111 1054 1194 1100 per
1218 1037 1428 1100 quinque
1463 1037 1675 1100 regiones
1700 1039 1849 1084 varia-

392 1123 481 1169 tos,
507 1113 669 1159 decem
698 1114 957 1176 figurarum
995 1114 1080 1160 erit
1112 1124 1159 1159 et
1191 1114 1463 1160 nominatur
1486 1113 1850 1161 ddecaschema-

394 1190 530 1236 tistus
555 1207 729 1246 versus,
756 1189 836 1252 qui
861 1190 1098 1236 econtinet
1126 1190 1506 1253 quattuordecim
1532 1189 1772 1254 fsyllabas,
1796 1200 1850 1237 ut

395 1275 466 1312 est
489 1283 583 1311 una
607 1266 784 1329 species
810 1266 1012 1323 illarum,

508 1342 652 1382 Multa
672 1356 827 1397 quoque
848 1348 885 1382 et
905 1343 1004 1383 bello
1021 1357 1188 1398 passus,
1209 1343 1307 1383 dum
1327 1343 1515 1384 conderet
1535 1344 1689 1384 urbem.

462 1414 527 1460 Et
558 1424 722 1460 contra
757 1414 876 1460 side
902 1415 1112 1477 quinque
1147 1415 1346 1478 pedibus
1383 1415 1477 1461 duo
1515 1415 1711 1479 spondei
1748 1416 1850 1461 fue-

395 1491 503 1545 rint,
542 1490 743 1536 invicem
785 1490 987 1554 dactylis
1025 1491 1182 1546 mixti,
1221 1500 1296 1537 get
1336 1491 1449 1538 item
1478 1491 1689 1554 quinque
1730 1492 1849 1555 regi-

395 1585 507 1613 ones
547 1576 887 1630 percurrenteS‚
925 1567 1011 1612 erit
1052 1566 1214 1613 decem
1259 1569 1517 1630 figurarum
1561 1586 1735 1624 versus,
1768 1569 1850 1632 qui

394 1643 617 1706 llsyllabis
653 1642 924 1705 quindecim
964 1642 1152 1706 legitur,
1178 1653 1229 1690 ut
1253 1662 1407 1707 supra,
1433 1654 1480 1690 et
1515 1654 1586 1691 est
1620 1664 1714 1692 una
1746 1664 1851 1709 spe-

396 1720 505 1775 cies,

531 1786 664 1825 Arma
685 1785 903 1838 virumque
922 1798 1039 1834 ccmo,
1069 1784 1210 1839 Trqjce
1230 1786 1300 1840 qui
1316 1786 1487 1840 primus
1507 1786 1558 1826 ab
1578 1787 1678 1827 orz'S.

396 1869 766 1917 Meminerimus
805 1876 963 1913 autem
1006 1868 1178 1930 figuras
1218 1867 1420 1929 majores
1455 1868 1564 1925 dici,
1601 1869 1635 1915 si
1676 1869 1851 1934 dactyli

396 1947 553 2011 plures
578 1945 777 1992 fuerint:
817 1944 851 1989 si
881 1943 1094 2006 spondei,
1122 1943 1342 1989 minores.

454 2126 470 2144 z
490 2114 815 2162 πεμτασχηματικὲς]
837 2113 1192 2160 penteschematistus
1213 2114 1306 2150 A.B.
1328 2114 1424 2150 Ven.
1531 2122 1549 2141 a
1569 2127 1589 2150 e
1608 2113 1811 2161 contrario]
1835 2127 1853 2150 e

400 2176 525 2207 contra
543 2170 634 2206 AB.
658 2181 675 2203 e
695 2179 880 2203 conversus
896 2166 927 2200 V
931 2179 992 2203 en.
1015 2174 1093 2202 tum
1114 2179 1234 2202 versus
1263 2168 1323 2214 qui
1341 2172 1391 2203 est
1410 2168 1556 2203 sedecim
1578 2169 1799 2215 syllabarum
1819 2173 1853 2203 et

400 2226 554 2272 quinque
573 2235 658 2258 curn
681 2221 773 2256 Ven.
791 2220 993 2267 pedibus—
1017 2232 1191 2266 gurarum
1214 2232 1287 2255 om.
1309 2221 1405 2256 Ven.
1553 2218 1572 2246 b
1593 2220 1794 2270 dactylum,
1816 2228 1854 2256 et

400 2277 478 2326 ipse
498 2277 660 2324 quinque
680 2272 750 2309 erit
769 2272 970 2319 figurarum
1000 2273 1069 2308 hoc
1097 2280 1154 2308 est
1179 2273 1498 2318 πεντασχηματικὲς,
1519 2280 1562 2308 ut
1588 2281 1644 2309 est
1668 2286 1743 2309 una
1768 2285 1852 2322 spe-

400 2329 475 2365 cies
495 2328 660 2375 illarum]
686 2327 882 2373 dactylum.
918 2326 1111 2361 identidem
1139 2327 1174 2360 in
1198 2327 1308 2360 vicem
1335 2327 1489 2373 quinque
1518 2328 1677 2373 regiones
1701 2339 1853 2374 percur-

401 2388 538 2418 rentem
568 2382 637 2416 erit
654 2380 867 2427 figurarum
895 2380 1060 2424 quinque,
1083 2379 1147 2413 hoc
1179 2383 1231 2413 est
1258 2379 1598 2425 penteclzematz'stus
1626 2384 1667 2414 ut
1698 2385 1749 2415 est
1779 2392 1854 2415 una

399 2448 531 2495 species
550 2448 704 2494 quinque
710 2445 921 2492 figurarum
939 2444 1035 2480 A.B.
1055 2454 1134 2490 spes
1153 2441 1439 2489 qnqfigurarum
1463 2441 1557 2478 Ven.
1680 2449 1696 2469 c
1717 2443 1848 2491 habet]

402 2501 567 2536 habuerit
586 2499 680 2535 AB.
704 2498 829 2533 habuit
848 2497 944 2532 Ven.
1041 2493 1060 2521 d
1080 2495 1379 2541 δεκασχηματικὶς]
1403 2496 1738 2532 decaschematistus
1757 2497 1851 2532 AB.

401 2560 418 2579 e
438 2554 607 2589 continet
627 2548 941 2600 quattuordecim]
965 2553 1089 2585 contra
1110 2549 1394 2595 quattuordecim
1415 2548 1508 2584 Α.Β.
1526 2549 1620 2585 Ven.
1747 2547 1764 2575 f
1779 2549 1854 2598 syl-

401 2606 516 2647 labas,
538 2612 580 2640 ut
599 2612 655 2641 est
675 2615 749 2639 una
768 2603 910 2651 species
930 2601 1091 2648 illarum]
1114 2601 1261 2648 syllabis
1281 2614 1353 2636 una
1377 2607 1427 2637 est
1452 2614 1524 2637 una
1550 2603 1680 2650 species
1700 2604 1854 2650 quinque

389 2660 600 2708 figurarum
621 2657 712 2693 AB.
733 2663 770 2692 et
790 2655 863 2691 fere
884 2656 978 2691 Ven.
1089 2661 1109 2689 g
1127 2654 1242 2700 varie]
1266 2660 1301 2690 et
1322 2656 1408 2691 item
1427 2655 1519 2690 AB.
1545 2661 1581 2691 et
1601 2657 1681 2691 item
1705 2667 1735 2691 X
1756 2656 1852 2691 Ven.

401 2713 494 2748 Mox
515 2724 589 2747 om.
613 2711 746 2745 itidem.
929 2706 950 2733 h
969 2709 1115 2755 syllabis
1133 2708 1331 2754 quindecim
1351 2709 1541 2755 longeatur
1561 2713 1601 2744 ut
1619 2716 1729 2755 supra
1749 2713 1783 2744 et
1803 2713 1854 2744 est

404 2779 474 2802 nna
494 2765 624 2813 species
646 2763 734 2798 AB.
759 2761 850 2797 Ven.
909 2761 999 2796 Mox
1021 2774 1096 2797 orn.
1123 2759 1377 2805 Trojae—oris.
