<?xml version="1.0" encoding="UTF-8"?>
<!DOCTYPE html PUBLIC "-//W3C//DTD XHTML 1.0 Transitional//EN"
    "http://www.w3.org/TR/xhtml1/DTD/xhtml1-transitional.dtd">
<html xmlns="http://www.w3.org/1999/xhtml" xml:lang="en" lang="en">
 <head>
  <title>
</title>
<meta http-equiv="Content-Type" content="text/html;charset=utf-8" />
  <meta name='ocr-system' content='tesseract 3.04.00' />
  <meta name='ocr-capabilities' content='ocr_page ocr_carea ocr_par ocr_line ocrx_word'/>
</head>
<body>
  <div class='ocr_page' id='page_1' title='image "./scriptoreslatini00gaisuoft/scriptoreslatini00gaisuoft_0386.png"; bbox 0 0 1962 3355; ppageno 0'>
   <div class='ocr_carea' id='block_1_1' title="bbox 341 209 1340 257">
    <p class='ocr_par' dir='ltr' id='par_1_1' title="bbox 341 209 1340 257">
     <span class='ocr_line' id='line_1_1' title="bbox 341 209 1340 257; baseline 0 -1"><span class='ocrx_word' id='word_1_1' title='bbox 341 209 435 256; x_wconf 83' lang='lat'>368</span> <span class='ocrx_word' id='word_1_2' title='bbox 794 209 955 257; x_wconf 78' lang='lat' dir='ltr'>Servii</span> <span class='ocrx_word' id='word_1_3' title='bbox 982 209 1340 257; x_wconf 79' lang='lat' dir='ltr'>Centimetrum.</span> 
     </span>
    </p>
   </div>
   <div class='ocr_carea' id='block_1_2' title="bbox 304 330 1775 463">
    <p class='ocr_par' dir='ltr' id='par_1_2' title="bbox 304 330 1775 463">
     <span class='ocr_line' id='line_1_2' title="bbox 304 330 1775 385; baseline -0.003 -7"><span class='ocrx_word' id='word_1_4' title='bbox 304 346 319 378; x_wconf 87' lang='lat'><strong>7</strong></span> <span class='ocrx_word' id='word_1_5' title='bbox 341 330 707 378; x_wconf 77' lang='lat' dir='ltr'><em>Archilochium</em></span> <span class='ocrx_word' id='word_1_6' title='bbox 732 340 917 378; x_wconf 89' lang='lat' dir='ltr'>constat</span> <span class='ocrx_word' id='word_1_7' title='bbox 940 332 1154 378; x_wconf 79' lang='lat' dir='ltr'>trimetro</span> <span class='ocrx_word' id='word_1_8' title='bbox 1180 330 1469 385; x_wconf 79' lang='lat' dir='ltr'>catalectiCO,</span> <span class='ocrx_word' id='word_1_9' title='bbox 1498 338 1549 375; x_wconf 89' lang='lat' dir='ltr'>ut</span> <span class='ocrx_word' id='word_1_10' title='bbox 1573 337 1644 375; x_wconf 90' lang='lat' dir='ltr'>est</span> <span class='ocrx_word' id='word_1_11' title='bbox 1672 330 1775 381; x_wconf 73' lang='lat' dir='ltr'>hoc,</span> 
     </span>
     <span class='ocr_line' id='line_1_3' title="bbox 568 408 1267 463; baseline -0.001 -16"><span class='ocrx_word' id='word_1_12' title='bbox 568 408 669 448; x_wconf 70' lang='lat' dir='ltr'>Nox</span> <span class='ocrx_word' id='word_1_13' title='bbox 689 410 845 449; x_wconf 67' lang='lat' dir='ltr'>amoris</span> <span class='ocrx_word' id='word_1_14' title='bbox 865 415 902 449; x_wconf 83' lang='lat' dir='ltr'>et</span> <span class='ocrx_word' id='word_1_15' title='bbox 922 409 1071 463; x_wconf 70' lang='lat' dir='ltr'>quietis</span> <span class='ocrx_word' id='word_1_16' title='bbox 1091 408 1267 448; x_wconf 73' lang='lat' dir='ltr'>conscia.</span> 
     </span>
    </p>
   </div>
   <div class='ocr_carea' id='block_1_3' title="bbox 302 479 1662 604">
    <p class='ocr_par' dir='ltr' id='par_1_3' title="bbox 302 479 1662 604">
     <span class='ocr_line' id='line_1_4' title="bbox 302 479 1662 536; baseline -0.001 -10"><span class='ocrx_word' id='word_1_17' title='bbox 302 493 320 522; x_wconf 94' lang='lat'>8</span> <span class='ocrx_word' id='word_1_18' title='bbox 342 479 617 527; x_wconf 80' lang='lat' dir='ltr'>Sotadicum</span> <span class='ocrx_word' id='word_1_19' title='bbox 642 490 827 528; x_wconf 87' lang='lat' dir='ltr'>constat</span> <span class='ocrx_word' id='word_1_20' title='bbox 851 482 1066 527; x_wconf 80' lang='lat' dir='ltr'>trimetro</span> <span class='ocrx_word' id='word_1_21' title='bbox 1091 480 1361 536; x_wconf 87' lang='lat' dir='ltr'>acatalectO,</span> <span class='ocrx_word' id='word_1_22' title='bbox 1387 486 1438 525; x_wconf 92' lang='lat' dir='ltr'>ut</span> <span class='ocrx_word' id='word_1_23' title='bbox 1462 487 1533 524; x_wconf 86' lang='lat' dir='ltr'>est</span> <span class='ocrx_word' id='word_1_24' title='bbox 1557 479 1662 536; x_wconf 85' lang='lat' dir='ltr'>hoc,</span> 
     </span>
     <span class='ocr_line' id='line_1_5' title="bbox 566 555 1329 604; baseline -0.004 -7"><span class='ocrx_word' id='word_1_25' title='bbox 566 558 683 597; x_wconf 83' lang='lat' dir='ltr'>Arva</span> <span class='ocrx_word' id='word_1_26' title='bbox 705 559 813 597; x_wconf 71' lang='lat' dir='ltr'>sicca</span> <span class='ocrx_word' id='word_1_27' title='bbox 833 557 965 596; x_wconf 73' lang='lat' dir='ltr'><em>Nilus</em></span> <span class='ocrx_word' id='word_1_28' title='bbox 985 557 1134 604; x_wconf 74' lang='lat' dir='ltr'>intrat,</span> <span class='ocrx_word' id='word_1_29' title='bbox 1157 556 1212 595; x_wconf 77' lang='lat' dir='ltr'>z‘te</span> <span class='ocrx_word' id='word_1_30' title='bbox 1233 555 1329 595; x_wconf 72' lang='lat' dir='ltr'>lccti.</span> 
     </span>
    </p>
   </div>
   <div class='ocr_carea' id='block_1_4' title="bbox 285 626 1794 839">
    <p class='ocr_par' dir='ltr' id='par_1_4' title="bbox 285 626 1794 839">
     <span class='ocr_line' id='line_1_6' title="bbox 300 626 1794 691; baseline -0.001 -18"><span class='ocrx_word' id='word_1_31' title='bbox 300 643 319 673; x_wconf 87' lang='lat'>9</span> <span class='ocrx_word' id='word_1_32' title='bbox 340 628 629 691; x_wconf 74' lang='lat' dir='ltr'>Sapphicum</span> <span class='ocrx_word' id='word_1_33' title='bbox 657 638 840 675; x_wconf 86' lang='lat' dir='ltr'>constat</span> <span class='ocrx_word' id='word_1_34' title='bbox 865 628 1080 674; x_wconf 82' lang='lat' dir='ltr'>trimetro</span> <span class='ocrx_word' id='word_1_35' title='bbox 1103 626 1498 690; x_wconf 79' lang='lat' dir='ltr'>hypercatalecto,</span> <span class='ocrx_word' id='word_1_36' title='bbox 1518 635 1570 672; x_wconf 93' lang='lat' dir='ltr'>ut</span> <span class='ocrx_word' id='word_1_37' title='bbox 1594 635 1664 672; x_wconf 84' lang='lat' dir='ltr'>est</span> <span class='ocrx_word' id='word_1_38' title='bbox 1688 626 1794 684; x_wconf 80' lang='lat' dir='ltr'>hoc,</span> 
     </span>
     <span class='ocr_line' id='line_1_7' title="bbox 452 703 1611 760; baseline -0.002 -16"><span class='ocrx_word' id='word_1_39' title='bbox 452 705 649 760; x_wconf 74' lang='lat' dir='ltr'>Splendet</span> <span class='ocrx_word' id='word_1_40' title='bbox 668 719 835 753; x_wconf 76' lang='lat' dir='ltr'>aarum,</span> <span class='ocrx_word' id='word_1_41' title='bbox 853 718 1022 759; x_wconf 75' lang='lat' dir='ltr'>gemma</span> <span class='ocrx_word' id='word_1_42' title='bbox 1025 704 1194 759; x_wconf 79' lang='lat' dir='ltr'>fulget,</span> <span class='ocrx_word' id='word_1_43' title='bbox 1199 704 1355 758; x_wconf 81' lang='lat' dir='ltr'>forma</span> <span class='ocrx_word' id='word_1_44' title='bbox 1376 703 1447 743; x_wconf 76' lang='lat' dir='ltr'>sed</span> <span class='ocrx_word' id='word_1_45' title='bbox 1464 703 1611 758; x_wconf 76' lang='lat' dir='ltr'>placet.</span> 
     </span>
     <span class='ocr_line' id='line_1_8' title="bbox 285 775 1793 839; baseline -0.001 -17"><span class='ocrx_word' id='word_1_46' title='bbox 285 796 320 816; x_wconf 78' lang='grc' dir='ltr'>ιο</span> <span class='ocrx_word' id='word_1_47' title='bbox 340 776 616 823; x_wconf 79' lang='lat' dir='ltr'>Sotadicum</span> <span class='ocrx_word' id='word_1_48' title='bbox 651 785 836 823; x_wconf 88' lang='lat' dir='ltr'>constat</span> <span class='ocrx_word' id='word_1_49' title='bbox 871 784 1145 822; x_wconf 82' lang='lat' dir='ltr'>tetrametro</span> <span class='ocrx_word' id='word_1_50' title='bbox 1182 775 1609 839; x_wconf 77' lang='lat' dir='ltr'>brachycatalecto,</span> <span class='ocrx_word' id='word_1_51' title='bbox 1635 783 1688 821; x_wconf 91' lang='lat' dir='ltr'>ut</span> <span class='ocrx_word' id='word_1_52' title='bbox 1722 785 1793 821; x_wconf 85' lang='lat' dir='ltr'>est</span> 
     </span>
    </p>
   </div>
   <div class='ocr_carea' id='block_1_5' title="bbox 338 853 1494 982">
    <p class='ocr_par' dir='ltr' id='par_1_5' title="bbox 338 853 1494 982">
     <span class='ocr_line' id='line_1_9' title="bbox 338 853 445 909; baseline 0.009 -11"><span class='ocrx_word' id='word_1_53' title='bbox 338 853 445 909; x_wconf 87' lang='lat' dir='ltr'>hoc,</span> 
     </span>
     <span class='ocr_line' id='line_1_10' title="bbox 458 928 1494 982; baseline 0 -15"><span class='ocrx_word' id='word_1_54' title='bbox 458 928 688 968; x_wconf 72' lang='lat' dir='ltr'>Thracium</span> <span class='ocrx_word' id='word_1_55' title='bbox 707 928 827 982; x_wconf 51' lang='lat' dir='ltr'>nasas</span> <span class='ocrx_word' id='word_1_56' title='bbox 848 934 1047 968; x_wconf 78' lang='lat' dir='ltr'>renarrat</span> <span class='ocrx_word' id='word_1_57' title='bbox 1067 929 1278 968; x_wconf 71' lang='lat' dir='ltr'>cantitans</span> <span class='ocrx_word' id='word_1_58' title='bbox 1299 928 1494 968; x_wconf 71' lang='lat' dir='ltr'>hirundo.</span> 
     </span>
    </p>
   </div>
   <div class='ocr_carea' id='block_1_6' title="bbox 282 1000 1794 1213">
    <p class='ocr_par' dir='ltr' id='par_1_6' title="bbox 282 1000 1794 1213">
     <span class='ocr_line' id='line_1_11' title="bbox 285 1000 1794 1058; baseline -0.001 -11"><span class='ocrx_word' id='word_1_59' title='bbox 285 1024 315 1043; x_wconf 82' lang='grc' dir='ltr'>ιι</span> <span class='ocrx_word' id='word_1_60' title='bbox 339 1001 706 1048; x_wconf 75' lang='lat' dir='ltr'>Archilochium</span> <span class='ocrx_word' id='word_1_61' title='bbox 725 1010 908 1048; x_wconf 87' lang='lat' dir='ltr'>constat</span> <span class='ocrx_word' id='word_1_62' title='bbox 932 1010 1207 1047; x_wconf 82' lang='lat' dir='ltr'>tetrametro</span> <span class='ocrx_word' id='word_1_63' title='bbox 1226 1001 1514 1058; x_wconf 78' lang='lat' dir='ltr'>catalectico,</span> <span class='ocrx_word' id='word_1_64' title='bbox 1531 1009 1582 1047; x_wconf 89' lang='lat' dir='ltr'>ut</span> <span class='ocrx_word' id='word_1_65' title='bbox 1600 1009 1670 1046; x_wconf 88' lang='lat' dir='ltr'>est</span> <span class='ocrx_word' id='word_1_66' title='bbox 1689 1000 1794 1058; x_wconf 87' lang='lat' dir='ltr'>hoc,</span> 
     </span>
     <span class='ocr_line' id='line_1_12' title="bbox 458 1077 1597 1133; baseline 0 -16"><span class='ocrx_word' id='word_1_67' title='bbox 458 1077 573 1117; x_wconf 81' lang='lat' dir='ltr'>Tolle</span> <span class='ocrx_word' id='word_1_68' title='bbox 594 1077 771 1133; x_wconf 67' lang='lat' dir='ltr'>thyrsos,</span> <span class='ocrx_word' id='word_1_69' title='bbox 795 1091 881 1117; x_wconf 72' lang='lat' dir='ltr'>(Era</span> <span class='ocrx_word' id='word_1_70' title='bbox 902 1078 1110 1133; x_wconf 69' lang='lat' dir='ltr'>spulsaws,</span> <span class='ocrx_word' id='word_1_71' title='bbox 1118 1079 1219 1132; x_wconf 81' lang='lat' dir='ltr'>jam</span> <span class='ocrx_word' id='word_1_72' title='bbox 1240 1078 1392 1133; x_wconf 64' lang='lat' dir='ltr'>Lyceus</span> <span class='ocrx_word' id='word_1_73' title='bbox 1413 1077 1597 1117; x_wconf 69' lang='lat' dir='ltr'>advenit.</span> 
     </span>
     <span class='ocr_line' id='line_1_13' title="bbox 282 1149 1792 1213; baseline -0.001 -16"><span class='ocrx_word' id='word_1_74' title='bbox 282 1169 318 1190; x_wconf 85' lang='lat'>¹2</span> <span class='ocrx_word' id='word_1_75' title='bbox 342 1151 724 1213; x_wconf 74' lang='lat' dir='ltr'>Hipponactiunz</span> <span class='ocrx_word' id='word_1_76' title='bbox 761 1159 945 1198; x_wconf 83' lang='lat' dir='ltr'>constat</span> <span class='ocrx_word' id='word_1_77' title='bbox 980 1159 1256 1197; x_wconf 84' lang='lat' dir='ltr'>tetrametro</span> <span class='ocrx_word' id='word_1_78' title='bbox 1292 1150 1564 1197; x_wconf 85' lang='lat' dir='ltr'>catalectico</span> <span class='ocrx_word' id='word_1_79' title='bbox 1588 1149 1792 1203; x_wconf 78' lang='lat' dir='ltr'>tclaudo,</span> 
     </span>
    </p>
   </div>
   <div class='ocr_carea' id='block_1_7' title="bbox 338 1227 1563 1359">
    <p class='ocr_par' dir='ltr' id='par_1_7' title="bbox 338 1227 1563 1359">
     <span class='ocr_line' id='line_1_14' title="bbox 338 1227 616 1284; baseline 0.004 -12"><span class='ocrx_word' id='word_1_80' title='bbox 338 1236 392 1273; x_wconf 92' lang='lat' dir='ltr'>ut</span> <span class='ocrx_word' id='word_1_81' title='bbox 416 1236 486 1273; x_wconf 84' lang='lat' dir='ltr'>est</span> <span class='ocrx_word' id='word_1_82' title='bbox 511 1227 616 1284; x_wconf 84' lang='lat' dir='ltr'>lioc,</span> 
     </span>
     <span class='ocr_line' id='line_1_15' title="bbox 453 1302 1563 1359; baseline 0 -18"><span class='ocrx_word' id='word_1_83' title='bbox 453 1302 565 1342; x_wconf 77' lang='lat' dir='ltr'><em>Pelle</em></span> <span class='ocrx_word' id='word_1_84' title='bbox 586 1303 714 1342; x_wconf 70' lang='lat' dir='ltr'>tonsis</span> <span class='ocrx_word' id='word_1_85' title='bbox 737 1308 858 1359; x_wconf 79' lang='lat' dir='ltr'>terga</span> <span class='ocrx_word' id='word_1_86' title='bbox 877 1311 896 1330; x_wconf 92' lang='lat' dir='ltr'>v</span> <span class='ocrx_word' id='word_1_87' title='bbox 898 1303 1036 1358; x_wconf 76' lang='lat' dir='ltr'>ponti,</span> <span class='ocrx_word' id='word_1_88' title='bbox 1060 1303 1151 1343; x_wconf 85' lang='lat' dir='ltr'>vela</span> <span class='ocrx_word' id='word_1_89' title='bbox 1172 1302 1301 1351; x_wconf 79' lang='lat' dir='ltr'>tende,</span> <span class='ocrx_word' id='word_1_90' title='bbox 1318 1316 1563 1358; x_wconf 68' lang='lat' dir='ltr'>pergamus.</span> 
     </span>
    </p>
   </div>
   <div class='ocr_carea' id='block_1_8' title="bbox 285 1376 1792 1432">
    <p class='ocr_par' dir='ltr' id='par_1_8' title="bbox 285 1376 1792 1432">
     <span class='ocr_line' id='line_1_16' title="bbox 285 1376 1792 1432; baseline -0.001 -10"><span class='ocrx_word' id='word_1_91' title='bbox 285 1376 723 1424; x_wconf 76' lang='lat' dir='ltr'>13Anacreontiam</span> <span class='ocrx_word' id='word_1_92' title='bbox 770 1385 954 1422; x_wconf 85' lang='lat' dir='ltr'>constat</span> <span class='ocrx_word' id='word_1_93' title='bbox 1001 1384 1274 1422; x_wconf 86' lang='lat' dir='ltr'>tetrametro</span> <span class='ocrx_word' id='word_1_94' title='bbox 1316 1376 1589 1432; x_wconf 73' lang='lat' dir='ltr'>acatalecto,</span> <span class='ocrx_word' id='word_1_95' title='bbox 1629 1383 1682 1421; x_wconf 91' lang='lat' dir='ltr'>ut</span> <span class='ocrx_word' id='word_1_96' title='bbox 1721 1383 1792 1420; x_wconf 85' lang='lat' dir='ltr'>est</span> 
     </span>
    </p>
   </div>
   <div class='ocr_carea' id='block_1_9' title="bbox 341 1452 1597 1584">
    <p class='ocr_par' dir='ltr' id='par_1_9' title="bbox 341 1452 1597 1584">
     <span class='ocr_line' id='line_1_17' title="bbox 341 1452 446 1506; baseline 0.01 -9"><span class='ocrx_word' id='word_1_97' title='bbox 341 1452 446 1506; x_wconf 84' lang='lat' dir='ltr'>hoc,</span> 
     </span>
     <span class='ocr_line' id='line_1_18' title="bbox 452 1528 1597 1584; baseline -0.002 -15"><span class='ocrx_word' id='word_1_98' title='bbox 452 1529 690 1584; x_wconf 77' lang='lat' dir='ltr'>Parcejam</span> <span class='ocrx_word' id='word_1_99' title='bbox 714 1530 912 1570; x_wconf 80' lang='lat' dir='ltr'>Camoena</span> <span class='ocrx_word' id='word_1_100' title='bbox 933 1530 1037 1577; x_wconf 68' lang='lat' dir='ltr'>vati,</span> <span class='ocrx_word' id='word_1_101' title='bbox 1052 1543 1182 1584; x_wconf 78' lang='lat' dir='ltr'>parce</span> <span class='ocrx_word' id='word_1_102' title='bbox 1187 1542 1285 1583; x_wconf 66' lang='lat' dir='ltr'>jam</span> <span class='ocrx_word' id='word_1_103' title='bbox 1307 1542 1425 1568; x_wconf 73' lang='lat' dir='ltr'>sacro</span> <span class='ocrx_word' id='word_1_104' title='bbox 1425 1528 1597 1582; x_wconf 73' lang='lat' dir='ltr'>furori.</span> 
     </span>
    </p>
   </div>
   <div class='ocr_carea' id='block_1_10' title="bbox 582 1738 1543 1807">
    <p class='ocr_par' dir='ltr' id='par_1_10' title="bbox 582 1738 1543 1807">
     <span class='ocr_line' id='line_1_19' title="bbox 582 1738 1543 1807; baseline -0.002 -18"><span class='ocrx_word' id='word_1_105' title='bbox 582 1739 715 1789; x_wconf 80' lang='lat' dir='ltr'><strong>CAP.</strong></span> <span class='ocrx_word' id='word_1_106' title='bbox 752 1738 860 1789; x_wconf 90' lang='lat' dir='ltr'><strong>III.</strong></span> <span class='ocrx_word' id='word_1_107' title='bbox 929 1741 1014 1791; x_wconf 78' lang='lat' dir='ltr'>De</span> <span class='ocrx_word' id='word_1_108' title='bbox 1040 1739 1227 1791; x_wconf 71' lang='lat' dir='ltr'>metris</span> <span class='ocrx_word' id='word_1_109' title='bbox 1254 1738 1543 1807; x_wconf 71' lang='lat' dir='ltr'>dactylicis.</span> 
     </span>
    </p>
   </div>
   <div class='ocr_carea' id='block_1_11' title="bbox 301 1842 1794 2508">
    <p class='ocr_par' dir='ltr' id='par_1_11' title="bbox 331 1842 1794 2135">
     <span class='ocr_line' id='line_1_20' title="bbox 406 1842 1794 1908; baseline -0.002 -19"><span class='ocrx_word' id='word_1_110' title='bbox 406 1844 564 1889; x_wconf 85' lang='lat' dir='ltr'>Metra</span> <span class='ocrx_word' id='word_1_111' title='bbox 592 1843 827 1907; x_wconf 85' lang='lat' dir='ltr'>dactylica</span> <span class='ocrx_word' id='word_1_112' title='bbox 862 1844 1185 1908; x_wconf 84' lang='lat' dir='ltr'>principaliter</span> <span class='ocrx_word' id='word_1_113' title='bbox 1221 1852 1439 1890; x_wconf 82' lang='lat' dir='ltr'>constant</span> <span class='ocrx_word' id='word_1_114' title='bbox 1471 1842 1687 1905; x_wconf 86' lang='lat' dir='ltr'>dactylo:</span> <span class='ocrx_word' id='word_1_115' title='bbox 1725 1859 1794 1886; x_wconf 88' lang='lat' dir='ltr'>re-</span> 
     </span>
     <span class='ocr_line' id='line_1_21' title="bbox 338 1918 1792 1984; baseline -0.002 -19"><span class='ocrx_word' id='word_1_116' title='bbox 338 1919 521 1983; x_wconf 86' lang='lat' dir='ltr'>cipiunt</span> <span class='ocrx_word' id='word_1_117' title='bbox 544 1928 703 1966; x_wconf 83' lang='lat' dir='ltr'>tamen</span> <span class='ocrx_word' id='word_1_118' title='bbox 728 1929 817 1966; x_wconf 83' lang='lat' dir='ltr'>Wet</span> <span class='ocrx_word' id='word_1_119' title='bbox 842 1920 1122 1984; x_wconf 85' lang='lat' dir='ltr'>spondeum,</span> <span class='ocrx_word' id='word_1_120' title='bbox 1147 1932 1193 1967; x_wconf 84' lang='lat' dir='ltr'>ct</span> <span class='ocrx_word' id='word_1_121' title='bbox 1218 1920 1455 1967; x_wconf 83' lang='lat' dir='ltr'>interdurn</span> <span class='ocrx_word' id='word_1_122' title='bbox 1492 1919 1664 1965; x_wconf 88' lang='lat' dir='ltr'>ultimo</span> <span class='ocrx_word' id='word_1_123' title='bbox 1690 1918 1792 1963; x_wconf 90' lang='lat' dir='ltr'>loco</span> 
     </span>
     <span class='ocr_line' id='line_1_22' title="bbox 337 1994 1791 2060; baseline -0.003 -17"><span class='ocrx_word' id='word_1_124' title='bbox 337 1997 615 2043; x_wconf 84' lang='lat' dir='ltr'>trochaeum.</span> <span class='ocrx_word' id='word_1_125' title='bbox 664 1996 757 2042; x_wconf 85' lang='lat' dir='ltr'>Sed</span> <span class='ocrx_word' id='word_1_126' title='bbox 781 2014 838 2042; x_wconf 87' lang='lat' dir='ltr'>ex</span> <span class='ocrx_word' id='word_1_127' title='bbox 863 1996 1108 2060; x_wconf 74' lang='lat' dir='ltr'>Xpluribus</span> <span class='ocrx_word' id='word_1_128' title='bbox 1132 2013 1286 2044; x_wconf 82' lang='lat' dir='ltr'>xvmi</span> <span class='ocrx_word' id='word_1_129' title='bbox 1307 1996 1413 2043; x_wconf 86' lang='lat' dir='ltr'>usui</span> <span class='ocrx_word' id='word_1_130' title='bbox 1439 1994 1663 2042; x_wconf 87' lang='lat' dir='ltr'>tradenda</span> <span class='ocrx_word' id='word_1_131' title='bbox 1682 1995 1791 2040; x_wconf 88' lang='lat' dir='ltr'>sub-</span> 
     </span>
     <span class='ocr_line' id='line_1_23' title="bbox 331 2073 441 2135; baseline -0.018 -15"><span class='ocrx_word' id='word_1_132' title='bbox 331 2073 441 2135; x_wconf 88' lang='lat' dir='ltr'>jeci.</span> 
     </span>
    </p>

    <p class='ocr_par' dir='ltr' id='par_1_12' title="bbox 305 2148 1701 2281">
     <span class='ocr_line' id='line_1_24' title="bbox 305 2148 1701 2206; baseline -0.002 -10"><span class='ocrx_word' id='word_1_133' title='bbox 305 2181 316 2201; x_wconf 84' lang='lat'>1</span> <span class='ocrx_word' id='word_1_134' title='bbox 404 2149 648 2196; x_wconf 73' lang='lat' dir='ltr'>Adonium</span> <span class='ocrx_word' id='word_1_135' title='bbox 673 2158 858 2195; x_wconf 88' lang='lat' dir='ltr'>constat</span> <span class='ocrx_word' id='word_1_136' title='bbox 882 2149 1084 2196; x_wconf 89' lang='lat' dir='ltr'>dimetro</span> <span class='ocrx_word' id='word_1_137' title='bbox 1110 2149 1399 2206; x_wconf 82' lang='lat' dir='ltr'>catalectico,</span> <span class='ocrx_word' id='word_1_138' title='bbox 1422 2158 1474 2195; x_wconf 88' lang='lat' dir='ltr'>ut</span> <span class='ocrx_word' id='word_1_139' title='bbox 1499 2156 1570 2194; x_wconf 83' lang='lat' dir='ltr'>est</span> <span class='ocrx_word' id='word_1_140' title='bbox 1593 2148 1701 2204; x_wconf 89' lang='lat' dir='ltr'>hoc,</span> 
     </span>
     <span class='ocr_line' id='line_1_25' title="bbox 681 2226 1017 2281; baseline 0 -16"><span class='ocrx_word' id='word_1_141' title='bbox 681 2226 1017 2281; x_wconf 73' lang='lat' dir='ltr'>szdz&#39;tefletus.</span> 
     </span>
    </p>

    <p class='ocr_par' dir='ltr' id='par_1_13' title="bbox 304 2296 1748 2429">
     <span class='ocr_line' id='line_1_26' title="bbox 304 2296 1748 2362; baseline -0.001 -18"><span class='ocrx_word' id='word_1_142' title='bbox 304 2320 320 2340; x_wconf 77' lang='lat'>2</span> <span class='ocrx_word' id='word_1_143' title='bbox 338 2299 712 2362; x_wconf 71' lang='lat' dir='ltr'>YHynzenaicum</span> <span class='ocrx_word' id='word_1_144' title='bbox 740 2307 924 2344; x_wconf 86' lang='lat' dir='ltr'>constat</span> <span class='ocrx_word' id='word_1_145' title='bbox 947 2298 1149 2345; x_wconf 80' lang='lat' dir='ltr'>dimetro</span> <span class='ocrx_word' id='word_1_146' title='bbox 1176 2298 1446 2352; x_wconf 83' lang='lat' dir='ltr'>acatalecto,</span> <span class='ocrx_word' id='word_1_147' title='bbox 1470 2305 1523 2342; x_wconf 94' lang='lat' dir='ltr'>ut</span> <span class='ocrx_word' id='word_1_148' title='bbox 1547 2304 1618 2341; x_wconf 85' lang='lat' dir='ltr'>est</span> <span class='ocrx_word' id='word_1_149' title='bbox 1643 2296 1748 2349; x_wconf 88' lang='lat' dir='ltr'>hoc,</span> 
     </span>
     <span class='ocr_line' id='line_1_27' title="bbox 688 2375 1062 2429; baseline 0.003 -16"><span class='ocrx_word' id='word_1_150' title='bbox 688 2375 812 2414; x_wconf 66' lang='lat' dir='ltr'>Tibia</span> <span class='ocrx_word' id='word_1_151' title='bbox 835 2381 1062 2429; x_wconf 67' lang='lat' dir='ltr'>chrsonet.</span> 
     </span>
    </p>

    <p class='ocr_par' dir='ltr' id='par_1_14' title="bbox 301 2444 1792 2508">
     <span class='ocr_line' id='line_1_28' title="bbox 301 2444 1792 2508; baseline -0.002 -16"><span class='ocrx_word' id='word_1_152' title='bbox 301 2445 706 2501; x_wconf 77' lang='lat' dir='ltr'>3Archilocl2ium</span> <span class='ocrx_word' id='word_1_153' title='bbox 742 2454 926 2491; x_wconf 86' lang='lat' dir='ltr'>constat</span> <span class='ocrx_word' id='word_1_154' title='bbox 964 2445 1166 2491; x_wconf 84' lang='lat' dir='ltr'>dimetro</span> <span class='ocrx_word' id='word_1_155' title='bbox 1205 2444 1602 2508; x_wconf 84' lang='lat' dir='ltr'>hypercatalecto‚</span> <span class='ocrx_word' id='word_1_156' title='bbox 1637 2452 1690 2489; x_wconf 90' lang='lat' dir='ltr'>ut</span> <span class='ocrx_word' id='word_1_157' title='bbox 1723 2452 1792 2489; x_wconf 87' lang='lat' dir='ltr'>est</span> 
     </span>
    </p>
   </div>
   <div class='ocr_carea' id='block_1_12' title="bbox 340 2522 1131 2626">
    <p class='ocr_par' dir='ltr' id='par_1_15' title="bbox 340 2522 1131 2626">
     <span class='ocr_line' id='line_1_29' title="bbox 340 2522 446 2579; baseline 0.009 -12"><span class='ocrx_word' id='word_1_158' title='bbox 340 2522 446 2579; x_wconf 86' lang='lat' dir='ltr'>hoc,</span> 
     </span>
     <span class='ocr_line' id='line_1_30' title="bbox 685 2587 1131 2626; baseline -0.002 -1"><span class='ocrx_word' id='word_1_159' title='bbox 685 2587 873 2626; x_wconf 79' lang='lat' dir='ltr'>Garrnla</span> <span class='ocrx_word' id='word_1_160' title='bbox 896 2588 1008 2626; x_wconf 68' lang='lat' dir='ltr'>venit</span> <span class='ocrx_word' id='word_1_161' title='bbox 1028 2587 1131 2625; x_wconf 65' lang='lat' dir='ltr'>avis.</span> 
     </span>
    </p>
   </div>
   <div class='ocr_carea' id='block_1_13' title="bbox 331 2719 1793 2918">
    <p class='ocr_par' dir='ltr' id='par_1_16' title="bbox 331 2719 1793 2918">
     <span class='ocr_line' id='line_1_31' title="bbox 395 2719 1790 2769; baseline -0.003 -12"><span class='ocrx_word' id='word_1_162' title='bbox 395 2728 409 2747; x_wconf 81' lang='lat' dir='ltr'>s</span> <span class='ocrx_word' id='word_1_163' title='bbox 424 2722 592 2769; x_wconf 80' lang='lat' dir='ltr'>pulsans]</span> <span class='ocrx_word' id='word_1_164' title='bbox 614 2723 722 2769; x_wconf 82' lang='lat' dir='ltr'>pulsa</span> <span class='ocrx_word' id='word_1_165' title='bbox 740 2721 789 2757; x_wconf 88' lang='lat' dir='ltr'>B.</span> <span class='ocrx_word' id='word_1_166' title='bbox 811 2721 866 2756; x_wconf 91' lang='lat' dir='ltr'>M.</span> <span class='ocrx_word' id='word_1_167' title='bbox 892 2720 1040 2756; x_wconf 83' lang='lat' dir='ltr'>Putsch.</span> <span class='ocrx_word' id='word_1_168' title='bbox 1124 2720 1138 2746; x_wconf 68' lang='lat' dir='ltr'>t</span> <span class='ocrx_word' id='word_1_169' title='bbox 1157 2721 1283 2755; x_wconf 80' lang='lat' dir='ltr'>claudo</span> <span class='ocrx_word' id='word_1_170' title='bbox 1304 2733 1378 2756; x_wconf 90' lang='lat' dir='ltr'>om.</span> <span class='ocrx_word' id='word_1_171' title='bbox 1399 2720 1551 2756; x_wconf 86' lang='lat' dir='ltr'>Putsch.</span> <span class='ocrx_word' id='word_1_172' title='bbox 1635 2725 1654 2744; x_wconf 79' lang='lat' dir='ltr'>V</span> <span class='ocrx_word' id='word_1_173' title='bbox 1668 2719 1790 2766; x_wconf 71' lang='lat' dir='ltr'>ponti]</span> 
     </span>
     <span class='ocr_line' id='line_1_32' title="bbox 331 2771 1792 2824; baseline -0.003 -13"><span class='ocrx_word' id='word_1_174' title='bbox 331 2775 427 2824; x_wconf 79' lang='lat' dir='ltr'>freti</span> <span class='ocrx_word' id='word_1_175' title='bbox 446 2775 595 2811; x_wconf 84' lang='lat' dir='ltr'>Putsch.</span> <span class='ocrx_word' id='word_1_176' title='bbox 705 2781 734 2799; x_wconf 87' lang='lat' dir='ltr'><strong>w</strong></span> <span class='ocrx_word' id='word_1_177' title='bbox 753 2779 788 2810; x_wconf 81' lang='lat' dir='ltr'>et</span> <span class='ocrx_word' id='word_1_178' title='bbox 806 2774 1015 2821; x_wconf 80' lang='lat' dir='ltr'>spondeum]</span> <span class='ocrx_word' id='word_1_179' title='bbox 1041 2779 1074 2809; x_wconf 82' lang='lat' dir='ltr'>et</span> <span class='ocrx_word' id='word_1_180' title='bbox 1094 2785 1168 2809; x_wconf 83' lang='lat' dir='ltr'>om.</span> <span class='ocrx_word' id='word_1_181' title='bbox 1182 2774 1332 2809; x_wconf 83' lang='lat' dir='ltr'>Putsch.</span> <span class='ocrx_word' id='word_1_182' title='bbox 1349 2786 1434 2809; x_wconf 88' lang='lat' dir='ltr'>cum</span> <span class='ocrx_word' id='word_1_183' title='bbox 1455 2773 1513 2808; x_wconf 87' lang='lat' dir='ltr'>ed.</span> <span class='ocrx_word' id='word_1_184' title='bbox 1527 2771 1620 2808; x_wconf 86' lang='lat' dir='ltr'>Call.</span> <span class='ocrx_word' id='word_1_185' title='bbox 1638 2777 1672 2807; x_wconf 82' lang='lat' dir='ltr'>et</span> <span class='ocrx_word' id='word_1_186' title='bbox 1689 2784 1792 2819; x_wconf 81' lang='lat' dir='ltr'>spon-</span> 
     </span>
     <span class='ocr_line' id='line_1_33' title="bbox 340 2825 1793 2874; baseline -0.003 -10"><span class='ocrx_word' id='word_1_187' title='bbox 340 2830 514 2864; x_wconf 80' lang='lat' dir='ltr'>deus—in</span> <span class='ocrx_word' id='word_1_188' title='bbox 531 2829 658 2863; x_wconf 74' lang='lat' dir='ltr'>ultimo</span> <span class='ocrx_word' id='word_1_189' title='bbox 675 2827 720 2863; x_wconf 88' lang='grc' dir='ltr'>Β.</span> <span class='ocrx_word' id='word_1_190' title='bbox 831 2833 851 2852; x_wconf 76' lang='lat' dir='ltr'>X</span> <span class='ocrx_word' id='word_1_191' title='bbox 867 2828 1049 2874; x_wconf 75' lang='lat' dir='ltr'>pluribus]</span> <span class='ocrx_word' id='word_1_192' title='bbox 1069 2828 1237 2874; x_wconf 77' lang='lat' dir='ltr'>plurimis</span> <span class='ocrx_word' id='word_1_193' title='bbox 1255 2827 1301 2862; x_wconf 82' lang='lat' dir='ltr'>B.</span> <span class='ocrx_word' id='word_1_194' title='bbox 1385 2833 1403 2861; x_wconf 75' lang='lat' dir='ltr'>y</span> <span class='ocrx_word' id='word_1_195' title='bbox 1424 2826 1703 2873; x_wconf 77' lang='lat' dir='ltr'>Hymenaz&#39;cum]</span> <span class='ocrx_word' id='word_1_196' title='bbox 1733 2825 1793 2860; x_wconf 81' lang='lat' dir='ltr'>he-</span> 
     </span>
     <span class='ocr_line' id='line_1_34' title="bbox 342 2878 1790 2918; baseline -0.003 -2"><span class='ocrx_word' id='word_1_197' title='bbox 342 2883 520 2917; x_wconf 77' lang='lat' dir='ltr'>rencttiam</span> <span class='ocrx_word' id='word_1_198' title='bbox 541 2881 586 2918; x_wconf 87' lang='lat' dir='ltr'>B.</span> <span class='ocrx_word' id='word_1_199' title='bbox 606 2881 787 2916; x_wconf 75' lang='lat' dir='ltr'>irminz&#39;um</span> <span class='ocrx_word' id='word_1_200' title='bbox 799 2880 855 2915; x_wconf 90' lang='lat' dir='ltr'>M.</span> <span class='ocrx_word' id='word_1_201' title='bbox 879 2880 1165 2916; x_wconf 74' lang='lat' dir='ltr'>Hirminachiimi</span> <span class='ocrx_word' id='word_1_202' title='bbox 1186 2880 1308 2915; x_wconf 84' lang='lat' dir='ltr'>Perot.</span> <span class='ocrx_word' id='word_1_203' title='bbox 1331 2879 1624 2915; x_wconf 75' lang='lat' dir='ltr'>Hirmenachium</span> <span class='ocrx_word' id='word_1_204' title='bbox 1639 2878 1790 2914; x_wconf 84' lang='lat' dir='ltr'>Putsch.</span> 
     </span>
    </p>
   </div>
   <div class='ocr_carea' id='block_1_14' title="bbox 342 2932 859 2982">
    <p class='ocr_par' dir='ltr' id='par_1_17' title="bbox 342 2932 859 2982">
     <span class='ocr_line' id='line_1_35' title="bbox 342 2932 859 2982; baseline 0.002 -14"><span class='ocrx_word' id='word_1_205' title='bbox 342 2942 359 2960; x_wconf 81' lang='grc' dir='ltr'>Ζ</span> <span class='ocrx_word' id='word_1_206' title='bbox 375 2935 558 2982; x_wconf 73' lang='lat' dir='ltr'>personet]</span> <span class='ocrx_word' id='word_1_207' title='bbox 579 2940 749 2981; x_wconf 80' lang='lat' dir='ltr'>personat</span> <span class='ocrx_word' id='word_1_208' title='bbox 766 2932 859 2969; x_wconf 82' lang='lat' dir='ltr'>Call.</span> 
     </span>
    </p>
   </div>
  </div>
 </body>
</html>
