1962 3355
124 219 233 251 CAP.
260 214 335 250 21.
606 206 690 251 De
709 206 842 251 vitiis
863 222 1099 251 versuum.
1513 217 1568 265 91

124 325 251 378 ὅσσοι,
279 324 414 385 ὔμμιν,
439 324 538 370 ὅττι.
592 326 658 371 At
682 343 790 371 cum
817 325 984 372 Livius
1009 325 1309 372 Andronicus
1334 327 1578 389 praemisso

123 400 399 445 hexametro
441 399 711 461 hujusmodi
754 402 1003 446 subnectat
1041 417 1200 446 versus
1241 419 1323 463 per
1363 401 1577 448 ordinem

123 475 282 521 iambo
310 475 600 531 terminatos,
626 493 795 522 novam
834 477 991 539 potius
1030 477 1151 522 banc
1187 477 1409 539 speciem,
1435 495 1576 539 quam

122 551 294 613 μείουροι)
317 551 555 597 aestimant
580 569 784 608 versum,
805 561 851 598 et
877 551 1133 598 teliambon
1158 552 1412 615 appellant.
1450 553 1577 598 Nam
1599 569 1618 600 6

125 627 172 672 in
198 627 380 689 hymno
405 626 575 674 Dianae
612 627 738 691 apud
764 627 968 674 eundem
1001 627 1063 674 ita
1089 628 1397 674 inveniuntur
1433 628 1478 674 in
1516 629 1582 674 fa-

124 703 235 749 bula
259 703 424 758 Inone,

193 811 292 858 Sed
294 811 407 875 jam
430 828 673 873 purpureo
695 829 839 858 suras
862 811 1053 858 include
1077 817 1289 866 coturno,

190 887 399 934 Balteus
424 894 469 934 et
491 895 679 935 revocet
701 888 919 935 volucres
943 889 994 933 in
1011 894 1208 950 pectore
1231 888 1380 943 sinus,

193 965 466 1029 Pressaque
467 965 581 1030 jam
593 966 803 1029 gravida
824 966 1058 1026 crepitent
1078 964 1164 1010 tibi
1184 970 1325 1027 terga
1337 964 1586 1026 pharetra,

195 1041 380 1106 Dirige
401 1043 703 1106 odorisequos
728 1043 793 1088 ad
815 1048 948 1088 certa
969 1040 1145 1087 cubilia
1171 1057 1323 1086 canes.

128 1160 255 1206 Nam
282 1177 390 1206 cum
418 1161 705 1223 superiorem
732 1176 919 1206 versum
954 1160 1265 1223 Yplerumque
1290 1159 1494 1214 chorius,
1521 1177 1589 1204 se-
1611 1180 1625 1209 7

128 1245 352 1299 quentem
393 1236 579 1282 iambus
619 1236 888 1290 terminent,
931 1253 1024 1281 non
1065 1234 1267 1280 absurde
1306 1234 1591 1279 choriambi-

129 1332 231 1360 cam
270 1313 531 1359 clausulam
569 1312 694 1357 idem
738 1311 976 1358 affectasse
1016 1311 1062 1356 in
1103 1310 1338 1371 ejusmodi
1380 1309 1591 1355 modula-

129 1390 258 1437 tione
278 1389 552 1447 zdiceretur,
570 1408 624 1435 ea
650 1389 868 1436 videlicet
884 1388 1304 1451 contemplatione,
1325 1406 1418 1450 qua
1437 1387 1591 1432 avide-

130 1476 199 1512 ret
235 1466 526 1523 Homerum,
554 1467 736 1512 fontem
764 1475 905 1527 atque
941 1465 1171 1528 originem
1209 1464 1418 1510 metricae
1456 1463 1593 1509 disci-

130 1542 287 1606 plinae,
330 1560 422 1588 non
461 1552 648 1588 tantum
693 1542 738 1587 in
779 1542 964 1588 duobus
1006 1541 1294 1603 corpusculis
1335 1539 1509 1585 Iliados
1548 1549 1593 1585 et

131 1618 386 1682 bOdysseae
412 1618 486 1664 his
511 1619 721 1665 versibus
747 1618 986 1664 teliambis
1023 1617 1297 1678 frequenter
1328 1633 1484 1671 usum,
1512 1614 1590 1660 sed

131 1704 178 1740 et
202 1696 249 1740 in
276 1713 331 1741 eo
356 1695 566 1741 carmine
591 1695 694 1741 Ccui
720 1694 926 1757 Margite
958 1710 1132 1739 nomen
1159 1702 1243 1747 est,
1270 1691 1474 1738 eundem
1514 1691 1594 1736 he-

132 1772 222 1817 rois
265 1772 554 1818 hexametris
596 1771 833 1817 trimetros
873 1770 1103 1816 iambicos
1141 1768 1415 1830 dtamquam
1460 1785 1593 1831 pares

134 1865 333 1894 numero
359 1848 606 1894 miscuisse
631 1848 814 1903 viderit,
839 1864 931 1909 qua
962 1846 1141 1892 ratione
1176 1845 1222 1891 id
1262 1846 1304 1889 in
1332 1861 1472 1906 opere
1509 1861 1594 1888 suo

133 1924 313 1969 Livius.
383 1924 537 1969 Nobis
580 1933 756 1979 autem,
791 1923 965 1985 quibus
1004 1922 1079 1967 ein
1119 1922 1208 1967 isto
1241 1920 1350 1966 artis
1387 1919 1633 1965 metricaes

134 2000 477 2047 commentario
502 2000 663 2045 omnia
693 1998 966 2045 insinuandi
1001 2015 1123 2044 curae
1159 2015 1213 2042 ac
1250 1996 1391 2041 moris
1424 2004 1510 2051 est,
1537 2013 1595 2040 ne

134 2086 215 2123 aut
240 2094 322 2140 per
347 2076 651 2139 imperitiam,
678 2084 759 2121 aut
783 2074 1150 2138 fneglegentiam
1179 2072 1224 2118 id
1252 2070 1512 2135 praeterisse
1538 2071 1596 2116 ab

134 2152 528 2199 obtrectatoribus
554 2151 832 2207 diceremur,
857 2160 1115 2212 utrumque
1152 2166 1291 2212 super
1321 2147 1594 2209 hujusmodi

136 2227 407 2274 conditione
426 2245 645 2274 versuum
668 2228 845 2291 aperire
862 2237 1004 2288 atque
1020 2242 1297 2289 expromere
1316 2224 1365 2270 in
1386 2223 1597 2270 maximo

137 2322 277 2368 opere
303 2313 348 2350 et
373 2304 530 2351 studio
555 2305 692 2351 fuitg.

190 2450 208 2477 Υ
228 2441 452 2491 plerunque]
477 2442 693 2492 plerumque
713 2444 753 2479 P.
867 2450 883 2468 z
905 2441 1064 2489 dicetur]
1089 2441 1272 2477 diceretur
1291 2441 1332 2477 P.
1458 2445 1477 2465 a
1497 2438 1596 2474 vide-

138 2495 201 2543 rit]
226 2495 367 2530 videret
385 2496 425 2532 P.
508 2493 528 2521 b
549 2496 744 2545 Odysseae]
768 2495 936 2532 Odisseae
955 2496 994 2531 Ρ.
1088 2502 1103 2521 c
1124 2495 1200 2541 cui]
1222 2497 1327 2543 cujus
1348 2493 1391 2529 P.
1476 2490 1494 2517 d
1516 2500 1596 2527 tan-

136 2547 266 2600 quam]
292 2555 482 2596 tamquam
505 2549 545 2584 P.
656 2558 673 2577 e
694 2548 765 2585 isto
785 2548 840 2596 in]
865 2548 902 2584 in
924 2548 996 2584 isto
1017 2549 1057 2583 P.
1168 2546 1182 2572 f
1202 2545 1485 2597 negligentiam]
1509 2556 1595 2593 neg-

139 2602 337 2651 legentiarn
360 2602 398 2637 Ρ.
511 2609 532 2636 g
551 2601 660 2638 Marii
681 2601 864 2639 Victorini
887 2601 933 2637 de
956 2599 1125 2638 Metricis
1146 2599 1377 2636 didascalicis
1399 2598 1462 2634 lib.
1486 2599 1513 2633 1.
1536 2611 1597 2632 ex-

138 2654 241 2704 plicit
260 2654 425 2693 feliciter.
469 2655 610 2705 [ncipit
629 2655 722 2692 liber
741 2655 936 2692 secundus.
960 2656 998 2690 P.

823 2991 908 3026 N2
