1962 3355
106 219 211 251 CAP.
237 215 275 252 1.
594 204 651 251 de
674 204 854 250 Metris
881 201 1097 249 comicis.
1462 209 1553 248 381

106 333 133 353 ‘⁶
158 327 411 374 veniuntur
440 343 512 373 xx
548 337 628 373 aut
664 325 868 389 amplius
901 323 1215 388 syllabarum:
1255 322 1366 368 hinc
1400 322 1562 368 existi-

105 410 133 429 “
160 413 350 450 mantur
385 413 587 450 metrum
622 420 715 448 non
741 400 964 454 tenuisse,
991 416 1078 445 nec
1114 416 1196 445 sua
1231 399 1335 462 lege
1367 416 1563 463 compo-

105 486 132 505 “
159 480 319 525 suisse.
389 479 530 532 Quod
568 496 676 525 vero
715 477 771 524 ad
811 477 1062 531 clausulas,
1098 476 1146 522 id
1188 485 1258 521 est
1298 475 1563 522 minuscula

106 563 133 581 ‘⁶
159 557 276 611 cola,
316 557 535 620 pertinet,
574 564 689 618 quot
730 572 900 617 genera
941 570 1159 600 versuum
1201 561 1324 606 sunt,
1360 552 1559 598 totidem

105 639 132 658 ‘⁶
158 634 395 679 tmembra
440 651 524 697 pro
564 631 784 679 clausulis
826 631 936 695 poni
986 639 1199 695 possunt,
1235 639 1282 674 et
1321 629 1472 674 solent
1514 628 1562 674 in

105 716 132 735 ‘⁶
158 709 351 755 canticis
379 710 527 773 magis
553 727 694 772 quam
722 708 990 766 Vdiverbiis‚
1014 725 1118 770 quae
1144 725 1203 753 ex
1229 707 1442 753 trimetro
1464 724 1563 753 ma-

105 793 133 811 ⁸‘
159 786 228 848 gis
266 786 542 841 subsistunt,
568 785 802 841 collocari,
829 795 876 831 et
902 786 1142 849 praecipue
1180 784 1305 849 apud
1338 784 1560 831 Plautum

106 869 134 887 ‘⁶
159 870 205 907 et
231 861 454 908 Naevium
483 872 529 908 et
555 862 824 908 Afranium.
893 861 1020 907 Nam
1057 862 1105 907 hi
1145 861 1352 907 maxime
1378 878 1435 906 ex
1462 879 1564 908 om-

105 945 132 964 “
158 937 296 983 nibus
341 939 565 984 membris
603 956 839 995 versuum,
877 939 991 984 colis
1043 939 1100 984 ab
1138 938 1211 984 his
1249 938 1473 1001 separatis
1512 938 1564 983 li-

105 1022 133 1041 “
158 1025 317 1061 center
343 1016 411 1061 usi
437 1017 733 1076 reperiuntur
756 1016 804 1061 in
832 1015 1096 1061 clausulis.”

173 1090 307 1137 Idem
334 1091 606 1138 Victorinus
642 1090 687 1136 in
726 1090 858 1136 Walio
895 1091 998 1136 loco
1030 1090 1087 1136 de
1128 1090 1286 1136 iambo
1318 1090 1385 1136 sic
1417 1090 1562 1137 dicit:

106 1173 134 1193 ‘⁶
162 1167 469 1231 Improbatur
493 1177 650 1213 autem
686 1166 809 1230 apud
845 1167 1046 1229 tragicos
1074 1184 1231 1212 versus
1257 1184 1315 1213 ex
1340 1167 1565 1213 omnibus

107 1252 133 1270 “
159 1244 328 1290 iambis
355 1244 674 1308 compositust
714 1262 823 1290 nam
851 1261 946 1307 quo
971 1244 1031 1289 sit
1056 1243 1272 1307 amplior,
1297 1252 1343 1289 et
1367 1261 1452 1307 par
1475 1253 1566 1290 tra-

105 1327 133 1347 “
159 1321 274 1383 gicae
321 1320 556 1383 dignitati,
600 1320 910 1383 interponunt
949 1319 1241 1382 frequentius
1289 1320 1402 1366 locis
1448 1320 1567 1367 dun-

106 1403 132 1423 “
158 1406 291 1443 taxat
342 1397 603 1460 imparibus
663 1397 837 1460 pedum
887 1396 1265 1459 xdactylicorum
1318 1414 1470 1443 moras
1519 1406 1566 1444 et

106 1481 133 1500 ‘⁶
159 1473 440 1537 spondeum.
512 1473 743 1520 Similiter
774 1477 900 1537 apud
925 1473 1133 1520 comicos
1167 1474 1319 1520 laxius
1357 1475 1564 1538 spatium

107 1557 135 1577 ‘⁶
160 1550 323 1596 datum
357 1559 453 1596 est:
490 1568 599 1596 nam
637 1560 683 1597 et
721 1551 785 1596 illi
824 1551 940 1606 loca,
965 1569 1071 1614 quae
1110 1552 1296 1615 proprie
1332 1553 1566 1599 debentur

106 1632 133 1652 ‘⁶
160 1627 346 1681 iambis,
381 1627 602 1691 spondeis
635 1637 886 1691 occupant,
922 1627 1207 1692 dactyloque
1244 1638 1293 1675 et
1326 1638 1565 1693 anapaesto

106 1709 132 1729 “
158 1704 272 1750 locis
306 1704 502 1767 adaeque
527 1704 806 1768 disparibus.
876 1705 950 1751 Ita
975 1704 1087 1750 dum
1115 1705 1444 1767 quotidianum
1473 1723 1565 1752 ser-

107 1787 134 1807 “
162 1798 349 1827 monem
390 1782 563 1828 imitari
605 1783 834 1837 nituntur,
872 1791 1020 1828 metra
1062 1782 1227 1828 vitiant
1271 1782 1427 1829 studio
1469 1800 1563 1828 non

109 1865 135 1884 ‘⁶
162 1859 427 1920 imperitia:
454 1859 580 1921 quod
601 1859 894 1921 frequentius
921 1857 1044 1922 apud
1072 1868 1254 1904 nostros
1274 1877 1415 1921 quam
1439 1858 1563 1922 apud

108 1940 133 1960 ‘⁶
162 1934 352 1981 Graecos
378 1935 601 1981 invenies,
672 1936 861 1982 Genera
888 1944 1045 1981 autem
1073 1935 1262 1982 iambici
1293 1936 1426 1982 metri
1455 1946 1565 1982 sunt

108 2017 135 2037 ‘⁶
160 2010 283 2057 duo:
321 2028 430 2057 nam
469 2028 525 2057 ex
563 2011 618 2057 iis
652 2011 742 2058 alia
766 2011 962 2075 integra,
990 2011 1079 2058 alia
1115 2013 1297 2071 clauda,
1322 2031 1427 2076 quae
1468 2031 1565 2060 sca-

108 2094 135 2113 “
162 2096 302 2133 zonta
320 2105 400 2134 seu
425 2088 729 2135 Ycholiamba
747 2098 932 2143 vocant,
953 2098 1089 2135 sunt:
1127 2107 1328 2152 quorum
1350 2089 1566 2136 differen-

107 2169 133 2190 “
158 2164 273 2209 tiam
299 2164 568 2227 penultima
591 2183 750 2212 versus
787 2165 968 2229 syllaba
1005 2165 1363 2213 demonstrabit.
1432 2167 1562 2213 Nam

107 2247 135 2267 ‘⁶
160 2240 197 2286 si
236 2241 386 2286 brevis
413 2241 679 2304 contigerit,
700 2242 786 2287 erit
824 2252 1001 2289 rectum
1041 2252 1087 2288 et
1119 2244 1356 2307 integrum
1398 2243 1566 2290 iambi-

106 2323 132 2343 “
159 2335 283 2372 cum,
308 2316 388 2374 ita,

279 2398 306 2417 ‘⁶
336 2394 503 2449 Vigorz‘s
524 2394 629 2434 adde
649 2396 850 2435 concitum
872 2396 1039 2436 celerem
1055 2397 1215 2451 pedem.

107 2472 134 2492 ‘⁶
160 2465 243 2510 Sin
267 2482 374 2511 vero
398 2466 556 2527 longa,
581 2466 805 2513 delumbe
830 2476 877 2513 et
902 2467 1141 2526 claudum,
1167 2477 1219 2515 ut
1242 2478 1327 2525 est,
1378 2499 1380 2501 -

280 2546 307 2564 ‘⁶
328 2541 529 2583 Novitate
549 2542 696 2584 ductus
716 2558 800 2583 ‘non
821 2550 881 2585 est
899 2545 1058 2585 inscius
1078 2545 1201 2601 leg-is.

174 2620 200 2640 ‘⁶
227 2613 271 2660 le
312 2615 451 2677 longa
487 2633 594 2677 quae
631 2618 897 2680 penultima
938 2619 1180 2683 reperitur,
1219 2629 1423 2667 metrum
1466 2639 1567 2668 cor-

106 2696 133 2717 “
160 2690 355 2754 rumpit.
416 2691 577 2752 Hujus
603 2702 810 2757 repertor
838 2695 1116 2759 Hipponax.
1183 2698 1311 2744 Nam
1339 2716 1425 2762 pro
1450 2698 1566 2744 iam-

160 2829 176 2856 t
197 2830 381 2877 membra]
408 2837 527 2866 metra
548 2830 642 2867 Ven.
760 2839 780 2857 v
799 2832 994 2882 diverbiis]
1021 2834 1202 2871 deverbiis
1222 2837 1316 2872 Ven.
1443 2842 1473 2860 w
1493 2835 1565 2872 alio

109 2883 210 2930 loco]
233 2897 270 2933 p.
292 2884 375 2919 108.
486 2890 505 2909 X
525 2883 811 2933 dactylicorum]
834 2886 1065 2937 dactylorum
1086 2889 1182 2924 Ven.
1202 2888 1282 2925 Alcl.
1409 2895 1429 2923 Y
1447 2887 1566 2925 choli-

109 2937 236 2984 amba]
259 2936 448 2974 coriamba
468 2937 563 2973 Ven.
585 2936 667 2973 Ald.

1585 1110 1623 1132 10
