1962 3355
345 178 438 225 262
906 178 1066 226 Marii
1088 178 1245 226 Plotia·

342 300 469 347 roico
504 318 613 346 vero
653 310 763 346 sunt
801 301 1046 346 schemata
1087 298 1344 345 sexdecim.
1414 297 1542 343 Nam
1576 305 1800 359 quattuor

342 377 486 439 pedes
523 376 762 423 variantur
797 376 842 421 in
883 385 1156 421 tetrametro
1192 374 1396 430 heroico,
1414 373 1535 419 sicut
1567 372 1798 434 exemplis

342 452 635 507 docebimus,
671 452 729 498 de
772 452 989 498 bucolico
1030 450 1221 513 quidem
1265 458 1541 495 tetrametro
1582 466 1641 495 ex
1680 448 1799 493 libro

344 528 666 574 bucolicorum
705 528 775 573 vel
812 527 1157 589 georgicorum,
1188 525 1247 571 de
1280 525 1471 572 heroico
1512 542 1620 571 vero
1658 533 1798 570 tetra-

344 613 495 649 metro
520 603 578 649 de
602 603 731 648 omui
758 619 951 665 corpore
986 602 1189 664 Virgilii.

285 697 326 726 54
408 680 523 726 Tres
549 679 740 742 dactyli,
766 696 873 724 nam
903 688 1097 740 quartus
1122 686 1335 741 zsemper
1358 677 1589 741 dactylus,

577 756 674 796 Ulla
696 755 833 794 dolum
855 754 1121 804 meditantur,
1141 760 1255 794 amat
1275 754 1415 794 bonus.

342 829 457 874 Tres
483 827 678 891 spondei
704 837 751 872 et
774 827 1007 889 dactylus,
1032 836 1099 883 ut,

570 904 758 944 Mutabit
778 917 927 944 merces
948 904 1218 958 omnisfiret.

342 977 456 1024 Duo
481 977 672 1039 dactyli,
697 976 931 1041 spondeus
957 987 1004 1023 et
1029 977 1260 1040 dactylus,
1287 985 1382 1033 aut,

573 1055 685 1101 Quin
706 1068 787 1109 age
805 1055 841 1094 si
862 1054 963 1109 quid
983 1054 1105 1094 habes
1125 1055 1171 1093 in
1193 1067 1254 1093 me
1272 1067 1400 1093 mora.

344 1127 595 1190 Dactylus‚
620 1126 715 1173 duo
741 1127 954 1191 spondei,
977 1136 1025 1174 et
1049 1127 1281 1190 dactylus,
1305 1136 1373 1181 ut,

571 1203 741 1243 Judicio
761 1210 900 1244 nostro
921 1210 1084 1244 tantum
1106 1204 1191 1244 tibi.

345 1276 596 1339 Dactylus‚
621 1276 874 1339 spondeus,
898 1277 1130 1341 dactyluS,
1155 1285 1202 1323 et
1227 1276 1460 1340 dactylus,
1486 1285 1553 1332 ut,

573 1353 707 1393 Lenta
727 1354 957 1407 salixfoeto
968 1355 1110 1409 pecori
1133 1354 1247 1393 mihi.

344 1423 459 1469 Duo
484 1424 696 1488 spondei,
721 1425 953 1489 dactyluS,
978 1435 1045 1483 ut,

573 1502 635 1541 Et
655 1501 825 1556 longum
829 1503 1037 1556 fhrmose,
1062 1503 1166 1551 vale,
1188 1502 1287 1542 vale.

347 1572 611 1635 Spondens,
637 1573 731 1619 duo
757 1574 949 1638 dactyli,
972 1575 1201 1638 dactylus,

572 1651 634 1689 Et
654 1650 770 1690 nobis
792 1651 895 1690 idem
918 1651 1155 1691 Alcimedon
1176 1651 1271 1691 dno.

346 1721 614 1784 Spondeus‚
639 1722 871 1786 dactyluS,
896 1723 1133 1786 spondeus
1159 1734 1204 1770 et
1229 1724 1459 1786 dactyluS,
1486 1735 1551 1780 ut,

574 1798 634 1838 Et
654 1812 716 1837 me
738 1799 917 1839 Plzoebus
938 1805 1066 1849 amat,
1084 1800 1235 1840 Plzoebo
1257 1814 1349 1839 sua.

289 1887 327 1919 55
348 1869 426 1916 Sic
462 1888 573 1933 ergo
613 1871 881 1917 bucolicum
924 1872 1115 1934 quidem
1158 1881 1483 1917 tetrametrum
1528 1881 1636 1917 octo
1674 1871 1806 1917 sche-

350 1957 474 1992 mata
501 1947 659 2004 habet,
686 1948 881 2011 bquarto
907 1950 1026 2013 pede
1063 1967 1250 2012 semper
1274 1948 1506 2012 dactylus,
1526 1947 1690 1994 ceteris
1727 1948 1807 1993 tri-

349 2025 436 2069 bus
461 2024 662 2070 variatis.
725 2026 984 2073 Heroicum
1013 2044 1122 2072 vero
1148 2035 1495 2081 tetrametrum,
1521 2024 1736 2087 quamvis
1761 2033 1808 2069 et

348 2101 506 2162 ipsum
535 2112 760 2162 quattuor
786 2103 956 2148 habeat
992 2104 1135 2166 pedes
1160 2102 1421 2165 dactylicos
1459 2101 1580 2147 sicut
1604 2110 1649 2146 et
1675 2099 1808 2156 illud,

350 2186 510 2222 tamen
550 2178 791 2224 schemata
835 2179 978 2223 babet
1025 2178 1282 2233 sexdecim,
1322 2178 1544 2239 quoniam
1585 2186 1809 2238 quattuor

350 2252 493 2315 pedes
518 2253 681 2298 variati
720 2253 957 2299 sexdecim
998 2253 1241 2299 schemata
1277 2253 1471 2308 faciunt,
1496 2252 1622 2316 quod
1648 2268 1808 2297 exem-

350 2328 439 2391 plis
467 2327 759 2374 docebimus.

292 2416 332 2456 56
418 2405 657 2457 Quattuor
681 2404 874 2468 dactyli,
900 2415 968 2460 ut,

579 2482 653 2521 Sic
674 2482 746 2521 tibi
768 2481 883 2520 mella
906 2481 993 2520 dies
1014 2481 1167 2520 malum
1188 2482 1358 2534 itgferat.

351 2552 465 2598 Tres
489 2552 681 2616 dactyli,
707 2554 961 2618 spondeUS,
989 2564 1054 2609 ut,

586 2631 737 2684 Tityre
758 2637 802 2671 tu
820 2631 979 2686 patulae
998 2631 1198 2671 recubans
1218 2632 1306 2671 sub.

352 2700 467 2747 Duo
491 2701 684 2763 dactyli,
703 2702 798 2748 duo
825 2703 1038 2766 spondei,
1063 2712 1131 2760 ut,

586 2778 713 2817 Talia
733 2780 853 2818 saecla
874 2780 963 2819 suis
984 2779 1195 2819 dixerunt.

406 2906 423 2925 ²
443 2912 579 2946 semper
599 2913 673 2936 om.
698 2900 740 2935 L.
853 2908 871 2927 a
892 2907 930 2935 ut
950 2914 1024 2936 om.
1044 2901 1091 2936 L.
1208 2899 1228 2926 b
1248 2910 1381 2945 quarto
1403 2901 1497 2950 pede
1517 2913 1664 2949 semper
1683 2902 1806 2950 dacty-

352 2951 426 2998 lus]
451 2953 512 2989 Sic
533 2953 576 2988 L.
609 2959 737 3000 quarto
757 2966 893 3000 semper
912 2954 1055 3000 dactylo
1076 2953 1285 2989 Putschius.
