1962 3355
276 230 369 266 222
782 212 939 260 Marii
966 210 1210 259 Victorini
1533 220 1629 250 LIB.
1656 220 1721 250 1v.

502 431 641 482 CAP.
672 427 781 479 III.
827 428 912 478 De
938 425 1125 477 metris·
1152 419 1494 472 Horatianis.

343 570 468 615 Cum
505 567 649 613 sciam
692 564 739 610 in
776 561 982 609 secundo
1017 557 1274 612 volumine,
1308 556 1358 601 in
1393 573 1487 617 quo
1523 554 1581 599 de
1621 570 1726 616 pro-

278 644 455 707 totypis
491 640 796 688 tractavimus
829 653 1014 688 noveni,
1040 633 1197 678 omnia
1234 649 1316 676 nos
1358 642 1610 677 metrorum
1647 647 1728 689 ge.-

279 738 389 766 nera
431 719 518 764 sub
560 714 817 761 eorundem
866 709 1111 775 praeceptis
1154 718 1200 753 et
1240 707 1490 770 disciplina
1533 723 1729 767 conpre-

281 795 514 849 hendisse,
549 799 725 853 (neque
755 790 881 835 enim
919 786 1174 848 quicquam
1213 784 1269 830 ad
1307 795 1455 829 artem
1482 782 1727 828 metricam

280 871 519 935 pertinens
559 869 603 913 in
630 883 782 912 rerum
811 874 976 910 natura
1000 861 1222 925 repperiri
1260 860 1447 924 poterit,
1472 858 1597 922 quod
1634 875 1731 904 non

281 947 447 993 iisdem
473 945 540 990 uti
567 941 811 988 elementis
836 955 1004 984 novem
1029 937 1169 998 juxta
1193 937 1491 982 traditionem
1518 945 1728 980 veterum

281 1021 614 1081 investigatum
639 1016 989 1075 collectumque
1009 1013 1102 1071 sit,)
1123 1023 1281 1058 tamen
1299 1011 1518 1075 promissi
1539 1027 1732 1064 memor,

282 1097 407 1161 quod
445 1096 502 1141 de
541 1092 815 1140 Horatianis
864 1089 1023 1135 metris
1077 1088 1337 1152 specialiter
1395 1085 1733 1151 prosequendis

287 1192 440 1221 meam
486 1171 629 1218 fidem
678 1168 1038 1220 obstrinxeram,
1076 1183 1134 1211 ne
1175 1183 1258 1229 per
1298 1164 1648 1211 conniventiam
1688 1161 1735 1207 id

287 1249 545 1314 praeterisse
592 1262 771 1308 arguar,
812 1253 864 1289 ut
894 1251 1058 1305 potero
1095 1241 1278 1304 singula
1314 1258 1515 1303 quaeque
1547 1256 1736 1303 percur-

288 1344 386 1372 ram
415 1342 519 1386 quae
549 1331 706 1368 noster
742 1321 915 1383 lyricus
953 1336 1062 1364 cum
1099 1317 1262 1380 epodis
1299 1318 1508 1379 attigisse
1533 1316 1738 1362 dinosci-

288 1412 377 1447 tur.
446 1400 590 1445 Nunc
627 1397 754 1442 enim
792 1395 987 1458 singulis
1025 1394 1245 1455 singulas,
1271 1410 1397 1438 nunc
1422 1393 1554 1438 binas
1590 1391 1739 1454 gemi-

288 1478 360 1523 nis
386 1475 594 1522 versibus
621 1472 844 1527 subdidit,
871 1488 996 1516 nunc
1021 1470 1168 1515 tribus
1195 1487 1289 1514 uno
1314 1478 1552 1515 commate
1577 1468 1738 1532 epodis

288 1553 546 1617 respondit,
565 1551 844 1614 plerumque
872 1548 1008 1603 binis,
1026 1564 1187 1592 verum
1217 1546 1398 1592 diverso
1424 1546 1545 1591 inter
1571 1564 1618 1591 se
1644 1563 1741 1590 mc—

288 1642 360 1677 tro
386 1639 432 1675 et
456 1627 782 1690 conpositione
808 1624 1034 1686 figuratis.

255 1717 270 1737 ²
358 1706 515 1752 Prima
552 1703 694 1766 igitur
730 1700 941 1762 ejusdem
969 1699 1056 1744 ode
1093 1699 1367 1744 monocolos
1404 1697 1657 1754 inducitur,
1697 1695 1740 1741 id

291 1793 361 1829 est
402 1782 538 1828 unius
584 1779 716 1824 metri
759 1778 983 1839 qualitate.
1031 1774 1290 1836 conposita,
1334 1774 1412 1819 sed
1459 1784 1505 1819 et
1549 1791 1603 1818 ea
1639 1790 1743 1834 quae

293 1859 431 1905 unius
469 1855 651 1919 generis
689 1854 866 1899 habent
890 1852 992 1897 cola
1017 1850 1180 1896 eadem
1209 1850 1525 1913 appellatione
1550 1867 1745 1895 censen-

293 1945 382 1991 tur,
419 1934 571 1979 ὃίκωλοι
605 1940 763 1976 autem
797 1929 1014 1984 duorum,
1041 1927 1257 1973 similiter
1281 1927 1460 1989 τρίκωλω
1496 1927 1565 1971 vel
1605 1927 1747 1987 τετρά-

295 2024 409 2057 κωλοι
426 2010 568 2055 trium
592 2025 672 2053 seu
689 2016 913 2068 quattuor
937 2022 1160 2068 generum
1183 2003 1452 2049 diversitate
1471 2002 1746 2047 subsistunt.

259 2094 276 2122 3
299 2088 454 2133 Prima
479 2103 588 2147 ergo
614 2084 716 2139 ode,
742 2093 795 2128 ut
819 2082 1010 2144 quidam
1051 2089 1233 2143 putant,
1261 2098 1284 2124 a
1313 2088 1608 2142 pentametro
1645 2094 1750 2122 nas-

299 2164 434 2217 citur,
460 2178 542 2224 per
566 2159 933 2204 kdetractionem
973 2157 1163 2219 syllabae
1202 2156 1352 2201 brevis
1378 2173 1482 2216 quae
1519 2154 1605 2199 erit
1642 2162 1750 2198 ante

300 2237 632 2302 penultimam,
649 2234 907 2280 subsistens
935 2242 1084 2278 metro
1101 2231 1415 2294 Asclepiadeo
1439 2230 1751 2292 duodecasyl-

302 2316 423 2370 labo,
447 2322 513 2366 ut,

567 2375 807 2422 chrcenas
833 2373 987 2419 atacis
1012 2372 1134 2417 edite
1158 2371 1366 2434 regibus.

306 2464 396 2510 Alii
437 2463 692 2509 formatum
729 2460 775 2505 id
812 2469 1017 2505 metrum
1056 2466 1225 2520 putant
1266 2458 1324 2502 ab
1362 2457 1754 2521 hendecasyllabo

307 2559 388 2604 per
417 2538 729 2600 adjectionem
754 2536 893 2581 unius
913 2535 1120 2598 syllabae,
1136 2550 1228 2595 qua
1252 2532 1447 2596 dempta
1472 2535 1553 2579 fiet
1580 2533 1757 2579 hende-

305 2615 587 2679 casyllabus,
611 2621 677 2668 ut,

572 2688 813 2734 Jlaecenas
838 2686 992 2732 atavis
1017 2685 1140 2731 edite
1164 2687 1284 2748 regi.

270 2767 493 2814 4Feritur
537 2767 626 2810 hoc
665 2773 869 2809 metrum
913 2762 981 2807 vel
1030 2778 1112 2823 per
1159 2761 1366 2823 singulos
1411 2762 1570 2825 pedes,
1609 2772 1658 2808 ut
1700 2763 1759 2807 sit

674 2899 695 2926 k
716 2899 1000 2946 detractionem]
1026 2892 1320 2934 (letraiistionem
1344 2900 1382 2934 P.
