1962 3355
337 232 428 271 238
837 224 996 270 ,Μανὶἱ
1024 223 1269 270 Victorini
1597 238 1695 269 Lm.
1721 240 1787 271 1v.

335 344 500 408 piadea
520 345 746 409 spondeo,
765 354 817 390 ut
835 344 1030 398 ylllecoe,
1046 344 1231 390 duobus
1249 343 1562 389 Zchoriambis
1580 360 1670 389 oms
1686 351 1791 390 ata-

334 421 405 468 vis
422 421 573 467 aedite
589 438 656 478 re,
675 421 913 484 pyrrichio
925 420 1082 482 gibus.
1120 418 1359 482 Sapphica
1378 418 1788 482 hendecasyllaba,

335 497 525 558 epitrito
558 496 763 541 secundo
785 495 904 542 Jam
938 495 1058 541 satis
1092 495 1209 551 bter,
1247 494 1525 540 choriambo
1559 495 1630 540 ris
1664 496 1790 542 nivis

337 579 401 628 at,
427 571 624 617 bacchio
649 589 739 635 que
763 572 888 617 dirce.
932 570 1151 616 Dimetra
1176 568 1310 631 epica
1335 570 1604 627 acatalecta,
1628 570 1790 633 dacty-

335 649 406 694 lus
437 648 647 701 Terruit,
684 647 917 710 spondeus
944 645 1122 690 urbem.
1192 644 1427 706 Glyconia
1451 661 1556 706 quae
1592 654 1638 691 et
1661 646 1789 691 Ana-

334 723 559 776 creontia,
596 721 830 785 spondeus
871 720 956 766 Sic
991 727 1051 774 te,
1096 719 1425 765 cchoriambus
1468 719 1576 766 diva
1603 731 1789 782 potens,

333 797 638 862 pyrrhichius
685 795 846 858 Cypri.
904 794 1348 849 Ἑκκαιὸεκασύλλαβα
1383 794 1638 857 Sapphica,
1683 814 1788 858 quae

335 874 527 936 quidam
566 871 867 933 antispastica
895 870 1131 926 dixerunt,
1168 870 1402 934 spondeus
1438 871 1512 917 Tu
1535 889 1609 928 ne,
1634 872 1788 919 chori-

334 948 462 994 ambi
487 947 742 1010 qucesieris,
765 948 888 993 scire
923 943 1063 1010 mjfas
1096 963 1233 1010 quem
1270 947 1387 993 mihi
1417 964 1568 1009 quem,
1604 948 1790 1012 pyrrhi-

333 1024 470 1070 chius
492 1024 593 1069 tibi.
646 1023 795 1086 Epica
819 1023 1203 1085 περισσοσύλλαβα,
1220 1022 1392 1085 dactyli
1413 1022 1644 1081 Solvitur,
1664 1024 1790 1070 acris

334 1100 396 1157 hi,
433 1099 670 1162 spondeus
708 1116 803 1144 ems
827 1116 940 1162 gra,
963 1099 1180 1162 dactylus
1218 1106 1268 1145 ta
1304 1100 1420 1156 vice,
1446 1099 1638 1146 trochaei
1663 1100 1789 1147 veris

334 1183 380 1222 et
404 1175 598 1222 Favoni.
667 1174 903 1221 Trimetra
928 1175 1131 1221 iambica
1156 1175 1445 1232 catalectica,

469 1261 784 1324 Tralzuntqzce
807 1262 957 1307 siccas
982 1261 1237 1308 dmaclzinoe
1263 1262 1469 1308 carinas.

332 1349 669 1403 ePherecratia,
694 1348 929 1411 spondeus
964 1349 1130 1403 Grato,
1156 1347 1496 1405 fchoriambUS,
1515 1348 1683 1411 Pyrra
1701 1348 1788 1394 sub

332 1445 392 1473 an
424 1426 646 1489 (syllaba)
673 1432 760 1470 tro.
811 1424 1016 1487 Epicum
1046 1425 1394 1479 hexametrum,
1420 1423 1546 1485 quod
1575 1424 1789 1481 heroum,

432 1512 731 1558 Laudabunt
756 1511 844 1557 alii
868 1511 1050 1557 claram
1078 1512 1278 1558 Rhodon
1303 1518 1389 1557 aut
1413 1510 1703 1574 Mitylenen.

331 1599 538 1663 Epicum
566 1607 889 1643 tetrametrum
918 1599 1227 1644 acatalectum
1257 1598 1478 1655 gheroici,

466 1685 573 1731 Aut
598 1685 846 1747 Ephesum
873 1686 1127 1732 bimarisve
1157 1684 1390 1731 Corinthi.

334 1772 765 1833 (Chor)iambicum
806 1772 1059 1818 dimetrum
1101 1772 1446 1825 catalecticum,
1482 1770 1786 1816 choriambus

331 1848 491 1911 Lydia
518 1847 605 1903 dic,
624 1857 670 1892 et
700 1848 923 1893 bacchius
942 1865 1035 1909 per
1058 1865 1228 1894 omnes.
1299 1847 1693 1893 Choriambicum
1719 1856 1787 1892 te-

331 1932 608 1970 trametrum
631 1923 974 1977 catalecticum,
992 1923 1208 1986 epitritus
1229 1938 1266 1968 11
1295 1923 1406 1969 Hoc
1427 1924 1534 1969 deos
1552 1939 1623 1979 ve,
1641 1921 1789 1968 hcbo-

331 2000 497 2045 riambi
518 2017 571 2045 re
585 1999 793 2062 Sybarin
816 2016 900 2045 cur
924 1999 934 2028 i
937 2016 1185 2061 properas,
1202 1999 1427 2044 bacchius
1447 1998 1663 2044 amando.
1701 1997 1787 2044 Al-

332 2075 514 2121 caicum
545 2075 1011 2138 hendecasyllabum,
1035 2074 1208 2120 kiambi
1228 2074 1322 2120 duo
1343 2074 1490 2121 Vides
1509 2080 1562 2120 ut
1589 2073 1652 2130 αἱ,
1677 2091 1786 2119 cum

332 2151 512 2213 syllaba
537 2157 604 2206 ta,
629 2161 676 2195 et
701 2150 794 2195 duo
820 2150 995 2213 dactyli
1022 2157 1115 2196 stet
1151 2151 1257 2196 nice
1287 2150 1555 2196 candidum.
1620 2149 1789 2194 Dime-

330 2234 456 2270 trum
483 2225 742 2271 iambicum
769 2226 1220 2288 hypercatalectum,
1246 2226 1480 2290 spondeus
1505 2225 1646 2280 silc-af,
1672 2224 1788 2269 iam-

332 2301 419 2345 bus
456 2300 576 2356 laho,
614 2299 848 2364 spondeus
890 2307 1069 2356 rantes,
1101 2301 1288 2346 iambus
1322 2300 1545 2363 geluque.
1605 2298 1789 2344 Trime-

331 2384 456 2422 trum
500 2376 689 2439 epicum
733 2375 1184 2439 hypercatalectum,
1226 2375 1320 2421 duo
1367 2374 1541 2437 dactyli
1567 2373 1787 2439 flumina

384 2554 403 2582 y
422 2547 559 2594 Mecae]
583 2547 763 2601 Mgecenas
783 2548 823 2584 P.
956 2554 974 2573 Ζ
994 2547 1219 2584 choriambis
1240 2548 1322 2594 nas]
1348 2546 1481 2583 choriis
1503 2547 1543 2582 P.
1669 2552 1687 2571 a
1707 2554 1784 2582 ata-

331 2610 402 2658 vis]
428 2610 541 2646 atavis
561 2610 744 2660 pyrrichio
766 2610 804 2647 P.
933 2609 952 2637 b
973 2619 1028 2647 ter
1047 2610 1263 2647 choriambo
1289 2610 1336 2646 ris
1358 2609 1452 2645 nivis
1473 2618 1510 2645 at
1531 2608 1662 2645 bachio
1682 2610 1782 2657 quae]

333 2664 437 2699 terris
456 2662 583 2699 chorio
606 2663 701 2700 nivis
722 2663 875 2699 bacchio
895 2671 1007 2712 atque
1027 2665 1066 2699 Ρ.
1178 2670 1194 2689 c
1213 2663 1447 2700 choriambus
1468 2661 1568 2710 diva]
1593 2660 1674 2697 diva
1693 2663 1785 2698 cho-

330 2717 406 2751 rios
426 2717 467 2752 P.
601 2714 620 2742 d
641 2716 838 2762 machinae]
864 2716 1044 2752 machinae
1064 2715 1211 2752 iambici
1233 2717 1274 2752 P.
1406 2723 1421 2741 e
1443 2713 1675 2751 Pherecratia
1693 2715 1782 2760 etc.]

332 2769 499 2817 spondeo
528 2782 564 2818 g.
594 2769 721 2805 chorio
756 2770 798 2804 P.
823 2782 851 2805 s.
882 2781 914 2804 a.
938 2769 1172 2805 Pherecratia
1199 2770 1239 2806 P.
1367 2775 1387 2803 g
1421 2768 1576 2814 heroici]
1606 2768 1707 2803 heroi
1741 2768 1784 2803 P.

331 2819 353 2846 ¹1
373 2821 578 2857 choriambi
598 2835 634 2858 re
656 2821 828 2870 Sybarin]
852 2834 890 2857 re
911 2821 1064 2870 Sybarin
1085 2821 1321 2858 choriambus
1343 2822 1381 2856 P.
1559 2818 1569 2845 i
1590 2820 1780 2868 properes]

332 2886 506 2923 properas
527 2874 566 2909 P.
723 2872 744 2899 k
763 2873 876 2910 iambi
897 2875 985 2920 eto]
1009 2873 1121 2910 iambi
1143 2874 1216 2911 duo
1235 2874 1336 2910 vides
1356 2882 1396 2910 ut
1416 2873 1489 2909 alta
1509 2880 1584 2908 stet
1602 2884 1685 2908 cum
1708 2871 1782 2921 syl-

331 2925 413 2963 laba
435 2925 516 2963 nive
535 2935 571 2963 et
591 2927 665 2963 duo
685 2927 819 2976 dactyli
838 2927 1038 2963 candidum
1061 2928 1101 2962 P.
