1962 3355
126 204 224 232 cAP.
250 206 310 233 iv,
616 194 685 234 De
704 199 835 235 metro
857 195 1079 248 dactylico.
1499 196 1584 237 537

488 350 598 390 CAP.
621 350 699 389 IV.
759 349 827 389 De
847 354 975 389 metro
995 349 1213 405 dactylico.

181 437 367 478 Metrum
390 437 638 494 dactylicum
660 436 945 477 hexametrum
958 436 1173 477 inventum
1195 437 1387 493 primitus
1407 439 1460 479 ab
1473 441 1582 480 WOr-

121 503 229 558 pheo
252 505 402 545 Critias
430 503 585 555 asserit,
606 502 870 544 Democritus
899 518 923 544 a
955 503 1136 552 Musaeo,
1165 504 1391 546 xPersinus
1411 521 1435 546 a
1456 506 1580 554 Lino,

121 571 315 626 permulti
335 572 388 612 ab
410 573 611 621 Homero,
631 570 724 626 yqui
746 571 947 626 profecto,
969 586 1063 612 cum
1085 572 1257 612 heroum
1272 572 1382 614 facta
1402 575 1582 615 carmine

120 653 196 679 suo
225 639 431 695 explicare
451 639 586 690 vellet,
608 639 727 680 metri
758 639 900 694 hujuS‚
921 640 1035 694 quod
1065 640 1210 680 ceteris
1237 641 1432 682 omnibus
1460 641 1581 697 longe

119 705 334 761 pulchrius
353 706 581 761 celsiusque
603 716 677 755 est,
692 716 764 747 aut
786 715 970 761 repertor
989 716 1064 747 aut
1084 716 1193 748 certe
1212 707 1465 763 adprobator
1485 710 1579 750 fuit.

121 775 295 814 Constat
324 783 461 814 autem
495 784 671 814 metrum
704 773 953 829 dactylicum
981 774 1267 816 hexametrum
1298 775 1507 817 heroicum
1529 793 1578 818 ex
1600 790 1615 811 2

119 841 285 897 dactylo
311 851 352 881 et
384 841 557 896 spondio
579 841 642 881 vel
671 841 866 890 trochaeo,
888 842 945 882 ita
974 850 1020 882 ut
1047 842 1217 898 recipiat
1240 843 1460 899 spondium
1483 844 1581 885 locis

119 908 325 959 omnibus,
347 909 558 964 dactylum
589 908 687 949 locis
716 908 909 949 omnibus
938 919 1088 964 praeter
1120 910 1326 959 ultimum,
1350 912 1577 953 trochaeum

120 991 217 1016 vero
237 975 327 1016 loco
348 983 508 1016 tantum
532 975 692 1016 ultimo.
756 976 900 1031 Hujus
922 976 1157 1032 exemplum
1176 994 1184 1018 :

335 1044 471 1081 zArma
491 1046 676 1092 virumque
696 1058 796 1086 canc,
825 1044 939 1091 Trojoe
960 1048 1021 1092 qui
1036 1049 1177 1093 primus
1197 1049 1241 1083 ab
1263 1051 1346 1085 oris.

178 1108 365 1148 Metrum
387 1107 634 1164 dactylicum
658 1117 962 1163 pentametrum
989 1108 1157 1164 arecipit
1179 1109 1305 1165 pedes
1325 1111 1422 1152 hos:
1457 1126 1579 1168 spon-
1595 1131 1613 1160 ,3

117 1241 283 1290 Guelph.
301 1242 492 1283 omissam,
505 1241 722 1278 correctoris
745 1254 820 1277 ma-

120 1308 189 1331 nus
222 1294 367 1345 adjecit.
426 1294 550 1331 Facile
585 1296 708 1343 itaque
743 1294 818 1330 fieri

120 1347 256 1397 potuit,
294 1356 335 1384 ut
365 1348 582 1384 vocabulum
602 1349 817 1384 subdistinc-

119 1404 250 1437 tionem
278 1402 315 1436 iu
347 1401 441 1438 libro
476 1402 594 1438 Paris.
624 1401 812 1437 omittere-

118 1462 188 1490 tur.
219 1455 372 1491 HEUS.

171 1507 363 1555 wOrplzeo]
385 1506 568 1543 Similiter
579 1506 814 1544 Μαι-,Ψίθιο-

119 1560 220 1597 rinus
255 1563 337 1597 Art.
379 1562 538 1596 Gramm.
574 1562 602 1596 Ι.
644 1575 677 1609 p.
703 1572 816 1609 2494.

120 1614 206 1650 Hoc
225 1616 369 1662 quidam
391 1628 413 1649 a
432 1615 536 1657 Lino,
554 1616 732 1662 Apollinis
751 1628 815 1650 an-

119 1670 240 1710 tistite,
263 1669 327 1703 alii
347 1669 392 1704 ab
414 1669 567 1715 Orpheo,
590 1669 753 1703 nonnulli
773 1669 817 1703 ob

120 1722 278 1757 Homero
298 1723 478 1757 inventum
497 1727 640 1768 putant.
678 1721 815 1756 Linum

115 1779 233 1822 πρῶτον
253 1775 377 1821 εὑρετὴν
395 1777 516 1821 ῥυθμῶν
538 1776 593 1809 καὶ
622 1775 733 1820 μέλους
754 1787 814 1809 vo-

118 1836 178 1862 cat
225 1826 382 1863 Diodor.
432 1826 502 1863 Sic.
554 1828 624 1863 III.
662 1840 698 1876 p.
728 1828 815 1874 236.

118 1880 410 1917 RUHNKEN.

172 1940 188 1955 Χ
210 1935 399 1981 Persinus]
426 1933 640 1970 Temeraria
668 1932 815 1981 conjec-

118 1996 201 2023 tura
239 1987 276 2023 in
318 1988 488 2023 Perseum
531 1987 815 2036 grammaticum

117 2039 342 2077 incideram:
403 2040 466 2076 sed
506 2040 553 2076 ab
590 2040 816 2077 amicissimo

118 2094 210 2130 mihi
243 2092 469 2130 Ruhnkenio
503 2093 718 2130 admonitus
752 2107 815 2144 ag-

118 2160 231 2183 nosco
262 2148 464 2190 Feminam,
494 2146 711 2196 scriptorem
740 2148 813 2183 Or-

116 2200 282 2250 phicum.
315 2201 437 2250 Hujus
459 2199 676 2236 memoriam
699 2213 816 2251 prope

116 2253 339 2290 exstinctam
370 2253 557 2289 renovavit
589 2252 626 2289 in
656 2253 814 2290 adnota-

116 2307 220 2343 tione
257 2306 303 2343 ad
344 2306 537 2343 Pollucem
576 2307 649 2344 IX.
675 2319 738 2356 93.
778 2321 815 2357 p.

122 2360 234 2407 1076.
285 2359 371 2395 Tib.
407 2359 725 2403 Hemsterhusius‚
757 2360 815 2396 cui

117 2414 192 2449 viro
224 2421 261 2449 et
290 2412 397 2449 annis
427 2421 464 2449 et
494 2413 633 2449 meritis
663 2426 813 2450 venera-

115 2465 179 2502 bili
202 2475 388 2516 optamus‚
407 2475 446 2502 ut
466 2466 609 2515 placida
628 2475 739 2517 atque
760 2466 814 2502 hi—

115 2518 179 2555 lari
195 2526 389 2556 senectute
409 2519 627 2567 perfruatur.
658 2521 814 2557 HEUS.

170 2579 186 2603 y
221 2574 282 2619 qui
326 2571 487 2620 profecto
524 2585 603 2608 cum
645 2574 808 2622 heroum]

116 2626 178 2662 Sic
198 2625 396 2662 emendare
416 2638 491 2661 non
513 2625 677 2662 dubitavi
694 2626 811 2663 mani-

115 2678 250 2715 festum
277 2690 437 2714 errorem
467 2677 687 2727 scriptorum
711 2681 812 2716 codi-

115 2746 214 2774 cum,
250 2733 287 2767 in
318 2731 453 2780 quibus
483 2739 539 2767 est
566 2734 628 2779 qui
652 2732 815 2781 profecto

114 2797 331 2821 cumeorum.
389 2783 588 2833 Corruptio
614 2785 702 2822 inde
726 2794 814 2822 nata

84 2842 183 2880 'est,
214 2838 315 2887 quod
349 2837 517 2874 librarius
548 2837 679 2886 aliquis
712 2851 814 2875 more

116 2893 172 2927 sui
202 2891 325 2927 saeculi
355 2891 552 2941 scripserat
577 2904 657 2927 cum
678 2904 811 2928 eroum.

117 2946 175 2980 Ita
205 2944 241 2980 in
264 2945 349 2981 MS.
375 2943 541 2994 Guelph.
572 2957 687 2993 quum
716 2958 814 2995 saepe

874 1242 960 1279 alibi
990 1242 1112 1280 littera
1142 1246 1164 1280 h
1193 1246 1344 1287 omissa,
1382 1254 1461 1283 tum
1504 1248 1575 1284 hoc

875 1295 956 1346 ipsc
1005 1297 1124 1346 capite
1172 1304 1405 1342 exametrum,
1445 1313 1575 1342 omero,

875 1351 1198 1397 endecasyllabum,
1234 1354 1403 1394 cratium,
1445 1356 1574 1395 eroico,

872 1408 1120 1449 eptametrzim,
1150 1406 1292 1447 corinti,
1325 1408 1462 1449 croceis,
1498 1412 1574 1442 tro-

873 1468 933 1491 σεο
953 1457 1091 1505 scripta
1106 1466 1223 1494 erant.
1257 1459 1413 1495 HEUS.

926 1516 943 1535 Ζ
968 1512 1081 1546 Arma
1107 1512 1308 1559 virumque]
1345 1512 1573 1549 Grammati-

873 1575 938 1598 cus
969 1562 1101 1611 aliquis
1129 1565 1167 1599 in
1198 1566 1372 1601 omnibus
1396 1566 1573 1609 versibus,

874 1629 965 1664 quos
985 1616 1203 1653 Theodorus
1225 1628 1425 1655 metrorum
1451 1632 1573 1655 exem-

874 1669 934 1718 pla
953 1669 1116 1713 dederat,
1138 1671 1305 1721 singulos
1326 1672 1438 1721 pedes
1458 1672 1573 1708 inter-

873 1722 1006 1771 positis
1027 1725 1174 1772 punctis
1198 1728 1419 1774 sejunxerat.
1480 1726 1572 1761 Inde

872 1777 910 1811 in
941 1775 1069 1812 codice
1099 1778 1260 1826 Guelph.
1291 1787 1378 1814 ante
1409 1791 1570 1827 praesen-

858 1837 948 1879 utem
985 1829 1126 1879 Virgilii
1164 1844 1306 1867 versum
1345 1832 1484 1867 inserta
1518 1832 1569 1868 le—

872 1890 1013 1930 guntur
1034 1882 1104 1918 ista
1125 1885 1257 1920 verba:
1287 1886 1348 1920 De
1367 1891 1571 1921 atramento

872 1937 1021 1978 ηουθνὶε,
1043 1937 1167 1978 lector,
1190 1950 1259 1973 non
1280 1950 1389 1973 causa
1408 1951 1571 1975 sensumn

866 1994 1020 2036 punctos
1049 1991 1241 2033 adnotatos,
1262 1993 1323 2027 sed
1349 1993 1479 2038 pedum
1508 1994 1570 2028 (Ie-

871 2044 1107 2089 signationem
1146 2046 1328 2080 lustratos
1397 2046 1492 2081 Haec
1532 2047 1570 2081 in

872 2095 984 2132 Paris.
1033 2096 1085 2132 ita
1123 2106 1305 2147 concepta
1342 2106 1450 2134 sunt:
1511 2100 1572 2135 De

871 2154 1096 2185 atramentro
1116 2153 1265 2194 noveris,
1289 2152 1411 2194 lector,
1432 2154 1468 2186 in
1492 2164 1571 2188 ver-

870 2203 965 2238 sibus
1003 2209 1147 2239 cunctos
1184 2217 1254 2240 non
1292 2217 1400 2240 causa
1437 2218 1568 2246 sensuS,

870 2258 930 2291 sed
949 2259 1154 2300 scamiwis,
1177 2270 1247 2293 esse
1272 2259 1419 2305 positos,
1478 2259 1568 2294 Bar-

872 2308 948 2345 bari
968 2309 1132 2346 hominis
1162 2319 1270 2360 turpe
1295 2320 1568 2354 commentum,

872 2375 919 2398 ne
967 2376 1096 2412 puram
1135 2363 1324 2401 Theodori
1365 2364 1569 2401 dictionem

871 2416 1045 2466 contagio
1066 2417 1260 2466 pollueret,
1279 2419 1382 2454 uncis
1397 2421 1476 2467 jam
1495 2417 1569 2467 pri-

871 2469 956 2505 dem
986 2470 1209 2507 incluseram
1230 2486 1237 2507 ε
1270 2484 1370 2507 nunc
1392 2484 1486 2514 vero,
1509 2485 1568 2508 ac-

870 2522 1029 2559 cedente
1048 2524 1165 2561 celeb.
1188 2524 1405 2561 Ruhnkenii
1439 2533 1569 2562 aucto·

869 2575 991 2618 ritate,
1031 2590 1106 2614 una
1144 2591 1228 2614 cum
1269 2579 1420 2628 punctis
1462 2578 1566 2615 erasi.

925 2689 944 2709 a
977 2684 1120 2731 recipit]
1155 2685 1206 2720 Et
1237 2685 1309 2728 hic,
1340 2693 1377 2721 et
1405 2697 1442 2720 n.
1470 2696 1506 2731 4.
1531 2695 1565 2732 7.

876 2747 934 2782 13.
955 2749 1035 2784 cap.
1058 2737 1104 2773 V.
1127 2747 1161 2785 5.
1183 2738 1220 2774 6.
1246 2749 1278 2785 7.
1303 2739 1336 2774 8.
1364 2750 1376 2772 1
1394 2750 1419 2772 ι.
1451 2749 1507 2784 13.
1529 2737 1565 2772 in

869 2788 952 2824 MS.
975 2790 1137 2839 Guelph.
1160 2792 1239 2826 siue
1258 2790 1435 2827 varietate
1465 2790 1563 2839 lege-

871 2841 978 2877 batur
997 2845 1142 2890 recepit‚
1162 2844 1263 2893 quod
1285 2841 1421 2891 ubique
1446 2842 1483 2877 in
1508 2856 1564 2878 re-

869 2896 955 2942 cipit
974 2895 1126 2938 mutavi,
1142 2903 1331 2946 permotus
1345 2896 1459 2931 etiam
1475 2907 1566 2932 con-

871 2960 980 2984 sensu
1001 2947 1083 2986 libri
1103 2948 1332 2986 Parisiensis.
1384 2949 1537 2985 HEUS.

802 3008 869 3048 32
