1962 3355
170 177 279 210 CAP.
298 172 376 211 34.
596 163 681 209 De
702 178 924 210 versuum
943 163 1216 226 generibus.
1236 188 1239 191 ·
1524 173 1616 223 495

397 284 568 325 Fonteis
588 288 626 324 et
638 283 775 340 gelidi
796 291 1020 339 mperagro
1041 282 1152 323 vada
1154 282 1375 337 fluminis

169 356 266 402 Hic
300 356 602 420 perspicuum
630 364 700 402 est
737 372 886 402 unum
923 354 1096 419 pedem
1130 353 1308 412 deesse,
1334 373 1428 418 quo
1461 356 1620 403 minus

167 432 262 478 nsit
287 433 454 496 plenus
480 432 768 479 hexameter.

234 508 606 572 Heptametrum
642 509 888 555 heroicum
924 507 1024 553 fieri
1059 507 1207 553 solere
1239 506 1275 552 si
1307 505 1484 563 dixero,
1509 509 1621 555 ridi-
1638 527 1681 566 36

166 585 326 631 culum
355 585 640 647 quibusdam
665 577 917 639 videbitur,
942 583 1052 630 ⁰sed
1078 583 1177 645 ejus
1203 584 1480 647 exemplum
1512 585 1620 644 tale,

281 662 372 701 Clio
392 663 460 701 cui
479 662 590 702 dedit
610 662 829 718 ingenium
850 661 976 701 docile
995 666 1117 716 atque
1136 660 1308 699 libidine
1327 661 1522 701 vinctum.

231 734 555 781 OOSaturnium
599 735 646 781 in
689 735 915 781 honorem
955 733 1027 779 dei
1072 732 1269 779 Naevius
1308 733 1502 790 invenit,
1540 734 1619 781 ad·
1636 755 1676 787 37

163 808 262 856 dita
285 828 379 856 una
405 811 586 874 syllaba
611 810 668 857 ad
695 810 954 857 iambicum
983 827 1185 865 versum,
1213 810 1294 867 sic,

333 887 558 927 pSummas
578 901 673 942 opes
694 887 766 942 qui
786 900 934 941 regum
956 886 1100 941 regias
1120 887 1311 942 refregit.

164 957 297 1005 Huic
332 959 369 1006 si
411 959 574 1021 demas
615 960 833 1006 ultimam
874 959 1123 1023 syllabam,
1159 961 1248 1007 erit
1282 961 1529 1020 iambicus,
1558 962 1617 1009 de

161 1053 256 1098 quo
282 1054 405 1100 saepe
433 1046 748 1083 memoratum
775 1044 859 1083 est.

225 1113 511 1176 Angelicum
537 1123 761 1169 metrum,
788 1112 1025 1159 celeritate
1049 1112 1228 1158 nuntiis
1253 1121 1436 1175 aptum,
1460 1111 1617 1158 PPSte-
1634 1133 1675 1172 33

160 1189 372 1235 sichorus
409 1190 604 1237 invenit.
676 1190 836 1237 Unam
863 1190 990 1235 enim
1026 1189 1245 1236 ultimam
1279 1190 1511 1254 syllabam
1537 1189 1617 1236 de-

159 1266 302 1312 traxit
329 1267 620 1324 hexametro,
644 1276 691 1313 et
714 1267 826 1313 fecit
849 1267 958 1323 tale,

331 1344 500 1398 Optima
523 1344 709 1400 Calliope
729 1343 927 1383 miranda
938 1343 1216 1398 poematibus.

157 1416 376 1463 Restitue
401 1418 666 1479 quamlibet
700 1417 750 1463 in
786 1417 1007 1464 ultimam
1041 1416 1288 1480 syllabam,
1312 1424 1359 1462 et
1394 1415 1614 1480 implebis

158 1493 506 1540 hexametrum.

222 1570 491 1634 Priapeum,
512 1587 607 1633 quo
637 1570 866 1633 Virgilius
902 1570 951 1617 in
987 1569 1338 1635 prolusionibus
1370 1569 1464 1616 suis
1500 1588 1611 1617 usus
1630 1595 1673 1627 39

153 1647 258 1703 fuit,
278 1647 370 1693 tale
395 1654 481 1703 est,

325 1723 465 1762 Incidi
483 1723 676 1778 patulum
696 1724 743 1762 in
763 1736 942 1778 specum,
956 1723 1251 1778 procumbente
1272 1724 1449 1778 Priapo.

154 1796 287 1842 Prius
307 1814 496 1842 comma
514 1814 571 1842 ex
592 1795 831 1842 qinferiori
851 1805 982 1859 parte
1002 1795 1193 1842 iambici
1215 1796 1513 1859 supplebitur
1529 1796 1608 1853 sic,

323 1884 413 1924 Ibis
432 1884 650 1934 Liburnis,
666 1883 797 1924 incidi
811 1883 1008 1938 patulum
1029 1884 1075 1923 iri
1094 1896 1273 1938 specum.

206 2047 236 2066 m
258 2040 352 2076 vada
366 2040 530 2076 fluminis
551 2040 694 2087 accolo]
714 2053 872 2087 peragro
887 2040 1155 2089 vaclafluminis
1172 2039 1261 2075 AB.
1279 2040 1401 2075 accolo
1416 2052 1491 2076 om.
1510 2040 1605 2077 Ven.

152 2101 172 2119 n
192 2094 271 2140 fiat]
292 2095 343 2142 fit
364 2096 494 2141 pierius
515 2095 561 2130 A.
588 2096 634 2130 sit
655 2095 785 2141 plenus
805 2094 847 2129 Β.
864 2094 915 2142 fit
936 2093 1031 2130 Ven.
1090 2094 1209 2142 Supra
1237 2105 1308 2128 uno
1333 2095 1427 2140 pede
1451 2093 1543 2129 Ven.
1568 2101 1607 2130 et

151 2160 238 2182 mox
258 2148 349 2183 solet
368 2150 398 2182 si
417 2149 547 2183 dixere.
697 2154 716 2173 o
736 2147 800 2183 sed
820 2146 1032 2195 exemplum
1055 2145 1139 2182 tale.
1198 2145 1280 2182 Clio
1300 2145 1359 2182 cui
1379 2146 1480 2182 dedit
1501 2145 1606 2196 inge-

151 2199 251 2236 nium
274 2200 449 2237 demente
470 2199 830 2250 libidiuejunctum]
853 2202 914 2235 sed
942 2201 1019 2247 (sed
1037 2205 1090 2236 est
1114 2199 1176 2244 B.)
1202 2198 1277 2245 ejus
1297 2201 1496 2247 exemplum
1519 2201 1604 2236 tale.

148 2255 186 2289 in
215 2255 283 2290 elio
315 2255 450 2301 (iuelyo
471 2254 533 2300 B.)
565 2256 623 2289 cui
652 2255 749 2290 dedit
778 2255 959 2300 ingenium
988 2255 1102 2289 docile
1131 2258 1240 2301 atque
1272 2253 1418 2289 libidine
1446 2255 1605 2290 vinctum

152 2306 335 2353 (junctum
355 2307 419 2354 B.)
442 2308 534 2344 AB.
555 2312 589 2343 et
609 2308 703 2343 Ven.
726 2320 792 2356 pro
812 2309 983 2343 demente.
1145 2313 1184 2332 00
1206 2305 1420 2343 Venusinus
1440 2306 1602 2354 invenit]

150 2361 365 2396 Saturnium
391 2362 429 2395 in
455 2361 622 2396 honorem
648 2362 705 2396 dei
732 2361 876 2397 Noevius
895 2362 1030 2396 invenit
1050 2361 1175 2396 addita
1196 2373 1268 2396 una
1287 2361 1426 2407 syllaba
1448 2361 1495 2396 acl
1514 2361 1604 2396 iam-

149 2414 264 2448 bicum
289 2425 440 2449 versum.
468 2416 531 2455 sic,
554 2415 723 2451 Summas
747 2426 828 2462 opes
860 2416 922 2461 qui
949 2414 992 2449 B.
1046 2414 1115 2449 Sat
1140 2415 1175 2449 in
1209 2414 1374 2450 honorem
1406 2415 1464 2449 dei
1494 2426 1605 2450 venus

148 2466 244 2502 Ven.
355 2473 374 2501 P
394 2465 480 2502 Vid.
500 2467 591 2503 Atil.
613 2468 807 2503 Fortunat.
829 2480 939 2516 supra
959 2480 994 2516 p.
1010 2476 1101 2515 351.
1138 2482 1141 2486 ·
1243 2473 1285 2501 PP
1307 2467 1532 2503 Stesichorus
1551 2468 1605 2502 in·-

147 2522 253 2554 vem't.
287 2532 397 2555 unam
426 2521 518 2555 enim
546 2522 711 2556 ultimam
738 2521 915 2568 syllabam
947 2522 1106 2556 detraxit
1135 2525 1316 2556 exametro
1346 2526 1381 2556 et
1398 2520 1604 2569 facit-tale

147 2574 280 2619 optime
314 2571 427 2619 (fecit
456 2573 530 2608 tale
559 2575 691 2620 optima
718 2574 782 2621 A.)
817 2575 980 2622 Calliope
1008 2575 1176 2609 miranda
1203 2575 1428 2621 poematibus
1456 2576 1604 2610 restitue

146 2626 343 2673 quamlibet
365 2626 571 2672 (quemlibet
589 2627 654 2673 A.)
676 2628 713 2662 iri
733 2629 899 2663 ultimam
928 2628 1106 2674 syllabam
1131 2632 1166 2663 et
1192 2628 1352 2674 implebis
1381 2632 1602 2663 exametrum

143 2681 333 2726 priapeum
353 2690 422 2725 quo
447 2678 625 2726 Vergilius
650 2681 685 2714 iri
711 2681 977 2726 prolusionibus
1002 2683 1054 2716 vis
1085 2682 1175 2726 (suis
1195 2681 1259 2727 A.)
1291 2693 1374 2716 usus
1393 2681 1486 2727 fuit.
1529 2680 1603 2715 tale

146 2737 197 2768 est
227 2733 335 2767 incidi
357 2732 527 2779 patulum
555 2744 695 2779 specum
722 2732 776 2779 (iu
794 2746 935 2781 specum
956 2734 1019 2780 A.)
1041 2734 1135 2770 Α.Β.
1166 2746 1248 2783 quae
1280 2734 1356 2769 fere
1386 2734 1524 2769 absunt
1553 2732 1601 2768 ab

145 2785 229 2821 edd.
249 2792 340 2822 vett.
404 2785 655 2832 Terpsichorus
675 2787 810 2822 invenit
830 2799 938 2822 unam
965 2788 1055 2822 enim
1087 2788 1261 2834 syllabam
1294 2788 1460 2822 ultimam
1487 2786 1597 2821 hexa-

145 2844 258 2874 metro
279 2839 398 2887 cfficit,
421 2840 458 2873 icl
479 2839 551 2874 tale
570 2843 620 2874 est
640 2839 732 2874 Ven.
933 2847 953 2874 q
973 2839 1140 2876 inferiori
1160 2840 1280 2888 parte]
1304 2839 1473 2887 inferiore
1490 2843 1599 2885 parte

145 2893 287 2927 iambici
306 2893 349 2928 A.
372 2891 535 2940 inferiori
551 2897 659 2939 parte
678 2894 850 2928 exametri
871 2892 916 2927 B.
