1962 3355
160 171 266 203 CAP.
285 165 363 203 34.
584 154 668 200 De
690 170 914 200 ver-saum
933 152 1206 216 generibus.
1517 158 1608 198 503

158 275 292 321 bicus
318 274 527 338 wrecipit
557 290 728 320 novam
767 272 995 336 syllabam
1035 272 1094 317 ab
1130 270 1299 316 ultima
1331 269 1535 326 tertiam,
1560 278 1613 315 ut

158 351 306 415 possit
329 368 577 397 recurrere.

225 428 467 474 Iambicus
506 427 777 473 hexameter
807 426 878 481 fit,
903 441 1014 470 cum
1052 423 1213 469 iambo
1248 421 1542 478 terminatur,
1566 429 1613 467 et
1631 430 1672 463 60

161 505 214 549 fit
238 504 361 558 talis,

331 580 416 619 Per
438 580 578 620 varios
598 592 759 634 semper
778 583 957 618 currunt
977 589 1066 616 mea
1085 575 1273 615 carmina
1295 574 1445 614 modos.

160 652 209 698 Si
246 653 511 714 proximam
552 652 732 698 ultimae
771 651 999 715 syllabam
1043 647 1293 712 producas,
1331 647 1418 692 erit
1453 663 1612 692 versus

161 727 453 774 hexameter.
521 728 774 774 XDimeter
807 728 850 774 ἐκ
884 725 1037 773 τελείου
1074 725 1227 785 ἰάμβου
1258 733 1343 779 est,
1367 723 1404 770 si
1439 723 1609 770 faciam

159 804 330 850 talem:
370 804 586 850 carmina
609 804 780 850 modos.
849 803 1143 848 Tetrameter
1168 802 1211 848 ἐκ
1233 800 1387 847 τελείου
1410 801 1579 862 ἰάμβου,

332 882 533 921 Fulmina
554 881 732 921 nubibas
752 881 873 921 obvia
893 894 1038 920 moves.

161 955 209 1001 Si
248 964 369 1001 esset
401 955 448 1001 in
491 955 582 1001 hoe
607 955 831 1000 yverbum
860 961 1068 1018 torques,
1095 961 1216 999 esset
1249 959 1520 998 tetrameter
1553 967 1613 996 ex

161 1032 319 1078 heroo.
374 1032 673 1077 Pentameter
694 1031 790 1077 ΥῩέκ
814 1030 967 1076 τελείου
991 1030 1144 1089 ἰάμβου
1165 1029 1264 1075 fieri
1289 1037 1445 1093 potest
1469 1026 1591 1082 talis,

334 1116 350 1135 Ζ
364 1107 556 1162 Undique
576 1107 812 1147 nominibus
830 1120 934 1162 pons
954 1106 1113 1146 indicat
1132 1107 1248 1146 aiter.

161 1180 208 1226 Si
235 1180 350 1227 velis
385 1180 433 1225 in
470 1179 567 1225 imo
593 1185 727 1225 astra
763 1197 938 1243 ponere
974 1179 1055 1224 ubi
1092 1188 1164 1225 est
1187 1179 1296 1232 iter,
1320 1176 1463 1223 facies
1498 1193 1614 1240 pen-

161 1266 416 1303 tametrum
447 1257 642 1302 heroum
671 1272 727 1300 ex
753 1254 983 1300 inferiore.

229 1333 430 1379 Serenus
456 1331 568 1377 fecit
594 1329 867 1392 hujusmodi
893 1330 1119 1386 bverffllm,
1625 1336 1662 1368 61

278 1410 361 1456 Qui
381 1409 607 1464 navigium
627 1407 825 1447 ‘navicula
844 1407 989 1461 azgfhrs
1011 1407 1176 1446 Picenae
1195 1405 1408 1460 marginis
1426 1409 1530 1443 acta.

161 1481 386 1545 Superius
424 1498 614 1527 comma
654 1489 725 1525 est
759 1495 818 1525 ex
860 1480 1143 1544 anapaestico
1181 1477 1387 1534 chorico,
1421 1475 1481 1522 de
1521 1492 1616 1537 quo

164 1576 302 1622 supra
326 1557 505 1603 dictum
530 1565 615 1603 est.
686 1556 813 1602 Nam
843 1556 948 1613 hoe,

337 1636 420 1681 Qui
440 1635 666 1690 navigium
686 1633 884 1673 ‘navicula
902 1632 1062 1687 avfiers,

165 1708 318 1754 simile
344 1717 414 1753 est
441 1707 525 1762 illi,

335 1783 491 1823 Audax
509 1784 686 1823 nimium
708 1784 788 1837 qui·
789 1783 910 1836 freta
931 1781 1133 1836 Cprz‘mus.

166 1857 369 1904 Inferius
397 1865 555 1902 autem
582 1873 786 1910 comma,
811 1854 936 1916 quod
963 1863 1034 1900 est
1059 1854 1167 1909 tale,

337 1935 502 1973 Picena)
523 1933 735 1988 marginis
755 1937 863 1981 acta,

167 2007 319 2053 simile
344 2015 414 2052 est
440 2006 521 2062 illi,

219 2197 248 2215 w
269 2187 398 2238 recipit
426 2195 509 2237 post
536 2200 672 2223 nonam
698 2186 877 2236 syllabam
899 2185 1103 2222 intersitam
1127 2192 1166 2220 ut
1186 2183 1320 2233 possit]
1345 2185 1472 2232 recipit
1491 2195 1620 2219 novam

166 2243 332 2279 sillabam
353 2244 401 2277 act
433 2242 494 2288 (ab
519 2242 578 2288 Β.)
607 2242 735 2277 ultima
766 2242 908 2276 tertiam
940 2245 981 2275 ut
1005 2244 1125 2287 posset
1145 2239 1239 2274 AB.
1268 2240 1410 2274 tertiam
1432 2238 1526 2273 Ven.
1556 2235 1619 2272 ubi

167 2296 261 2332 infra
283 2298 536 2331 terminantur.
578 2296 628 2330 Et
648 2295 796 2341 si—per
814 2295 945 2329 varias.
1066 2302 1082 2319 x
1105 2293 1277 2328 Dimeter
1296 2305 1337 2327 ex
1359 2290 1421 2326 tali
1443 2289 1617 2326 iambico.

166 2348 338 2385 Fulmina
360 2348 521 2384 nubibus
542 2347 648 2384 obvia
676 2355 839 2383 manent.
890 2346 927 2382 Si
958 2354 1053 2382 esset
1079 2345 1115 2381 in
1146 2346 1218 2381 hoc
1247 2345 1396 2381 verbum
1428 2345 1613 2392 (torques)

168 2410 266 2438 esset
286 2409 500 2437 tetrameter
518 2414 560 2438 ex
582 2400 747 2447 heroico]
780 2401 821 2436 Si
842 2402 1045 2448 prozimum
1074 2401 1209 2435 uttimae
1236 2399 1411 2446 syllabam
1438 2399 1620 2445 producas

169 2457 237 2491 erit
256 2467 376 2491 versas
395 2460 586 2491 exameter.
647 2455 814 2490 Dtmeter
840 2466 881 2489 esc
909 2454 995 2489 teliu
1020 2455 1171 2490 iambum
1194 2457 1245 2488 est
1261 2453 1291 2487 si
1302 2451 1447 2499 factam
1476 2451 1620 2499 (facias

169 2509 232 2554 B.)
264 2510 369 2543 talem
399 2510 560 2542 carmina
585 2509 715 2544 medos.
753 2512 960 2543 tetrameter
990 2508 1121 2543 extelizt
1154 2505 1445 2554 iambuflumina
1471 2504 1619 2539 nubibas

169 2563 305 2598 obviam
340 2573 419 2596 oves
446 2562 475 2595 si
507 2565 619 2596 essent
654 2561 758 2604 (esset
789 2561 850 2607 B.)
885 2562 920 2596 in
955 2560 1020 2596 hoc
1052 2561 1158 2597 verbo
1190 2558 1493 2606 torques—heroo
1523 2557 1618 2593 AB.

168 2622 186 2649 y
206 2615 311 2650 verbo
332 2614 426 2650 Ven.
535 2620 575 2648 yy
595 2625 638 2648 ex
660 2612 724 2648 tali
744 2612 944 2661 iambicus]
976 2626 1019 2649 ex
1038 2616 1124 2650 teliu
1144 2613 1264 2648 iambu
1288 2612 1421 2659 (iambo
1442 2611 1505 2657 B.)
1525 2610 1617 2645 AB.

167 2675 186 2694 Ζ
208 2666 374 2716 undique
394 2667 439 2702 de
461 2665 674 2702 nominibus
694 2665 820 2714 ponis]
842 2668 1000 2713 undique
1018 2668 1216 2703 nominibus
1235 2678 1323 2713 pons
1343 2665 1386 2700 A.
1543 2668 1562 2688 a
1581 2668 1619 2697 et

169 2720 249 2756 vilis
270 2729 305 2757 et
326 2719 441 2755 immo
470 2727 569 2754 astro
599 2731 737 2766 ponere
758 2719 819 2754 ubi
840 2726 908 2755 est.
951 2719 1039 2755 item
1068 2720 1198 2767 facies]
1235 2721 1302 2755 iter
1324 2719 1354 2753 si
1376 2717 1461 2751 velis
1486 2716 1523 2750 in
1548 2716 1618 2749 imo

169 2776 393 2809 astra—iter
402 2772 524 2821 facies
545 2773 586 2807 A.
607 2773 675 2806 iter
693 2772 764 2807 sive
784 2773 890 2807 immo
910 2775 1134 2809 astra—iter
1141 2773 1263 2821 facies
1278 2772 1319 2806 Β.
1415 2766 1436 2794 b
1452 2766 1614 2812 versum]

169 2840 289 2863 versus
308 2828 356 2862 Ρ),
459 2831 476 2850 0
491 2824 643 2874 primus¹
673 2823 826 2860 inferius
846 2825 1012 2872 comma]
1036 2828 1146 2873 prius.
1179 2825 1329 2873 inferias
1348 2827 1463 2858 autem
1482 2831 1620 2855 comma

170 2881 261 2917 AB.
301 2880 391 2916 Mox
414 2890 549 2914 comma
570 2878 710 2924 quidem
733 2882 782 2913 est
803 2878 885 2913 talis
906 2877 1000 2913 Ven.
