1962 3355
382 241 409 278 3
418 240 443 289 7
452 242 477 278 2
840 231 996 278 Seruii
1023 231 1380 279 Centimetrum.

627 405 762 456 CAP.
794 404 862 454 V.
930 405 1014 456 De
1040 413 1205 455 metro
1232 401 1591 454 choriambico.

451 514 608 560 Metra
656 513 978 560 choriambica
1031 520 1248 558 constant
1303 509 1624 574 principaliter
1679 509 1833 556 chori-

385 592 553 644 amb03
592 607 753 635 verum
778 588 915 651 equia
942 587 1104 633 durius
1141 604 1225 633 suo
1261 586 1380 650 pede
1416 585 1732 639 fclauduntur,
1759 603 1833 631 ac·-

384 665 567 728 cipiunt
608 666 654 710 in
696 666 791 710 fine
833 662 1278 726 &amphibrachum.
1347 661 1441 708 Sed
1481 679 1539 708 ex
1586 659 1833 725 hplurimis

386 741 545 786 metris
565 748 789 802 quattuor
814 739 915 785 usui
943 738 1169 784 tradenda
1194 737 1385 799 subjeci.

352 832 359 850 ¹
449 815 851 877 Aristophanium
876 824 1060 861 constat
1085 823 1381 860 monometro
1405 822 1452 859 et
1476 811 1833 876 amphibrachO,

385 901 437 937 ut
461 904 530 937 est
555 891 661 947 hoc,

725 956 975 1010 Purpureus
997 961 1219 1010 tyrannus.

350 1067 364 1087 2
384 1050 771 1096 Anacreontium
796 1058 980 1096 constat
1004 1049 1206 1095 dimetro
1230 1058 1276 1095 et
1306 1047 1664 1111 amphibrachO,
1689 1056 1742 1093 ut
1765 1055 1836 1092 est

386 1126 493 1182 hoc,

619 1191 821 1246 Virgilius
841 1191 1027 1230 Mantua
1047 1204 1164 1245 quem
1184 1190 1350 1229 creavit.

345 1301 363 1329 3
383 1284 676 1346 Sapphicum
711 1294 896 1331 constat
939 1284 1152 1331 trimetro
1192 1292 1240 1329 et
1274 1282 1633 1347 amphibracho,
1673 1291 1723 1328 ut
1764 1290 1834 1328 est

386 1361 490 1415 hoc,

608 1437 849 1477 Dulcisonce
869 1437 1060 1477 Pierides
1081 1437 1436 1491 versificofavete.

345 1538 365 1566 4
389 1520 758 1567 Callimachium
794 1529 979 1567 constat
1012 1529 1285 1567 tetrametro
1321 1529 1367 1565 et
1403 1519 1759 1583 amphibracho,
1782 1526 1836 1564 ut

386 1607 457 1642 est
486 1597 589 1650 hoc,

440 1695 705 1749 Armipotens
721 1695 778 1734 M
776 1708 848 1734 ars
863 1694 1034 1749 genitor
1057 1693 1405 1741 *Romulidarmm
1423 1693 1580 1741 venias,
1594 1707 1832 1748 precamur.

620 1881 751 1931 CAP.
781 1879 880 1931 VI.
942 1882 1026 1932 De
1053 1889 1218 1931 metro
1244 1881 1602 1950 cmtispastico.

454 1998 611 2043 Metra
636 1996 940 2060 antispastica
964 1996 1287 2060 principaliter
1305 2008 1524 2044 constant
1549 1998 1836 2062 antispast03

386 2091 547 2120 verum
587 2091 712 2137 saepe
748 2073 900 2136 prima
932 2083 1078 2138 parte,
1114 2091 1205 2136 qua
1238 2074 1449 2120 iambum
1488 2083 1665 2130 tenent,
1701 2092 1839 2137 spon-

388 2150 529 2196 deum
568 2150 769 2195 libenter
807 2149 1062 2212 accipiunt.
1132 2149 1224 2195 Sed
1265 2168 1323 2196 ex
1364 2151 1580 2214 plurimis
1619 2160 1840 2213 quattuor

388 2226 490 2272 usui
518 2224 744 2270 tradenda
769 2225 961 2286 subjeci.

356 2314 364 2332 ¹
450 2300 710 2348 J'Pawicum
748 2310 932 2347 constat
970 2300 1184 2346 trimetro
1223 2302 1645 2365 brachycatalecto,
1681 2311 1734 2348 ut
1770 2312 1841 2348 est

392 2377 497 2433 hoc,

618 2441 763 2480 Fauni
783 2440 1005 2480 semideum
1026 2455 1178 2480 numen
1198 2441 1326 2481 mlest-

446 2571 462 2589 e
483 2564 584 2611 quia]
608 2565 702 2610 quod
721 2564 846 2599 durius
865 2568 915 2598 est
935 2576 1040 2610 quam
1061 2577 1124 2598 suo
1141 2565 1183 2600 B.
1206 2566 1289 2611 quia
1312 2570 1349 2599 ut
1367 2577 1430 2599 suo
1447 2565 1527 2602 Per.
1636 2564 1651 2592 f
1668 2567 1841 2602 claudun-

393 2618 468 2664 tur]
493 2618 711 2652 claudantur
731 2615 880 2651 Putsch.
903 2616 982 2652 Per.
1118 2624 1138 2651 g
1158 2618 1470 2664 amphibrachum]
1494 2620 1786 2666 amphibrachum
1807 2626 1842 2655 et

394 2670 576 2706 bacchium
592 2670 739 2705 Putsch.
761 2670 838 2704 Per.
860 2670 1140 2716 amphibrachyn
1161 2670 1266 2706 malit
1287 2670 1496 2708 Santenius.
1621 2671 1640 2698 1¹
1655 2674 1840 2720 plurimis]

393 2724 514 2759 multis
536 2723 582 2758 B.
606 2723 753 2758 Putsch.
859 2720 868 2747 i
892 2722 1184 2769 Romulidarum]
1211 2724 1357 2759 Romuli
1375 2726 1459 2760 <late
1481 2726 1526 2761 B.
1548 2738 1616 2761 ms.
1639 2725 1744 2761 Leid.
1768 2727 1842 2761 Ro-

392 2778 481 2812 muli
510 2778 556 2811 (la
585 2778 723 2812 veniam
746 2776 826 2811 Per.
853 2775 937 2810 Ald.
971 2776 1243 2811 Rcmzulz'darum
1271 2779 1410 2812 reniam
1435 2777 1529 2815 Call.
1559 2780 1737 2814 romulida
1765 2784 1842 2815 ten-

395 2832 468 2865 vias
489 2830 544 2865 M.
568 2830 799 2865 Romulidum
820 2834 858 2863 ut
879 2829 1029 2864 Putsch.
1189 2828 1201 2863 j
1234 2831 1426 2878 Panicum]
1455 2831 1515 2868 Sic
1545 2831 1639 2869 Call.
1671 2831 1753 2867 Ald.
1784 2832 1840 2867 M.

395 2884 594 2918 Phanicum
618 2883 661 2918 B.
693 2883 898 2918 Phanuium
921 2882 1068 2918 Putseh.
1102 2883 1305 2919 Phallicum
1327 2887 1424 2933 conj.
1448 2884 1656 2928 Santenius‚
1677 2885 1742 2921 sed
1770 2885 1838 2921 du-

394 2936 566 2972 bitanter.
