<?xml version="1.0" encoding="UTF-8"?>
<!DOCTYPE html PUBLIC "-//W3C//DTD XHTML 1.0 Transitional//EN"
    "http://www.w3.org/TR/xhtml1/DTD/xhtml1-transitional.dtd">
<html xmlns="http://www.w3.org/1999/xhtml" xml:lang="en" lang="en">
 <head>
  <title>
</title>
<meta http-equiv="Content-Type" content="text/html;charset=utf-8" />
  <meta name='ocr-system' content='tesseract 3.04.00' />
  <meta name='ocr-capabilities' content='ocr_page ocr_carea ocr_par ocr_line ocrx_word'/>
</head>
<body>
  <div class='ocr_page' id='page_1' title='image "./scriptoreslatini00gaisuoft_0233.png"; bbox 0 0 1962 3355; ppageno 0'>
   <div class='ocr_carea' id='block_1_1' title="bbox 106 215 1559 278">
    <p class='ocr_par' dir='ltr' id='par_1_1' title="bbox 106 215 1559 278">
     <span class='ocr_line' id='line_1_1' title="bbox 106 215 1559 278; baseline -0.003 -11"><span class='ocrx_word' id='word_1_1' title='bbox 106 234 213 267; x_wconf 80' lang='lat' dir='ltr'><strong>cAP.</strong></span> <span class='ocrx_word' id='word_1_2' title='bbox 235 230 274 266; x_wconf 90' lang='lat'>1.</span> <span class='ocrx_word' id='word_1_3' title='bbox 300 220 385 266; x_wconf 86' lang='lat' dir='ltr'>De</span> <span class='ocrx_word' id='word_1_4' title='bbox 408 218 630 266; x_wconf 76' lang='lat' dir='ltr'><em>connexis</em></span> <span class='ocrx_word' id='word_1_5' title='bbox 653 217 780 263; x_wconf 81' lang='lat' dir='ltr'>inter</span> <span class='ocrx_word' id='word_1_6' title='bbox 802 233 854 262; x_wconf 76' lang='lat' dir='ltr'>se</span> <span class='ocrx_word' id='word_1_7' title='bbox 877 223 1018 278; x_wconf 82' lang='lat' dir='ltr'>atque</span> <span class='ocrx_word' id='word_1_8' title='bbox 1041 215 1318 262; x_wconf 72' lang='lat' dir='ltr'>inconneoeis</span> <span class='ocrx_word' id='word_1_9' title='bbox 1343 215 1430 276; x_wconf 75' lang='lat'>850.</span> <span class='ocrx_word' id='word_1_10' title='bbox 1467 224 1559 262; x_wconf 84' lang='lat'>215</span> 
     </span>
    </p>
   </div>
   <div class='ocr_carea' id='block_1_2' title="bbox 108 335 1649 783">
    <p class='ocr_par' dir='ltr' id='par_1_2' title="bbox 108 335 1649 701">
     <span class='ocr_line' id='line_1_2' title="bbox 108 335 1566 404; baseline -0.004 -17"><span class='ocrx_word' id='word_1_11' title='bbox 108 341 342 387; x_wconf 80' lang='lat' dir='ltr'>trochaeus</span> <span class='ocrx_word' id='word_1_12' title='bbox 379 340 558 404; x_wconf 89' lang='lat' dir='ltr'>primus</span> <span class='ocrx_word' id='word_1_13' title='bbox 597 336 903 400; x_wconf 87' lang='lat' dir='ltr'>sequentibus</span> <span class='ocrx_word' id='word_1_14' title='bbox 942 335 1152 398; x_wconf 89' lang='lat' dir='ltr'>spondeo</span> <span class='ocrx_word' id='word_1_15' title='bbox 1183 345 1231 382; x_wconf 93' lang='lat' dir='ltr'>et</span> <span class='ocrx_word' id='word_1_16' title='bbox 1264 335 1454 398; x_wconf 85' lang='lat' dir='ltr'>dactylo</span> <span class='ocrx_word' id='word_1_17' title='bbox 1485 335 1566 381; x_wconf 89' lang='lat' dir='ltr'>de-</span> 
     </span>
     <span class='ocr_line' id='line_1_3' title="bbox 110 410 1565 475; baseline -0.004 -12"><span class='ocrx_word' id='word_1_18' title='bbox 110 416 222 463; x_wconf 87' lang='lat' dir='ltr'>hinc</span> <span class='ocrx_word' id='word_1_19' title='bbox 258 417 442 463; x_wconf 90' lang='lat' dir='ltr'>duobus</span> <span class='ocrx_word' id='word_1_20' title='bbox 475 414 692 462; x_wconf 83' lang='lat' dir='ltr'>trochaeis</span> <span class='ocrx_word' id='word_1_21' title='bbox 722 412 928 468; x_wconf 82' lang='lat' dir='ltr'>extimis,</span> <span class='ocrx_word' id='word_1_22' title='bbox 964 411 1135 475; x_wconf 80' lang='lat' dir='ltr'><strong>digesti</strong></span> <span class='ocrx_word' id='word_1_23' title='bbox 1168 411 1431 466; x_wconf 84' lang='lat' dir='ltr'>videantur,</span> <span class='ocrx_word' id='word_1_24' title='bbox 1467 410 1565 457; x_wconf 90' lang='lat' dir='ltr'>effi-</span> 
     </span>
     <span class='ocr_line' id='line_1_4' title="bbox 111 488 1649 556; baseline -0.005 -17"><span class='ocrx_word' id='word_1_25' title='bbox 111 494 287 539; x_wconf 80' lang='lat' dir='ltr'><strong>cientes</strong></span> <span class='ocrx_word' id='word_1_26' title='bbox 323 493 620 556; x_wconf 78' lang='lat' dir='ltr'>Sappliicum</span> <span class='ocrx_word' id='word_1_27' title='bbox 654 499 875 536; x_wconf 87' lang='lat' dir='ltr'>metrum.</span> <span class='ocrx_word' id='word_1_28' title='bbox 943 489 1171 551; x_wconf 89' lang='lat' dir='ltr'>Denique</span> <span class='ocrx_word' id='word_1_29' title='bbox 1210 498 1262 534; x_wconf 90' lang='lat' dir='ltr'>ut</span> <span class='ocrx_word' id='word_1_30' title='bbox 1298 488 1366 534; x_wconf 87' lang='lat' dir='ltr'>iin</span> <span class='ocrx_word' id='word_1_31' title='bbox 1409 505 1569 534; x_wconf 80' lang='lat' dir='ltr'>exem·</span> <span class='ocrx_word' id='word_1_32' title='bbox 1591 498 1649 530; x_wconf 90' lang='lat'>106</span> 
     </span>
     <span class='ocr_line' id='line_1_5' title="bbox 111 564 1571 631; baseline -0.003 -17"><span class='ocrx_word' id='word_1_33' title='bbox 111 568 243 631; x_wconf 86' lang='lat' dir='ltr'>plum</span> <span class='ocrx_word' id='word_1_34' title='bbox 272 569 529 614; x_wconf 58' lang='lat' dir='ltr'>trochaeum</span> <span class='ocrx_word' id='word_1_35' title='bbox 568 567 810 630; x_wconf 78' lang='lat' dir='ltr'>kseparem</span> <span class='ocrx_word' id='word_1_36' title='bbox 840 565 1103 622; x_wconf 80' lang='lat' dir='ltr'>afferamus,</span> <span class='ocrx_word' id='word_1_37' title='bbox 1129 566 1188 611; x_wconf 87' lang='lat' dir='ltr'>sit</span> <span class='ocrx_word' id='word_1_38' title='bbox 1212 582 1372 611; x_wconf 88' lang='lat' dir='ltr'>versus</span> <span class='ocrx_word' id='word_1_39' title='bbox 1407 564 1571 625; x_wconf 89' lang='lat' dir='ltr'>hujus-</span> 
     </span>
     <span class='ocr_line' id='line_1_6' title="bbox 114 644 259 701; baseline -0.007 -11"><span class='ocrx_word' id='word_1_40' title='bbox 114 644 259 701; x_wconf 85' lang='lat' dir='ltr'>modi,</span> 
     </span>
    </p>

    <p class='ocr_par' dir='ltr' id='par_1_3' title="bbox 317 716 1242 783">
     <span class='ocr_line' id='line_1_7' title="bbox 317 716 1242 783; baseline -0.003 -17"><span class='ocrx_word' id='word_1_41' title='bbox 317 721 573 766; x_wconf 70' lang='lat' dir='ltr'>Cursorem</span> <span class='ocrx_word' id='word_1_42' title='bbox 597 719 684 766; x_wconf 77' lang='lat' dir='ltr'>tibi</span> <span class='ocrx_word' id='word_1_43' title='bbox 707 718 856 765; x_wconf 79' lang='lat' dir='ltr'>vendo</span> <span class='ocrx_word' id='word_1_44' title='bbox 883 716 1016 783; x_wconf 63' lang='lat' dir='ltr'>Rzgfc</span> <span class='ocrx_word' id='word_1_45' title='bbox 1038 734 1242 773; x_wconf 78' lang='lat' dir='ltr'>servum,</span> 
     </span>
    </p>
   </div>
   <div class='ocr_carea' id='block_1_3' title="bbox 114 809 1576 1104">
    <p class='ocr_par' dir='ltr' id='par_1_4' title="bbox 114 809 1576 1104">
     <span class='ocr_line' id='line_1_8' title="bbox 114 809 1575 875; baseline -0.003 -17"><span class='ocrx_word' id='word_1_46' title='bbox 114 812 195 874; x_wconf 86' lang='lat' dir='ltr'>qui</span> <span class='ocrx_word' id='word_1_47' title='bbox 232 821 302 858; x_wconf 87' lang='lat' dir='ltr'>est</span> <span class='ocrx_word' id='word_1_48' title='bbox 329 812 599 858; x_wconf 75' lang='lat' dir='ltr'>Phalaecius.</span> <span class='ocrx_word' id='word_1_49' title='bbox 637 811 805 857; x_wconf 88' lang='lat' dir='ltr'>Cernis</span> <span class='ocrx_word' id='word_1_50' title='bbox 844 811 920 856; x_wconf 81' lang='lat' dir='ltr'>hic</span> <span class='ocrx_word' id='word_1_51' title='bbox 946 809 1079 875; x_wconf 63' lang='lat' dir='ltr'>vafe</span> <span class='ocrx_word' id='word_1_52' title='bbox 1106 811 1371 857; x_wconf 85' lang='lat' dir='ltr'>trocbaeum</span> <span class='ocrx_word' id='word_1_53' title='bbox 1409 827 1575 855; x_wconf 88' lang='lat' dir='ltr'>secun-</span> 
     </span>
     <span class='ocr_line' id='line_1_9' title="bbox 115 886 1575 949; baseline -0.002 -15"><span class='ocrx_word' id='word_1_54' title='bbox 115 888 228 934; x_wconf 90' lang='lat' dir='ltr'>dum</span> <span class='ocrx_word' id='word_1_55' title='bbox 258 890 316 934; x_wconf 89' lang='lat' dir='ltr'>ab</span> <span class='ocrx_word' id='word_1_56' title='bbox 342 888 512 934; x_wconf 90' lang='lat' dir='ltr'>ultimo</span> <span class='ocrx_word' id='word_1_57' title='bbox 538 888 654 933; x_wconf 86' lang='lat' dir='ltr'>nulli</span> <span class='ocrx_word' id='word_1_58' title='bbox 685 888 936 944; x_wconf 75' lang='lat' dir='ltr'>cohaerere,</span> <span class='ocrx_word' id='word_1_59' title='bbox 958 905 1101 949; x_wconf 88' lang='lat' dir='ltr'>quem</span> <span class='ocrx_word' id='word_1_60' title='bbox 1141 888 1240 933; x_wconf 90' lang='lat' dir='ltr'>sine</span> <span class='ocrx_word' id='word_1_61' title='bbox 1278 886 1575 932; x_wconf 86' lang='lat' dir='ltr'>mutilatione</span> 
     </span>
     <span class='ocr_line' id='line_1_10' title="bbox 115 963 1576 1028; baseline -0.001 -18"><span class='ocrx_word' id='word_1_62' title='bbox 115 982 274 1010; x_wconf 88' lang='lat' dir='ltr'>versus</span> <span class='ocrx_word' id='word_1_63' title='bbox 313 974 393 1010; x_wconf 83' lang='lat' dir='ltr'>aut</span> <span class='ocrx_word' id='word_1_64' title='bbox 427 964 564 1010; x_wconf 81' lang='lat' dir='ltr'>metri</span> <span class='ocrx_word' id='word_1_65' title='bbox 608 963 777 1027; x_wconf 87' lang='lat' dir='ltr'>lpossis</span> <span class='ocrx_word' id='word_1_66' title='bbox 815 965 979 1010; x_wconf 83' lang='lat' dir='ltr'>tollere</span> <span class='ocrx_word' id='word_1_67' title='bbox 1022 982 1102 1010; x_wconf 87' lang='lat' dir='ltr'>seu</span> <span class='ocrx_word' id='word_1_68' title='bbox 1140 982 1329 1028; x_wconf 82' lang='lat' dir='ltr'>ponere,</span> <span class='ocrx_word' id='word_1_69' title='bbox 1371 963 1493 1026; x_wconf 85' lang='lat' dir='ltr'>¹1¹qui</span> <span class='ocrx_word' id='word_1_70' title='bbox 1538 963 1576 1009; x_wconf 89' lang='lat' dir='ltr'>si</span> 
     </span>
     <span class='ocr_line' id='line_1_11' title="bbox 117 1038 1575 1104; baseline -0.001 -19"><span class='ocrx_word' id='word_1_71' title='bbox 117 1050 416 1104; x_wconf 82' lang='lat' dir='ltr'>praeponatur</span> <span class='ocrx_word' id='word_1_72' title='bbox 443 1040 609 1094; x_wconf 84' lang='lat' dir='ltr'>versui,</span> <span class='ocrx_word' id='word_1_73' title='bbox 638 1040 909 1101; x_wconf 83' lang='lat' dir='ltr'>hujusmodi</span> <span class='ocrx_word' id='word_1_74' title='bbox 936 1040 1139 1086; x_wconf 80' lang='lat' dir='ltr'>formam</span> <span class='ocrx_word' id='word_1_75' title='bbox 1169 1038 1575 1102; x_wconf 80' lang='lat' dir='ltr'>hendecasyllabis</span> 
     </span>
    </p>
   </div>
   <div class='ocr_carea' id='block_1_4' title="bbox 117 1116 262 1174">
    <p class='ocr_par' dir='ltr' id='par_1_5' title="bbox 117 1116 262 1174">
     <span class='ocr_line' id='line_1_12' title="bbox 117 1116 262 1174; baseline 0.007 -12"><span class='ocrx_word' id='word_1_76' title='bbox 117 1116 262 1174; x_wconf 84' lang='lat' dir='ltr'>dabit,</span> 
     </span>
    </p>
   </div>
   <div class='ocr_carea' id='block_1_5' title="bbox 120 1180 1665 1671">
    <p class='ocr_par' dir='ltr' id='par_1_6' title="bbox 120 1180 1224 1332">
     <span class='ocr_line' id='line_1_13' title="bbox 316 1180 1224 1245; baseline -0.002 -17"><span class='ocrx_word' id='word_1_77' title='bbox 316 1180 450 1245; x_wconf 51' lang='lat' dir='ltr'>Rufe</span> <span class='ocrx_word' id='word_1_78' title='bbox 476 1199 713 1228; x_wconf 73' lang='lat' dir='ltr'><em>cursorem</em></span> <span class='ocrx_word' id='word_1_79' title='bbox 739 1182 826 1227; x_wconf 74' lang='lat' dir='ltr'>tibi</span> <span class='ocrx_word' id='word_1_80' title='bbox 848 1182 997 1227; x_wconf 72' lang='lat' dir='ltr'>vendo</span> <span class='ocrx_word' id='word_1_81' title='bbox 1020 1198 1224 1235; x_wconf 75' lang='lat' dir='ltr'>servum,</span> 
     </span>
     <span class='ocr_line' id='line_1_14' title="bbox 120 1268 689 1332; baseline -0.005 -17"><span class='ocrx_word' id='word_1_82' title='bbox 120 1279 174 1315; x_wconf 85' lang='lat' dir='ltr'>ut</span> <span class='ocrx_word' id='word_1_83' title='bbox 198 1278 269 1315; x_wconf 87' lang='lat' dir='ltr'>est</span> <span class='ocrx_word' id='word_1_84' title='bbox 294 1268 419 1332; x_wconf 90' lang='lat' dir='ltr'>apud</span> <span class='ocrx_word' id='word_1_85' title='bbox 446 1268 689 1324; x_wconf 83' lang='lat' dir='ltr'>Flaccum,</span> 
     </span>
    </p>

    <p class='ocr_par' dir='ltr' id='par_1_7' title="bbox 121 1359 1665 1671">
     <span class='ocr_line' id='line_1_15' title="bbox 317 1359 1228 1423; baseline -0.002 -16"><span class='ocrx_word' id='word_1_86' title='bbox 317 1361 440 1407; x_wconf 62' lang='lat' dir='ltr'>‚Iam</span> <span class='ocrx_word' id='word_1_87' title='bbox 464 1361 585 1407; x_wconf 75' lang='lat' dir='ltr'>Satis</span> <span class='ocrx_word' id='word_1_88' title='bbox 610 1360 753 1406; x_wconf 76' lang='lat' dir='ltr'>terris</span> <span class='ocrx_word' id='word_1_89' title='bbox 775 1361 901 1406; x_wconf 75' lang='lat' dir='ltr'>nivis</span> <span class='ocrx_word' id='word_1_90' title='bbox 925 1366 1070 1423; x_wconf 81' lang='lat' dir='ltr'>atque</span> <span class='ocrx_word' id='word_1_91' title='bbox 1095 1359 1228 1414; x_wconf 77' lang='lat' dir='ltr'>diroe,</span> 
     </span>
     <span class='ocr_line' id='line_1_16' title="bbox 121 1451 1580 1519; baseline -0.003 -18"><span class='ocrx_word' id='word_1_92' title='bbox 121 1456 201 1519; x_wconf 91' lang='lat' dir='ltr'>qui</span> <span class='ocrx_word' id='word_1_93' title='bbox 227 1464 298 1501; x_wconf 87' lang='lat' dir='ltr'>est</span> <span class='ocrx_word' id='word_1_94' title='bbox 324 1454 619 1519; x_wconf 84' lang='lat' dir='ltr'>Sapphicus:</span> <span class='ocrx_word' id='word_1_95' title='bbox 657 1471 799 1517; x_wconf 91' lang='lat' dir='ltr'>quem</span> <span class='ocrx_word' id='word_1_96' title='bbox 828 1453 1089 1499; x_wconf 80' lang='lat' dir='ltr'>trochaeum</span> <span class='ocrx_word' id='word_1_97' title='bbox 1117 1452 1153 1498; x_wconf 91' lang='lat' dir='ltr'>si</span> <span class='ocrx_word' id='word_1_98' title='bbox 1179 1451 1235 1498; x_wconf 87' lang='lat' dir='ltr'>ad</span> <span class='ocrx_word' id='word_1_99' title='bbox 1262 1451 1421 1497; x_wconf 88' lang='lat' dir='ltr'>sedem</span> <span class='ocrx_word' id='word_1_100' title='bbox 1449 1468 1580 1497; x_wconf 90' lang='lat' dir='ltr'>suam</span> 
     </span>
     <span class='ocr_line' id='line_1_17' title="bbox 121 1528 1665 1592; baseline -0.005 -14"><span class='ocrx_word' id='word_1_101' title='bbox 121 1531 424 1587; x_wconf 80' lang='lat' dir='ltr'>revocaveris,</span> <span class='ocrx_word' id='word_1_102' title='bbox 450 1529 736 1576; x_wconf 80' lang='lat' dir='ltr'>Plialaecium</span> <span class='ocrx_word' id='word_1_103' title='bbox 766 1547 821 1575; x_wconf 84' lang='lat' dir='ltr'>ex</span> <span class='ocrx_word' id='word_1_104' title='bbox 851 1528 1093 1592; x_wconf 88' lang='lat' dir='ltr'>Sapphico</span> <span class='ocrx_word' id='word_1_105' title='bbox 1118 1546 1275 1575; x_wconf 82' lang='lat' dir='ltr'>rursus</span> <span class='ocrx_word' id='word_1_106' title='bbox 1294 1528 1481 1574; x_wconf 87' lang='lat' dir='ltr'>efficies.</span> <span class='ocrx_word' id='word_1_107' title='bbox 1520 1528 1585 1574; x_wconf 88' lang='lat' dir='ltr'>Et</span> <span class='ocrx_word' id='word_1_108' title='bbox 1608 1548 1665 1579; x_wconf 90' lang='lat'>107</span> 
     </span>
     <span class='ocr_line' id='line_1_18' title="bbox 125 1604 1587 1671; baseline -0.003 -17"><span class='ocrx_word' id='word_1_109' title='bbox 125 1617 177 1654; x_wconf 87' lang='lat' dir='ltr'>ut</span> <span class='ocrx_word' id='word_1_110' title='bbox 201 1625 285 1671; x_wconf 84' lang='lat' dir='ltr'>per</span> <span class='ocrx_word' id='word_1_111' title='bbox 308 1607 522 1653; x_wconf 86' lang='lat' dir='ltr'>ordinem</span> <span class='ocrx_word' id='word_1_112' title='bbox 550 1607 758 1670; x_wconf 88' lang='lat' dir='ltr'>ipsorum</span> <span class='ocrx_word' id='word_1_113' title='bbox 787 1605 1103 1652; x_wconf 80' lang='lat' dir='ltr'>trochaeorum</span> <span class='ocrx_word' id='word_1_114' title='bbox 1122 1605 1263 1666; x_wconf 83' lang='lat' dir='ltr'>juxta</span> <span class='ocrx_word' id='word_1_115' title='bbox 1282 1604 1434 1667; x_wconf 83' lang='lat' dir='ltr'>legem</span> <span class='ocrx_word' id='word_1_116' title='bbox 1466 1605 1587 1651; x_wconf 83' lang='lat' dir='ltr'>Pha-</span> 
     </span>
    </p>
   </div>
   <div class='ocr_carea' id='block_1_6' title="bbox 123 1681 1588 1745">
    <p class='ocr_par' dir='ltr' id='par_1_8' title="bbox 123 1681 1588 1745">
     <span class='ocr_line' id='line_1_19' title="bbox 123 1681 1588 1745; baseline -0.002 -16"><span class='ocrx_word' id='word_1_117' title='bbox 123 1683 240 1730; x_wconf 87' lang='lat' dir='ltr'>laecii</span> <span class='ocrx_word' id='word_1_118' title='bbox 271 1701 295 1728; x_wconf 95' lang='lat' dir='ltr'>e</span> <span class='ocrx_word' id='word_1_119' title='bbox 320 1682 609 1729; x_wconf 79' lang='lat' dir='ltr'>carminibus</span> <span class='ocrx_word' id='word_1_120' title='bbox 646 1681 803 1728; x_wconf 87' lang='lat' dir='ltr'>Flacci</span> <span class='ocrx_word' id='word_1_121' title='bbox 836 1682 1054 1745; x_wconf 86' lang='lat' dir='ltr'>exempla</span> <span class='ocrx_word' id='word_1_122' title='bbox 1085 1682 1393 1745; x_wconf 86' lang='lat' dir='ltr'>proferamus,</span> <span class='ocrx_word' id='word_1_123' title='bbox 1420 1681 1479 1727; x_wconf 89' lang='lat' dir='ltr'>sit</span> <span class='ocrx_word' id='word_1_124' title='bbox 1504 1699 1588 1727; x_wconf 93' lang='lat' dir='ltr'>no-</span> 
     </span>
    </p>
   </div>
   <div class='ocr_carea' id='block_1_7' title="bbox 127 1757 1588 1890">
    <p class='ocr_par' dir='ltr' id='par_1_9' title="bbox 127 1757 1588 1890">
     <span class='ocr_line' id='line_1_20' title="bbox 127 1757 1588 1822; baseline -0.001 -18"><span class='ocrx_word' id='word_1_125' title='bbox 127 1759 196 1805; x_wconf 89' lang='lat' dir='ltr'>bis</span> <span class='ocrx_word' id='word_1_126' title='bbox 235 1759 311 1804; x_wconf 89' lang='lat' dir='ltr'>ille</span> <span class='ocrx_word' id='word_1_127' title='bbox 337 1776 512 1816; x_wconf 85' lang='lat' dir='ltr'>versus,</span> <span class='ocrx_word' id='word_1_128' title='bbox 539 1759 619 1820; x_wconf 89' lang='lat' dir='ltr'>qui</span> <span class='ocrx_word' id='word_1_129' title='bbox 645 1767 714 1804; x_wconf 90' lang='lat' dir='ltr'>est</span> <span class='ocrx_word' id='word_1_130' title='bbox 739 1758 922 1822; x_wconf 87' lang='lat' dir='ltr'>primus</span> <span class='ocrx_word' id='word_1_131' title='bbox 949 1758 1073 1821; x_wconf 91' lang='lat' dir='ltr'>apud</span> <span class='ocrx_word' id='word_1_132' title='bbox 1099 1758 1306 1805; x_wconf 88' lang='lat' dir='ltr'>eundem</span> <span class='ocrx_word' id='word_1_133' title='bbox 1338 1757 1386 1803; x_wconf 88' lang='lat' dir='ltr'>in</span> <span class='ocrx_word' id='word_1_134' title='bbox 1418 1757 1588 1803; x_wconf 91' lang='lat' dir='ltr'>ultima</span> 
     </span>
     <span class='ocr_line' id='line_1_21' title="bbox 129 1834 233 1890; baseline 0.01 -11"><span class='ocrx_word' id='word_1_135' title='bbox 129 1834 233 1890; x_wconf 82' lang='lat' dir='ltr'>ode,</span> 
     </span>
    </p>
   </div>
   <div class='ocr_carea' id='block_1_8' title="bbox 328 1908 1170 1973">
    <p class='ocr_par' dir='ltr' id='par_1_10' title="bbox 328 1908 1170 1973">
     <span class='ocr_line' id='line_1_22' title="bbox 328 1908 1170 1973; baseline 0 -19"><span class='ocrx_word' id='word_1_136' title='bbox 328 1908 480 1956; x_wconf 67' lang='lat' dir='ltr'>smne</span> <span class='ocrx_word' id='word_1_137' title='bbox 502 1911 680 1956; x_wconf 75' lang='lat' dir='ltr'>sectari</span> <span class='ocrx_word' id='word_1_138' title='bbox 702 1927 812 1956; x_wconf 75' lang='lat' dir='ltr'>rosa</span> <span class='ocrx_word' id='word_1_139' title='bbox 835 1927 925 1973; x_wconf 71' lang='lat' dir='ltr'>qao</span> <span class='ocrx_word' id='word_1_140' title='bbox 951 1909 1170 1956; x_wconf 77' lang='lat' dir='ltr'>locorum.</span> 
     </span>
    </p>
   </div>
   <div class='ocr_carea' id='block_1_9' title="bbox 130 2001 1671 2703">
    <p class='ocr_par' dir='ltr' id='par_1_11' title="bbox 130 2001 1671 2364">
     <span class='ocr_line' id='line_1_23' title="bbox 130 2001 1671 2051; baseline -0.001 -3"><span class='ocrx_word' id='word_1_141' title='bbox 130 2002 336 2048; x_wconf 83' lang='lat' dir='ltr'>Priorem</span> <span class='ocrx_word' id='word_1_142' title='bbox 364 2003 623 2049; x_wconf 79' lang='lat' dir='ltr'>trochaeum</span> <span class='ocrx_word' id='word_1_143' title='bbox 653 2003 853 2048; x_wconf 82' lang='lat' dir='ltr'>liberum</span> <span class='ocrx_word' id='word_1_144' title='bbox 880 2001 1009 2047; x_wconf 86' lang='lat' dir='ltr'>vides</span> <span class='ocrx_word' id='word_1_145' title='bbox 1035 2002 1184 2048; x_wconf 76' lang='lat' dir='ltr'>mitte.</span> <span class='ocrx_word' id='word_1_146' title='bbox 1226 2001 1322 2047; x_wconf 91' lang='lat' dir='ltr'>Hic</span> <span class='ocrx_word' id='word_1_147' title='bbox 1347 2001 1382 2046; x_wconf 87' lang='lat' dir='ltr'>si</span> <span class='ocrx_word' id='word_1_148' title='bbox 1408 2009 1590 2046; x_wconf 86' lang='lat' dir='ltr'>mutato</span> <span class='ocrx_word' id='word_1_149' title='bbox 1613 2021 1671 2051; x_wconf 73' lang='lat'>103</span> 
     </span>
     <span class='ocr_line' id='line_1_24' title="bbox 130 2078 1592 2142; baseline -0.001 -18"><span class='ocrx_word' id='word_1_150' title='bbox 130 2078 451 2140; x_wconf 81' lang='lat' dir='ltr'>ordinejuxta</span> <span class='ocrx_word' id='word_1_151' title='bbox 475 2079 628 2142; x_wconf 87' lang='lat' dir='ltr'>legem</span> <span class='ocrx_word' id='word_1_152' title='bbox 662 2078 1006 2125; x_wconf 83' lang='lat' dir='ltr'>Phalaeciorum</span> <span class='ocrx_word' id='word_1_153' title='bbox 1043 2079 1225 2142; x_wconf 88' lang='lat' dir='ltr'>primus</span> <span class='ocrx_word' id='word_1_154' title='bbox 1259 2096 1284 2123; x_wconf 92' lang='lat' dir='ltr'>e</span> <span class='ocrx_word' id='word_1_155' title='bbox 1317 2078 1466 2124; x_wconf 86' lang='lat' dir='ltr'>tribus</span> <span class='ocrx_word' id='word_1_156' title='bbox 1498 2087 1592 2123; x_wconf 90' lang='lat' dir='ltr'>tro-</span> 
     </span>
     <span class='ocr_line' id='line_1_25' title="bbox 131 2154 1592 2219; baseline -0.002 -17"><span class='ocrx_word' id='word_1_157' title='bbox 131 2155 275 2202; x_wconf 87' lang='lat' dir='ltr'>chaeis</span> <span class='ocrx_word' id='word_1_158' title='bbox 303 2155 383 2218; x_wconf 90' lang='lat' dir='ltr'>qui</span> <span class='ocrx_word' id='word_1_159' title='bbox 409 2164 553 2202; x_wconf 79' lang='lat' dir='ltr'>nsunt</span> <span class='ocrx_word' id='word_1_160' title='bbox 577 2166 686 2219; x_wconf 90' lang='lat' dir='ltr'>post</span> <span class='ocrx_word' id='word_1_161' title='bbox 710 2155 952 2218; x_wconf 86' lang='lat' dir='ltr'>dactylum</span> <span class='ocrx_word' id='word_1_162' title='bbox 980 2155 1252 2211; x_wconf 82' lang='lat' dir='ltr'>collocetur,</span> <span class='ocrx_word' id='word_1_163' title='bbox 1276 2154 1414 2217; x_wconf 83' lang='lat' dir='ltr'>longe</span> <span class='ocrx_word' id='word_1_164' title='bbox 1439 2154 1592 2199; x_wconf 88' lang='lat' dir='ltr'>diver-</span> 
     </span>
     <span class='ocr_line' id='line_1_26' title="bbox 132 2230 1594 2295; baseline -0.001 -17"><span class='ocrx_word' id='word_1_165' title='bbox 132 2249 228 2278; x_wconf 85' lang='lat' dir='ltr'>sam</span> <span class='ocrx_word' id='word_1_166' title='bbox 258 2232 379 2278; x_wconf 89' lang='lat' dir='ltr'>inter</span> <span class='ocrx_word' id='word_1_167' title='bbox 404 2250 452 2277; x_wconf 90' lang='lat' dir='ltr'>se</span> <span class='ocrx_word' id='word_1_168' title='bbox 478 2234 696 2295; x_wconf 81' lang='lat' dir='ltr'>figuram,</span> <span class='ocrx_word' id='word_1_169' title='bbox 723 2250 830 2279; x_wconf 88' lang='lat' dir='ltr'>cum</span> <span class='ocrx_word' id='word_1_170' title='bbox 861 2233 920 2278; x_wconf 89' lang='lat' dir='ltr'>sit</span> <span class='ocrx_word' id='word_1_171' title='bbox 949 2232 1075 2278; x_wconf 87' lang='lat' dir='ltr'>idem</span> <span class='ocrx_word' id='word_1_172' title='bbox 1115 2241 1256 2293; x_wconf 83' lang='lat' dir='ltr'>atque</span> <span class='ocrx_word' id='word_1_173' title='bbox 1292 2231 1487 2293; x_wconf 80' lang='lat' dir='ltr'>integer,</span> <span class='ocrx_word' id='word_1_174' title='bbox 1513 2230 1594 2277; x_wconf 87' lang='lat' dir='ltr'>da-</span> 
     </span>
     <span class='ocr_line' id='line_1_27' title="bbox 131 2307 325 2364; baseline 0 -11"><span class='ocrx_word' id='word_1_175' title='bbox 131 2307 216 2364; x_wconf 76' lang='lat' dir='ltr'>bit,</span> <span class='ocrx_word' id='word_1_176' title='bbox 243 2308 325 2364; x_wconf 85' lang='lat' dir='ltr'>sic,</span> 
     </span>
    </p>

    <p class='ocr_par' dir='ltr' id='par_1_12' title="bbox 133 2394 1173 2535">
     <span class='ocr_line' id='line_1_28' title="bbox 332 2394 1173 2459; baseline 0 -19"><span class='ocrx_word' id='word_1_177' title='bbox 332 2394 525 2441; x_wconf 76' lang='lat' dir='ltr'>Sectarz&#39;</span> <span class='ocrx_word' id='word_1_178' title='bbox 548 2412 658 2441; x_wconf 77' lang='lat' dir='ltr'>rosa</span> <span class='ocrx_word' id='word_1_179' title='bbox 680 2396 817 2442; x_wconf 40' lang='lat' dir='ltr'>&#39;mitte</span> <span class='ocrx_word' id='word_1_180' title='bbox 840 2414 928 2459; x_wconf 78' lang='lat' dir='ltr'>quo</span> <span class='ocrx_word' id='word_1_181' title='bbox 948 2395 1173 2442; x_wconf 80' lang='lat' dir='ltr'>locorum.</span> 
     </span>
     <span class='ocr_line' id='line_1_29' title="bbox 133 2481 422 2535; baseline -0.003 -7"><span class='ocrx_word' id='word_1_182' title='bbox 133 2482 267 2528; x_wconf 87' lang='lat' dir='ltr'>Sicut</span> <span class='ocrx_word' id='word_1_183' title='bbox 291 2481 422 2535; x_wconf 90' lang='lat' dir='ltr'>illud,</span> 
     </span>
    </p>

    <p class='ocr_par' dir='ltr' id='par_1_13' title="bbox 339 2562 1192 2627">
     <span class='ocr_line' id='line_1_30' title="bbox 339 2562 1192 2627; baseline -0.001 -17"><span class='ocrx_word' id='word_1_184' title='bbox 339 2562 507 2625; x_wconf 71' lang='lat' dir='ltr'>Crispe</span> <span class='ocrx_word' id='word_1_185' title='bbox 531 2563 755 2620; x_wconf 75' lang='lat' dir='ltr'>Sallusti,</span> <span class='ocrx_word' id='word_1_186' title='bbox 780 2565 874 2610; x_wconf 69' lang='lat' dir='ltr'>wisi</span> <span class='ocrx_word' id='word_1_187' title='bbox 898 2571 1161 2627; x_wconf 78' lang='lat' dir='ltr'>temperato</span> <span class='ocrx_word' id='word_1_188' title='bbox 1178 2583 1192 2609; x_wconf 80' lang='lat'>.-</span> 
     </span>
    </p>

    <p class='ocr_par' dir='ltr' id='par_1_14' title="bbox 335 2639 1182 2703">
     <span class='ocr_line' id='line_1_31' title="bbox 335 2639 1182 2703; baseline 0.001 -17"><span class='ocrx_word' id='word_1_189' title='bbox 335 2639 544 2686; x_wconf 77' lang='lat' dir='ltr'>Sallusti</span> <span class='ocrx_word' id='word_1_190' title='bbox 567 2641 661 2686; x_wconf 78' lang='lat' dir='ltr'>m&#39;si</span> <span class='ocrx_word' id='word_1_191' title='bbox 690 2641 861 2703; x_wconf 75' lang='lat' dir='ltr'>Crispe</span> <span class='ocrx_word' id='word_1_192' title='bbox 885 2647 1149 2703; x_wconf 73' lang='lat' dir='ltr'>temperato</span> <span class='ocrx_word' id='word_1_193' title='bbox 1167 2661 1182 2686; x_wconf 83' lang='lat'>.-</span> 
     </span>
    </p>
   </div>
   <div class='ocr_carea' id='block_1_10' title="bbox 138 2731 1679 2795">
    <p class='ocr_par' dir='ltr' id='par_1_15' title="bbox 138 2731 1679 2795">
     <span class='ocr_line' id='line_1_32' title="bbox 138 2731 1679 2795; baseline 0.002 -18"><span class='ocrx_word' id='word_1_194' title='bbox 138 2740 185 2777; x_wconf 89' lang='lat' dir='ltr'>et</span> <span class='ocrx_word' id='word_1_195' title='bbox 221 2740 390 2788; x_wconf 83' lang='lat' dir='ltr'>cetera,</span> <span class='ocrx_word' id='word_1_196' title='bbox 426 2731 604 2778; x_wconf 87' lang='lat' dir='ltr'>scilicet</span> <span class='ocrx_word' id='word_1_197' title='bbox 639 2732 776 2795; x_wconf 87' lang='lat' dir='ltr'>primi</span> <span class='ocrx_word' id='word_1_198' title='bbox 815 2751 840 2779; x_wconf 93' lang='lat' dir='ltr'>e</span> <span class='ocrx_word' id='word_1_199' title='bbox 872 2733 1020 2779; x_wconf 86' lang='lat' dir='ltr'>tribus</span> <span class='ocrx_word' id='word_1_200' title='bbox 1054 2732 1292 2778; x_wconf 75' lang='lat' dir='ltr'>trochaeis.</span> <span class='ocrx_word' id='word_1_201' title='bbox 1363 2731 1485 2777; x_wconf 86' lang='lat' dir='ltr'>Item</span> <span class='ocrx_word' id='word_1_202' title='bbox 1528 2748 1597 2775; x_wconf 88' lang='lat' dir='ltr'>se·</span> <span class='ocrx_word' id='word_1_203' title='bbox 1619 2750 1679 2780; x_wconf 89' lang='lat'>109</span> 
     </span>
    </p>
   </div>
   <div class='ocr_carea' id='block_1_11' title="bbox 142 2888 1596 2995">
    <p class='ocr_par' dir='ltr' id='par_1_16' title="bbox 142 2888 1596 2995">
     <span class='ocr_line' id='line_1_33' title="bbox 195 2888 1596 2942; baseline -0.001 -16"><span class='ocrx_word' id='word_1_204' title='bbox 195 2889 205 2916; x_wconf 87' lang='lat' dir='ltr'>i</span> <span class='ocrx_word' id='word_1_205' title='bbox 225 2889 435 2939; x_wconf 85' lang='lat' dir='ltr'>exemplum</span> <span class='ocrx_word' id='word_1_206' title='bbox 457 2888 493 2926; x_wconf 89' lang='lat' dir='ltr'>in</span> <span class='ocrx_word' id='word_1_207' title='bbox 514 2892 605 2940; x_wconf 88' lang='lat' dir='ltr'>quo]</span> <span class='ocrx_word' id='word_1_208' title='bbox 629 2891 664 2927; x_wconf 88' lang='lat' dir='ltr'>in</span> <span class='ocrx_word' id='word_1_209' title='bbox 686 2893 897 2942; x_wconf 79' lang='lat' dir='ltr'>exemplum</span> <span class='ocrx_word' id='word_1_210' title='bbox 924 2894 963 2930; x_wconf 88' lang='lat' dir='ltr'>P.</span> <span class='ocrx_word' id='word_1_211' title='bbox 1136 2891 1157 2918; x_wconf 89' lang='lat' dir='ltr'>k</span> <span class='ocrx_word' id='word_1_212' title='bbox 1176 2891 1383 2941; x_wconf 85' lang='lat' dir='ltr'>separetur]</span> <span class='ocrx_word' id='word_1_213' title='bbox 1407 2893 1535 2939; x_wconf 74' lang='lat' dir='ltr'>separe</span> <span class='ocrx_word' id='word_1_214' title='bbox 1555 2889 1596 2925; x_wconf 91' lang='lat' dir='ltr'>P.</span> 
     </span>
     <span class='ocr_line' id='line_1_34' title="bbox 142 2942 1336 2995; baseline 0.001 -16"><span class='ocrx_word' id='word_1_215' title='bbox 142 2942 153 2969; x_wconf 96' lang='lat'>1</span> <span class='ocrx_word' id='word_1_216' title='bbox 175 2943 313 2992; x_wconf 88' lang='lat' dir='ltr'>possis]</span> <span class='ocrx_word' id='word_1_217' title='bbox 336 2942 456 2992; x_wconf 86' lang='lat' dir='ltr'>possit</span> <span class='ocrx_word' id='word_1_218' title='bbox 475 2944 517 2980; x_wconf 92' lang='lat' dir='ltr'>P.</span> <span class='ocrx_word' id='word_1_219' title='bbox 627 2951 659 2970; x_wconf 87' lang='lat' dir='ltr'>m</span> <span class='ocrx_word' id='word_1_220' title='bbox 678 2944 758 2993; x_wconf 89' lang='lat' dir='ltr'>qui]</span> <span class='ocrx_word' id='word_1_221' title='bbox 782 2946 880 2995; x_wconf 91' lang='lat' dir='ltr'>quod</span> <span class='ocrx_word' id='word_1_222' title='bbox 901 2948 942 2982; x_wconf 91' lang='lat' dir='ltr'>P.</span> <span class='ocrx_word' id='word_1_223' title='bbox 1053 2953 1073 2971; x_wconf 78' lang='lat'>¹¹</span> <span class='ocrx_word' id='word_1_224' title='bbox 1090 2946 1195 2992; x_wconf 86' lang='lat' dir='ltr'>sunt]</span> <span class='ocrx_word' id='word_1_225' title='bbox 1218 2953 1276 2982; x_wconf 82' lang='lat' dir='ltr'>est</span> <span class='ocrx_word' id='word_1_226' title='bbox 1295 2945 1336 2980; x_wconf 86' lang='lat' dir='ltr'>P.</span> 
     </span>
    </p>
   </div>
  </div>
 </body>
</html>
