1962 3355
117 228 226 258 CAP.
246 224 287 260 2.
314 212 398 258 De
423 211 642 259 conuentis
666 211 791 257 inter
812 227 863 256 se
887 216 1032 273 atque
1055 209 1328 255 inconneoeis
1351 212 1429 271 850
1475 215 1567 265 217

117 352 229 392 non,
255 343 308 380 ut
332 335 380 380 in
407 333 741 397 superioribus,
767 340 858 378 tres
885 332 932 376 in
959 331 1129 377 ultimo
1154 330 1345 376 trochaei
1371 337 1569 375 nectun-

114 419 206 467 tur,
243 410 323 456 sed
366 409 601 474 spondeus
647 406 948 472 pyrrhichius
986 415 1032 452 et
1069 406 1302 452 trochaeus
1343 406 1571 461 locantur,

113 486 257 543 velut,

312 562 446 608 Nota
471 580 571 625 quae
594 559 918 625 sedesfuerat
943 557 1180 613 columbis,

111 637 171 683 de
196 655 290 700 quo
315 637 559 692 formatur,

316 713 435 762 Quae
459 712 786 778 sedesfuerat
809 720 922 760 nota
948 711 1186 759 columbis.

112 789 324 835 Primum
353 806 557 845 comma,

315 865 439 914 Quoe
462 865 597 911 sedes
603 862 803 928 fuerat,

111 949 297 986 constat
323 941 534 1004 spondeo
560 950 784 1004 sequente
809 940 1012 1002 dactyl0,
1039 947 1250 1003 superest
1274 939 1455 1002 syllaba
1477 945 1571 995 rat,

111 1016 224 1062 huic
260 1015 483 1078 adjuncta
522 1035 595 1073 no,
627 1018 782 1080 prima
817 1016 1079 1079 ¹³sequentis
1113 1016 1332 1062 clausulae
1375 1016 1570 1078 syllaba,

111 1092 374 1157 spondeum
417 1094 623 1139 medium
652 1093 799 1149 dabit,
825 1093 999 1138 dehinc
1025 1099 1075 1138 ta
1101 1110 1151 1138 co
1175 1091 1476 1155 pyrrhichius
1512 1108 1569 1136 ex

111 1179 311 1232 utraque
335 1179 497 1233 vparte
534 1170 661 1216 brevi
688 1170 890 1214 insertus
915 1168 1036 1213 inter
1062 1168 1323 1230 spondeum
1348 1167 1457 1212 erl
1478 1176 1571 1211 tro-

111 1246 298 1292 chaeum
317 1246 561 1301 ultimum,
578 1246 656 1307 qui
685 1253 755 1290 est
777 1244 964 1300 lumbis,
983 1243 1219 1305 disparem
1240 1243 1443 1306 speciem
1471 1252 1569 1288 tam

112 1321 350 1368 Pbalaecio
375 1339 518 1383 quam
547 1321 788 1385 Sapphico
813 1331 965 1366 metro
994 1320 1232 1382 figurabit.
1303 1319 1430 1365 Nam
1459 1336 1567 1365 cum

111 1410 159 1444 et
176 1416 374 1444 numero
400 1408 447 1444 et
472 1397 794 1444 modulatione
820 1405 1062 1459 congruat,
1090 1396 1355 1442 mutatione
1379 1403 1570 1441 Xtamen

111 1473 284 1537 pedum
315 1475 592 1521 innovatum
620 1483 703 1520 est.

714 1605 852 1657 CAP.
883 1605 958 1656 ΙΙ.

176 1705 404 1752 Decursis
431 1705 655 1752 omnibus
682 1707 740 1752 ab
767 1705 1065 1752 incunabulis
1104 1705 1212 1751 artis
1251 1704 1446 1765 hujusce
1472 1723 1572 1751 me-

111 1791 290 1828 trorum
329 1782 597 1846 generibuS,
622 1783 796 1844 quibus
823 1782 982 1845 magni
1014 1790 1227 1828 auctores
1253 1791 1349 1827 tam
1377 1782 1571 1827 nomina

111 1859 355 1915 dederunt,
383 1876 527 1921 quam
563 1859 706 1904 etiam
744 1859 1016 1920 frequenter
1050 1858 1118 1903 usi
1157 1867 1280 1915 sunt,
1305 1875 1400 1903 non
1436 1859 1494 1903 ab
1523 1875 1571 1903 re

112 1935 311 1982 arbitror
336 1944 444 1981 ante
470 1935 823 1981 conclusionem
851 1935 1111 1981 elucubrati
1136 1935 1316 1980 anobis
1340 1934 1572 1997 opusculi,

110 2013 240 2075 prius
277 2030 420 2075 quam
462 2012 520 2058 de
558 2011 716 2057 metris
755 2011 901 2056 nostri
942 2011 1074 2074 lyrici
1115 2011 1323 2056 carmine
1356 2029 1571 2074 compre-

112 2088 262 2144 hensi,
288 2105 393 2150 quae
420 2088 695 2151 singulatim
722 2105 806 2151 per
829 2087 1041 2133 ordinem
1076 2087 1134 2133 ad
1159 2087 1446 2150 explendum
1475 2098 1571 2133 stu-

109 2164 227 2210 diosi
262 2164 448 2210 lectoris
487 2164 700 2210 animum
735 2164 952 2227 persequi
987 2164 1180 2227 placuit,
1216 2163 1463 2209 exordium
1503 2164 1570 2210 fa-

110 2242 248 2299 ciam,
274 2241 338 2287 ita
362 2241 610 2304 attingere,
634 2240 760 2302 quod
786 2240 1002 2285 nonnulli
1036 2249 1282 2302 tamquam
1316 2239 1568 2286 eruditioni

108 2327 154 2364 et
179 2317 428 2382 profundae
455 2318 664 2364 seientiae
689 2316 1003 2364 necessarium
1033 2317 1233 2362 sollicita
1254 2316 1570 2362 sciscitatione

107 2403 441 2458 percontantes
467 2395 680 2459 exigunt,
703 2394 826 2441 unde
848 2403 1104 2440 metrorum
1134 2402 1274 2456 atque
1291 2394 1446 2439 omnis
1467 2411 1570 2439 mu-

109 2472 219 2518 sicae
257 2471 493 2518 elementa
525 2471 852 2535 processerint,
877 2488 972 2533 quo
996 2479 1205 2534 parente,
1229 2479 1351 2533 Yqua
1375 2470 1570 2533 origine,

108 2548 281 2609 quibus
306 2547 511 2593 exordiis
536 2547 671 2593 initia
696 2547 952 2594 earundem
979 2547 1149 2593 artium
1178 2548 1426 2612 coeperint.
1462 2547 1569 2593 Nee

108 2623 201 2670 hoc
228 2623 354 2680 satis,
379 2623 522 2669 iidem
550 2633 718 2687 rogant
742 2624 849 2686 quis
886 2623 1183 2670 articulatam
1210 2641 1373 2671 vocem
1408 2642 1432 2670 a
1458 2641 1566 2670 con-

108 2700 292 2746 fusione
344 2698 631 2756 discreverit,
678 2700 785 2762 quis
838 2700 1018 2763 primus
1066 2700 1269 2762 syllabas
1320 2701 1365 2746 in
1418 2718 1567 2746 enun-

164 2876 178 2901 t
198 2873 405 2924 sequentis]
430 2873 599 2922 sequenti
622 2874 662 2909 P.
783 2881 802 2899 v
822 2873 938 2922 brevi]
963 2882 1067 2923 parte
1089 2873 1187 2910 brevi
1207 2875 1246 2910 P.
1372 2881 1398 2899 W
1418 2875 1471 2910 vel
1494 2882 1566 2909 tro-

111 2928 274 2973 chaeum]
296 2927 353 2963 vel
374 2939 450 2963 om.
473 2927 512 2962 P.
623 2933 643 2952 x
664 2928 829 2974 tantum]
853 2935 979 2963 tamen
1002 2928 1042 2963 P.
1153 2935 1171 2962 y
1192 2928 1279 2976 qua]
1303 2940 1376 2975 quo
1398 2928 1436 2962 Ρ.

807 2990 883 3034 Ff

1594 805 1651 833 ¹¹4

1596 1341 1650 1371 115
