1962 3355
350 234 443 270 204
858 224 1018 271 Marii
1044 224 1282 271 Victorini
1607 236 1704 268 Lm.
1729 236 1798 268 1v.

349 345 420 390 his
460 345 792 403 commatibus,
826 345 997 408 quibus
1030 355 1076 392 et
1113 346 1388 391 hexameter
1422 360 1505 406 per
1541 350 1710 398 tomas,
1746 351 1799 387 ut

348 421 560 484 superius
601 421 1044 467 demonstravimus.
1114 421 1190 466 Ex
1215 419 1344 482 squis
1382 427 1462 464 aut
1501 417 1595 464 duo
1636 426 1800 474 metra,

347 496 393 542 id
424 506 494 542 est
526 497 718 543 heroum
757 507 804 543 et
836 497 1112 553 iambicum,
1151 500 1229 541 tex
1264 512 1312 540 se
1342 493 1586 557 conposita
1609 510 1798 539 versum

347 574 653 636 copulabunt,
680 582 760 619 aut
786 590 933 618 unum
961 573 1296 635 supplemento
1329 569 1398 616 sui
1436 570 1618 633 generis
1653 569 1800 616 ‘'inte-

347 666 485 712 grum
511 648 708 705 dabunt,
734 658 788 694 ut
812 657 942 713 puta,

549 723 709 771 Castae
730 725 956 771 Pierides
981 741 1089 769 meoe
1116 739 1350 769 camoemc.

288 815 326 846 57
347 800 589 846 Dividitur
635 801 700 847 sic
750 800 1011 846 secundum
1060 800 1259 845 heroum
1308 806 1530 853 metrum,
1577 806 1630 843 ut
1674 797 1801 861 prior

346 876 582 939 spondeus
619 894 818 938 sequens
845 875 1061 939 dactylus
1087 874 1310 936 adjuncto
1335 873 1575 937 semipede
1602 873 1801 937 penthe-

346 953 574 998 mimeren
596 961 757 997 tomen
780 952 1105 1014 wcompleant,
1123 949 1309 995 residua
1333 958 1490 995 autem
1513 966 1669 995 versus
1694 965 1800 1011 pars

345 1029 504 1073 iambo
531 1027 818 1090 adsignetur,
844 1027 1159 1090 superfluente
1195 1026 1389 1089 syllaba,
1413 1025 1539 1088 quod
1577 1034 1647 1071 est
1683 1024 1802 1070 adae-

286 1121 325 1161 58
345 1121 436 1166 que
484 1103 898 1167 penthemimeres.
971 1102 1093 1149 Haec
1143 1103 1287 1166 igitur
1331 1102 1531 1149 duorum
1579 1117 1800 1147 versuum

345 1179 592 1243 principia,
619 1197 723 1242 quae
759 1179 980 1243 copulata
1006 1178 1051 1224 in
1078 1179 1217 1224 unius
1243 1197 1401 1225 versus
1437 1179 1637 1225 formam
1663 1194 1802 1223 vene-

345 1264 469 1310 runt,
498 1273 581 1301 suo
607 1272 799 1317 quoque
825 1264 976 1301 metro
1001 1256 1226 1318 compleri
1252 1263 1522 1319 potuerunt,
1547 1254 1626 1311 sic,

483 1333 636 1379 Castce
661 1331 885 1378 Pierides
906 1349 1079 1394 precor
1102 1333 1349 1394 adspirate
1374 1332 1566 1378 canenti

345 1417 391 1454 et
419 1410 470 1454 fit
493 1408 678 1454 herous.
750 1408 892 1465 Item,

477 1484 603 1530 Meoe
629 1501 853 1531 camoenoe
878 1484 1087 1532 coelitum
1113 1490 1262 1530 testor
1279 1500 1435 1547 genus

345 1561 593 1607 iambicus.
664 1561 806 1616 Item,

482 1636 691 1684 Carmen
715 1637 939 1684 Pierides
961 1643 1156 1684 struzmt
1178 1651 1367 1681 sorores

347 1713 409 1759 ita
435 1713 767 1776 complebitur,

482 1788 689 1835 Carmen
712 1789 939 1836 Pierides
956 1795 1184 1853 pangunt
1208 1787 1512 1834 memorabile
1536 1787 1697 1834 Musoe
1714 1807 1729 1833 :

345 1862 533 1919 dehinc,

480 1939 691 1987 Strmmt
712 1958 897 1988 sorores
921 1942 1105 1988 Atticoe
1127 1940 1317 1986 Xdirum
1342 1939 1493 2003 nefas.

287 2026 326 2059 59
347 2014 470 2062 Haec
506 2016 594 2062 erit
625 2016 683 2062 de
720 2017 1128 2080 hendecasyllabis
1161 2017 1314 2077 prima
1339 2016 1518 2079 species
1550 2023 1597 2060 et
1622 2014 1802 2061 divisio.

349 2092 567 2138 Secunda
592 2110 700 2138 vero
725 2093 905 2156 recipit,
932 2101 984 2138 ut
1015 2092 1240 2156 superior,
1267 2091 1531 2155 spondeum
1565 2100 1612 2137 et
1643 2090 1805 2154 dacty-

346 2169 463 2224 lum,
495 2186 587 2214 non
627 2167 832 2214 admisso
866 2167 1120 2230 semipede,
1151 2176 1205 2213 ut
1240 2185 1394 2230 supra,
1420 2184 1515 2228 quo
1540 2167 1805 2229 completur

346 2244 750 2307 penthemimeres
776 2253 918 2297 tome,
943 2243 1117 2289 dehinc
1139 2252 1231 2288 tres
1254 2242 1504 2298 trochaeos,
1528 2250 1790 2303 tamquam,

481 2318 645 2365 Siccas
671 2319 829 2365 ducite
852 2319 1085 2365 machinoe
1110 2319 1316 2364 carinas.

286 2401 329 2433 60
346 2394 474 2441 Nam
513 2395 549 2440 si
588 2394 774 2441 duobus
812 2395 964 2440 herois
997 2403 1187 2457 quartos
1225 2394 1368 2457 pedes
1404 2393 1681 2456 conjungas,
1716 2392 1804 2439 erit

345 2488 504 2516 versus
530 2471 820 2525 hexameter,
846 2470 927 2524 sic,

479 2546 642 2593 Siccus
667 2547 824 2593 ducite
832 2546 946 2609 jam
971 2546 1074 2592 lecto
1100 2562 1203 2591 cum
1227 2545 1439 2591 carmine
1456 2562 1657 2607 puppes.

347 2622 548 2685 Reliqua
572 2641 678 2686 pars
709 2632 764 2668 ye
799 2623 947 2668 tribus
980 2621 1198 2667 trochaeis
1231 2621 1457 2667 maclzinoe
1489 2622 1693 2676 carinas,
1719 2638 1803 2667 suo

287 2711 324 2742 61
347 2707 512 2755 metro,
538 2698 585 2743 id
610 2707 682 2744 est
706 2697 1037 2761 ithyphallico,
1064 2697 1221 2743 stabit.
1294 2697 1434 2755 Item,

399 2831 414 2851 S
434 2823 584 2873 quibus]
608 2825 689 2873 quis
710 2824 750 2859 P.
904 2824 918 2850 t
938 2836 982 2860 ex
1002 2824 1056 2870 se]
1079 2836 1117 2860 se
1138 2837 1214 2860 om.
1237 2824 1277 2860 P.
1436 2831 1456 2849 v
1475 2824 1680 2874 integrum]
1706 2822 1802 2859 inte—

343 2891 448 2928 gram
470 2878 509 2913 P.
681 2884 709 2902 w
730 2877 935 2927 compleat]
957 2877 1173 2927 compleant
1192 2878 1230 2912 P.
1406 2883 1426 2902 Χ
1446 2877 1583 2924 dirum]
1606 2877 1739 2913 durum
1759 2877 1802 2912 P.

345 2938 364 2965 y
385 2931 423 2978 e]
446 2939 484 2968 et
504 2931 544 2966 P.
