1962 3355
349 213 445 252 354
808 207 962 255 Atili-i
984 207 1326 256 Fortunatiam'
1616 225 1726 255 PAR.
1746 225 1800 255 11.

353 327 524 384 lecton,
549 327 683 389 cujus
719 328 1033 391 penultimam
1070 329 1302 376 affectavit
1338 347 1422 393 pro
1447 330 1586 393 longa
1611 331 1800 377 brevem

354 404 521 461 facere,
547 404 683 466 cujus
707 404 935 467 ingressio
959 405 1065 450 talis
1090 414 1175 459 est,

523 481 735 521 Maecenas
754 481 892 520 atavis
913 481 1017 520 edite
1038 481 1223 534 regibus.

352 553 681 599 Tetrametron
706 553 819 600 fecit
842 553 942 615 ejus
968 552 1164 615 generis,

529 630 599 670 Tu
620 643 670 669 ne
690 630 905 685 quaesierz‘s
925 629 1030 668 scire
1046 628 1166 682 nefins
1181 642 1297 684 quem
1318 629 1419 669 mihi
1435 644 1551 685 quem
1569 631 1657 671 tibi.

355 701 564 754 Quidam
615 701 782 747 volunt
829 700 1022 761 adjectis
1068 700 1269 756 duobus,
1312 702 1520 765 spondeo
1556 703 1610 749 ad
1648 713 1805 768 caput,

354 777 632 840 pyrrhichio
658 776 713 822 ad
741 777 902 830 finem,
928 776 974 821 in
1005 776 1161 823 medio
1185 776 1419 823 dimetron
1454 779 1804 827 choriambicon

355 854 582 908 clausum,
608 862 662 899 ut
685 853 914 915 ingressio
940 853 1060 909 talis,

582 930 638 971 M
638 943 793 970 aecenas
813 931 952 970 atavis
971 930 1077 971 edite
1096 931 1281 986 regibus.

298 1018 335 1048 13
354 1003 482 1049 Nam
521 1003 557 1049 si
583 1004 702 1050 solas
728 1003 843 1050 duas
878 1004 1162 1068 pronuncies
1189 1004 1565 1051 choriambicum
1597 1014 1806 1053 ⁰sonant.

354 1079 472 1142 Ejus
498 1080 680 1143 generis
705 1080 953 1126 trimetron
978 1079 1091 1126 fecit
1117 1080 1199 1137 sic,

476 1157 545 1197 Tu
565 1171 616 1197 ne
636 1158 855 1212 quoesieris
875 1158 981 1198 scire
1000 1158 1121 1211 mfics
1141 1171 1258 1212 quem
1279 1157 1379 1197 milei
1400 1171 1517 1212 quem
1538 1159 1627 1199 tibi.

357 1229 578 1292 Denique
605 1229 639 1276 si
667 1230 856 1276 tertium
887 1229 1219 1276 choriambum
1246 1229 1397 1287 tollas,
1415 1239 1627 1276 remanet
1644 1231 1811 1277 Ascle-

356 1307 566 1370 piadeuS,
593 1315 658 1363 ut,

592 1383 659 1422 Tu
681 1397 731 1422 oze
752 1383 965 1437 qzcoesieris
987 1383 1119 1422 Pscire
1140 1382 1260 1435 nefas
1282 1383 1368 1422 tibi.

356 1455 451 1502 Alii
477 1455 534 1501 de
560 1455 835 1501 hexametro
860 1455 1028 1500 volunt
1053 1463 1254 1500 tantum.
1325 1454 1452 1500 Nam
1481 1454 1517 1499 si
1543 1455 1680 1501 tertio
1706 1455 1810 1501 loco

357 1542 376 1570 ‘¹
387 1531 576 1594 adjicias
616 1530 784 1585 Pater,
821 1530 989 1592 quinto
1028 1530 1259 1594 Regibus,
1296 1531 1625 1576 hexametrum
1670 1531 1810 1577 facies

358 1609 439 1663 sic,

585 1674 798 1713 Maecenas
817 1674 954 1712 atavis
969 1679 1095 1726 pater
1116 1672 1220 1711 edite
1242 1672 1413 1727 regibus
1433 1671 1541 1711 altis.

302 1804 338 1832 ¹4
444 1788 499 1840 [1.
528 1787 585 1839 2.]
620 1787 720 1826 Jam
739 1786 844 1825 satis
866 1785 990 1824 terris
1011 1785 1125 1823 nivis
1146 1790 1266 1839 atque
1287 1784 1391 1823 dirce

589 1853 823 1893 Grcmdinis
846 1853 958 1891 misit
974 1857 1112 1906 pater,
1132 1857 1169 1891 et
1189 1852 1356 1891 rubente

575 1922 761 1961 Dextera
784 1934 941 1973 sacr-(132
942 1919 1156 1974 jaculatus
1178 1932 1294 1959 arces

764 1980 1115 2028 Terruit‘urhem.

360 2073 466 2118 Hos
505 2071 923 2135 hendecasyllabos
961 2069 1035 2115 alii
1063 2069 1297 2125 Alcaicos,
1323 2068 1398 2115 alii
1433 2069 1698 2132 Sapphicos
1732 2086 1813 2114 vo-

303 2173 337 2203 ιε
359 2158 482 2195 cant.
553 2148 711 2193 Prima
747 2148 795 2193 in
833 2147 905 2192 his
932 2164 1106 2192 caesura
1142 2145 1376 2191 trochaica
1412 2153 1497 2199 est,
1522 2162 1630 2191 nam
1671 2145 1814 2190 habet

358 2225 592 2271 dimetron
619 2223 1091 2285 brachycatalect0n3
1126 2239 1325 2283 sequens
1358 2221 1561 2266 iambica
1589 2221 1809 2282 [rhabet]

359 2301 592 2347 dimetron
620 2298 1050 2363 hypercatalecton‚
1076 2309 1122 2345 et
1147 2297 1442 2361 ingredimur
1467 2297 1549 2353 sic,

572 2377 671 2415 Jam
693 2376 797 2415 satis
817 2375 942 2414 terris
964 2375 1091 2423 ηἱζυὲθ
1112 2380 1233 2429 atque
1253 2373 1369 2412 dirce.

358 2457 454 2503 Alii
490 2455 671 2501 faciunt
702 2453 904 2516 primam
943 2452 1189 2516 syzygiam
1214 2450 1518 2507 trochaicam,
1546 2451 1592 2496 in
1618 2468 1710 2512 qua
1741 2468 1810 2496 se-

360 2532 515 2579 cunda
550 2547 655 2594 pars
694 2528 948 2591 aliquando
986 2538 1033 2574 et
1071 2527 1337 2591 spondeum
1374 2526 1532 2584 habet,
1557 2526 1810 2573 secundam

362 2607 748 2659 choriambicam,
773 2605 908 2651 tertia
936 2605 1187 2651 bacchium
1216 2605 1371 2650 habet.
1429 2603 1673 2650 Dividitur
1697 2604 1778 2661 sic,

574 2685 671 2724 Jam
694 2684 798 2723 satis
820 2683 960 2739 terlrz's
981 2684 1093 2722 m'vz's
1114 2678 1248 2736 atffque
1268 2680 1385 2720 dirce.

417 2831 434 2850 0
462 2822 770 2868 sonant—tollas]
796 2834 869 2856 om.
891 2821 938 2856 V.
961 2820 1093 2856 lacuna
1115 2820 1151 2856 in
1172 2819 1276 2856 Med.
1299 2827 1384 2868 post
1400 2821 1626 2866 pronuncies.
1682 2824 1702 2852 P
1721 2818 1809 2864 esse]

361 2881 450 2914 scire
469 2879 514 2912 V.
637 2883 657 2909 q
675 2874 842 2920 adjicias]
865 2875 976 2910 adicis
998 2875 1042 2909 V.
1168 2882 1182 2900 Γ
1204 2874 1308 2908 habet
1329 2885 1406 2909 om.
1429 2872 1473 2907 V.
1495 2880 1532 2908 et
1553 2871 1647 2907 infra
1664 2872 1812 2917 grandi-

362 2934 414 2967 nis
432 2936 538 2979 pater
557 2943 631 2965 om.
654 2937 738 2978 post
758 2929 855 2963 cline.
