<?xml version="1.0" encoding="UTF-8"?>
<!DOCTYPE html PUBLIC "-//W3C//DTD XHTML 1.0 Transitional//EN"
    "http://www.w3.org/TR/xhtml1/DTD/xhtml1-transitional.dtd">
<html xmlns="http://www.w3.org/1999/xhtml" xml:lang="en" lang="en">
 <head>
  <title>
</title>
<meta http-equiv="Content-Type" content="text/html;charset=utf-8" />
  <meta name='ocr-system' content='tesseract 3.04.00' />
  <meta name='ocr-capabilities' content='ocr_page ocr_carea ocr_par ocr_line ocrx_word'/>
</head>
<body>
  <div class='ocr_page' id='page_1' title='image "./scriptoreslatini00gaisuoft/scriptoreslatini00gaisuoft_0242.png"; bbox 0 0 1962 3355; ppageno 0'>
   <div class='ocr_carea' id='block_1_1' title="bbox 326 211 1774 260">
    <p class='ocr_par' dir='ltr' id='par_1_1' title="bbox 326 211 1774 260">
     <span class='ocr_line' id='line_1_1' title="bbox 326 211 1774 260; baseline -0.001 -2"><span class='ocrx_word' id='word_1_1' title='bbox 326 222 418 258; x_wconf 84' lang='lat'>224</span> <span class='ocrx_word' id='word_1_2' title='bbox 836 211 993 258; x_wconf 80' lang='lat' dir='ltr'>Marii</span> <span class='ocrx_word' id='word_1_3' title='bbox 1021 213 1265 260; x_wconf 73' lang='lat' dir='ltr'><em>Victorini</em></span> <span class='ocrx_word' id='word_1_4' title='bbox 1589 227 1684 257; x_wconf 73' lang='grc' dir='ltr'>ΜΒ.</span> <span class='ocrx_word' id='word_1_5' title='bbox 1710 227 1774 257; x_wconf 83' lang='lat' dir='ltr'>1v.</span> 
     </span>
    </p>
   </div>
   <div class='ocr_carea' id='block_1_2' title="bbox 263 332 1777 2298">
    <p class='ocr_par' dir='ltr' id='par_1_2' title="bbox 263 332 1777 2298">
     <span class='ocr_line' id='line_1_2' title="bbox 389 332 1642 397; baseline -0.001 -19"><span class='ocrx_word' id='word_1_6' title='bbox 389 332 546 378; x_wconf 81' lang='lat' dir='ltr'>Arma</span> <span class='ocrx_word' id='word_1_7' title='bbox 569 333 822 396; x_wconf 80' lang='lat' dir='ltr'>virumque</span> <span class='ocrx_word' id='word_1_8' title='bbox 846 350 960 380; x_wconf 79' lang='lat' dir='ltr'>cano</span> <span class='ocrx_word' id='word_1_9' title='bbox 986 334 1136 397; x_wconf 52' lang='lat' dir='ltr'>Trq&#39;oe</span> <span class='ocrx_word' id='word_1_10' title='bbox 1160 335 1239 396; x_wconf 79' lang='lat' dir='ltr'>qui</span> <span class='ocrx_word' id='word_1_11' title='bbox 1265 333 1441 379; x_wconf 81' lang='lat' dir='ltr'>terruit</span> <span class='ocrx_word' id='word_1_12' title='bbox 1463 332 1642 378; x_wconf 82' lang='lat' dir='ltr'>urbem.</span> 
     </span>
     <span class='ocr_line' id='line_1_3' title="bbox 267 407 1776 471; baseline 0.001 -20"><span class='ocrx_word' id='word_1_13' title='bbox 267 430 306 451; x_wconf 79' lang='grc' dir='ltr'>ιο</span> <span class='ocrx_word' id='word_1_14' title='bbox 325 408 673 471; x_wconf 89' lang='lat' dir='ltr'>Monostropha</span> <span class='ocrx_word' id='word_1_15' title='bbox 718 418 947 456; x_wconf 90' lang='lat' dir='ltr'>vocantur</span> <span class='ocrx_word' id='word_1_16' title='bbox 993 410 1095 456; x_wconf 86' lang='lat' dir='ltr'>haec</span> <span class='ocrx_word' id='word_1_17' title='bbox 1141 409 1364 463; x_wconf 86' lang='lat' dir='ltr'>carmina,</span> <span class='ocrx_word' id='word_1_18' title='bbox 1405 408 1667 470; x_wconf 65' lang='lat' dir='ltr'>nquoniam</span> <span class='ocrx_word' id='word_1_19' title='bbox 1719 407 1776 453; x_wconf 90' lang='lat' dir='ltr'>ad</span> 
     </span>
     <span class='ocr_line' id='line_1_4' title="bbox 324 483 1777 548; baseline -0.002 -18"><span class='ocrx_word' id='word_1_20' title='bbox 324 485 524 548; x_wconf 83' lang='lat' dir='ltr'>primam</span> <span class='ocrx_word' id='word_1_21' title='bbox 564 485 789 548; x_wconf 87' lang='lat' dir='ltr'>strophen</span> <span class='ocrx_word' id='word_1_22' title='bbox 817 495 970 532; x_wconf 88' lang='lat' dir='ltr'>cetera</span> <span class='ocrx_word' id='word_1_23' title='bbox 1002 484 1304 547; x_wconf 87' lang='lat' dir='ltr'>respondent,</span> <span class='ocrx_word' id='word_1_24' title='bbox 1331 501 1484 546; x_wconf 89' lang='lat' dir='ltr'>neque</span> <span class='ocrx_word' id='word_1_25' title='bbox 1509 484 1604 528; x_wconf 85' lang='lat' dir='ltr'>ulla</span> <span class='ocrx_word' id='word_1_26' title='bbox 1635 483 1777 528; x_wconf 82' lang='lat' dir='ltr'>inter-</span> 
     </span>
     <span class='ocr_line' id='line_1_5' title="bbox 323 557 1776 624; baseline -0.003 -17"><span class='ocrx_word' id='word_1_27' title='bbox 323 560 455 608; x_wconf 87' lang='lat' dir='ltr'>venit</span> <span class='ocrx_word' id='word_1_28' title='bbox 501 560 676 624; x_wconf 91' lang='lat' dir='ltr'>epodos</span> <span class='ocrx_word' id='word_1_29' title='bbox 726 569 754 589; x_wconf 83' lang='lat' dir='ltr'>w</span> <span class='ocrx_word' id='word_1_30' title='bbox 770 578 873 622; x_wconf 88' lang='lat' dir='ltr'>quae</span> <span class='ocrx_word' id='word_1_31' title='bbox 921 578 946 605; x_wconf 90' lang='lat' dir='ltr'>a</span> <span class='ocrx_word' id='word_1_32' title='bbox 993 560 1147 622; x_wconf 89' lang='lat' dir='ltr'>prima</span> <span class='ocrx_word' id='word_1_33' title='bbox 1194 559 1402 622; x_wconf 80' lang='lat' dir='ltr'>strophe,</span> <span class='ocrx_word' id='word_1_34' title='bbox 1444 558 1490 604; x_wconf 91' lang='lat' dir='ltr'>id</span> <span class='ocrx_word' id='word_1_35' title='bbox 1531 567 1602 603; x_wconf 90' lang='lat' dir='ltr'>est</span> <span class='ocrx_word' id='word_1_36' title='bbox 1637 557 1776 621; x_wconf 90' lang='lat' dir='ltr'>epodi</span> 
     </span>
     <span class='ocr_line' id='line_1_6' title="bbox 265 634 1777 700; baseline -0.003 -17"><span class='ocrx_word' id='word_1_37' title='bbox 265 657 298 677; x_wconf 87' lang='lat'>11</span> <span class='ocrx_word' id='word_1_38' title='bbox 323 638 548 693; x_wconf 83' lang='lat' dir='ltr'>clausula,</span> <span class='ocrx_word' id='word_1_39' title='bbox 574 638 822 700; x_wconf 80' lang='lat' dir='ltr'><strong>discrepet.</strong></span> <span class='ocrx_word' id='word_1_40' title='bbox 891 637 1005 682; x_wconf 88' lang='lat' dir='ltr'>Tres</span> <span class='ocrx_word' id='word_1_41' title='bbox 1043 643 1200 680; x_wconf 87' lang='lat' dir='ltr'>autem</span> <span class='ocrx_word' id='word_1_42' title='bbox 1240 652 1399 680; x_wconf 88' lang='lat' dir='ltr'>versus</span> <span class='ocrx_word' id='word_1_43' title='bbox 1424 634 1547 679; x_wconf 87' lang='lat' dir='ltr'>inter</span> <span class='ocrx_word' id='word_1_44' title='bbox 1582 651 1629 679; x_wconf 92' lang='lat' dir='ltr'>se</span> <span class='ocrx_word' id='word_1_45' title='bbox 1666 651 1777 679; x_wconf 89' lang='lat' dir='ltr'>con-</span> 
     </span>
     <span class='ocr_line' id='line_1_7' title="bbox 321 709 1772 775; baseline -0.003 -16"><span class='ocrx_word' id='word_1_46' title='bbox 321 723 541 775; x_wconf 83' lang='lat' dir='ltr'>gruentes</span> <span class='ocrx_word' id='word_1_47' title='bbox 580 722 797 759; x_wconf 84' lang='lat' dir='ltr'>constant</span> <span class='ocrx_word' id='word_1_48' title='bbox 838 721 934 757; x_wconf 75' lang='lat' dir='ltr'>Xex</span> <span class='ocrx_word' id='word_1_49' title='bbox 976 711 1159 757; x_wconf 88' lang='lat' dir='ltr'>duobus</span> <span class='ocrx_word' id='word_1_50' title='bbox 1202 709 1536 766; x_wconf 83' lang='lat' dir='ltr'><strong>commatibus,</strong></span> <span class='ocrx_word' id='word_1_51' title='bbox 1572 727 1772 771; x_wconf 90' lang='lat' dir='ltr'>quorum</span> 
     </span>
     <span class='ocr_line' id='line_1_8' title="bbox 321 785 1776 851; baseline -0.003 -16"><span class='ocrx_word' id='word_1_52' title='bbox 321 789 444 851; x_wconf 90' lang='lat' dir='ltr'>quod</span> <span class='ocrx_word' id='word_1_53' title='bbox 489 788 725 834; x_wconf 78' lang='lat' dir='ltr'>antecedit</span> <span class='ocrx_word' id='word_1_54' title='bbox 765 805 823 833; x_wconf 84' lang='lat' dir='ltr'>ex</span> <span class='ocrx_word' id='word_1_55' title='bbox 864 795 886 826; x_wconf 73' lang='lat' dir='ltr'><strong><em>Y</em></strong></span> <span class='ocrx_word' id='word_1_56' title='bbox 905 794 1178 832; x_wconf 79' lang='lat' dir='ltr'>tetrametro</span> <span class='ocrx_word' id='word_1_57' title='bbox 1220 785 1462 831; x_wconf 87' lang='lat' dir='ltr'>trochaico</span> <span class='ocrx_word' id='word_1_58' title='bbox 1502 785 1776 831; x_wconf 85' lang='lat' dir='ltr'>catalectico</span> 
     </span>
     <span class='ocr_line' id='line_1_9' title="bbox 321 862 879 920; baseline -0.004 -10"><span class='ocrx_word' id='word_1_59' title='bbox 321 865 550 920; x_wconf 86' lang='lat' dir='ltr'>subsistit,</span> <span class='ocrx_word' id='word_1_60' title='bbox 575 873 627 909; x_wconf 85' lang='lat' dir='ltr'>ut</span> <span class='ocrx_word' id='word_1_61' title='bbox 654 873 723 909; x_wconf 90' lang='lat' dir='ltr'>est</span> <span class='ocrx_word' id='word_1_62' title='bbox 747 862 879 919; x_wconf 86' lang='lat' dir='ltr'>illud,</span> 
     </span>
     <span class='ocr_line' id='line_1_10' title="bbox 419 937 1653 1000; baseline -0.003 -14"><span class='ocrx_word' id='word_1_63' title='bbox 419 939 511 986; x_wconf 77' lang='lat' dir='ltr'>Est</span> <span class='ocrx_word' id='word_1_64' title='bbox 536 939 659 985; x_wconf 79' lang='lat' dir='ltr'>celer</span> <span class='ocrx_word' id='word_1_65' title='bbox 683 938 923 985; x_wconf 76' lang='lat' dir='ltr'>Plzaselzcs</span> <span class='ocrx_word' id='word_1_66' title='bbox 948 938 1030 984; x_wconf 74' lang='lat' dir='ltr'>ille</span> <span class='ocrx_word' id='word_1_67' title='bbox 1053 954 1190 1000; x_wconf 83' lang='lat' dir='ltr'>quem</span> <span class='ocrx_word' id='word_1_68' title='bbox 1213 937 1386 983; x_wconf 77' lang='lat' dir='ltr'>videtis</span> <span class='ocrx_word' id='word_1_69' title='bbox 1411 937 1653 999; x_wconf 73' lang='lat' dir='ltr'>zhospites.</span> 
     </span>
     <span class='ocr_line' id='line_1_11' title="bbox 263 1015 787 1068; baseline -0.002 -7"><span class='ocrx_word' id='word_1_70' title='bbox 263 1031 298 1051; x_wconf 81' lang='lat'>12</span> <span class='ocrx_word' id='word_1_71' title='bbox 320 1015 584 1061; x_wconf 87' lang='lat' dir='ltr'>Residuum</span> <span class='ocrx_word' id='word_1_72' title='bbox 613 1024 787 1068; x_wconf 81' lang='lat' dir='ltr'>autem,</span> 
     </span>
     <span class='ocr_line' id='line_1_12' title="bbox 418 1091 887 1155; baseline -0.002 -18"><span class='ocrx_word' id='word_1_73' title='bbox 418 1091 563 1138; x_wconf 64' lang='lat' dir='ltr'>[Vivis</span> <span class='ocrx_word' id='word_1_74' title='bbox 588 1098 732 1155; x_wconf 79' lang='lat' dir='ltr'>atque</span> <span class='ocrx_word' id='word_1_75' title='bbox 758 1091 887 1147; x_wconf 62' lang='lat' dir='ltr'>dine,</span> 
     </span>
     <span class='ocr_line' id='line_1_13' title="bbox 319 1164 1773 1231; baseline -0.002 -18"><span class='ocrx_word' id='word_1_76' title='bbox 319 1168 405 1214; x_wconf 92' lang='lat' dir='ltr'>erit</span> <span class='ocrx_word' id='word_1_77' title='bbox 434 1176 605 1231; x_wconf 73' lang='lat' dir='ltr'>acaput</span> <span class='ocrx_word' id='word_1_78' title='bbox 640 1167 839 1213; x_wconf 81' lang='lat' dir='ltr'>trimetri</span> <span class='ocrx_word' id='word_1_79' title='bbox 877 1167 1095 1213; x_wconf 87' lang='lat' dir='ltr'>iambici:</span> <span class='ocrx_word' id='word_1_80' title='bbox 1150 1183 1294 1228; x_wconf 85' lang='lat' dir='ltr'>quem</span> <span class='ocrx_word' id='word_1_81' title='bbox 1336 1165 1572 1228; x_wconf 87' lang='lat' dir='ltr'>integrum</span> <span class='ocrx_word' id='word_1_82' title='bbox 1610 1164 1773 1211; x_wconf 88' lang='lat' dir='ltr'>reddes</span> 
     </span>
     <span class='ocr_line' id='line_1_14' title="bbox 320 1242 1490 1306; baseline -0.002 -16"><span class='ocrx_word' id='word_1_83' title='bbox 320 1245 355 1290; x_wconf 90' lang='lat' dir='ltr'>si</span> <span class='ocrx_word' id='word_1_84' title='bbox 382 1253 556 1290; x_wconf 89' lang='lat' dir='ltr'>ceteras</span> <span class='ocrx_word' id='word_1_85' title='bbox 584 1243 624 1288; x_wconf 89' lang='lat' dir='ltr'>ei</span> <span class='ocrx_word' id='word_1_86' title='bbox 651 1252 804 1306; x_wconf 89' lang='lat' dir='ltr'>partes</span> <span class='ocrx_word' id='word_1_87' title='bbox 831 1244 901 1288; x_wconf 85' lang='lat' dir='ltr'>sui</span> <span class='ocrx_word' id='word_1_88' title='bbox 927 1243 1110 1306; x_wconf 86' lang='lat' dir='ltr'>generis</span> <span class='ocrx_word' id='word_1_89' title='bbox 1136 1242 1383 1306; x_wconf 89' lang='lat' dir='ltr'>copularis,</span> <span class='ocrx_word' id='word_1_90' title='bbox 1411 1242 1490 1297; x_wconf 83' lang='lat' dir='ltr'>ita,</span> 
     </span>
     <span class='ocr_line' id='line_1_15' title="bbox 450 1316 1463 1384; baseline -0.002 -18"><span class='ocrx_word' id='word_1_91' title='bbox 450 1320 596 1366; x_wconf 77' lang='lat' dir='ltr'>Nivis</span> <span class='ocrx_word' id='word_1_92' title='bbox 621 1327 764 1384; x_wconf 82' lang='lat' dir='ltr'>atque</span> <span class='ocrx_word' id='word_1_93' title='bbox 788 1321 903 1366; x_wconf 74' lang='lat' dir='ltr'>dirce</span> <span class='ocrx_word' id='word_1_94' title='bbox 929 1321 1117 1366; x_wconf 77' lang='lat' dir='ltr'>densior</span> <span class='ocrx_word' id='word_1_95' title='bbox 1141 1319 1328 1365; x_wconf 74' lang='lat' dir='ltr'>nimbus</span> <span class='ocrx_word' id='word_1_96' title='bbox 1333 1316 1463 1383; x_wconf 80' lang='lat' dir='ltr'>fuit.</span> 
     </span>
     <span class='ocr_line' id='line_1_16' title="bbox 320 1394 1774 1460; baseline -0.002 -18"><span class='ocrx_word' id='word_1_97' title='bbox 320 1396 418 1443; x_wconf 90' lang='lat' dir='ltr'>Hic</span> <span class='ocrx_word' id='word_1_98' title='bbox 454 1403 717 1459; x_wconf 82' lang='lat' dir='ltr'>anapaestus</span> <span class='ocrx_word' id='word_1_99' title='bbox 753 1396 959 1460; x_wconf 88' lang='lat' dir='ltr'>primum</span> <span class='ocrx_word' id='word_1_100' title='bbox 994 1397 1152 1442; x_wconf 87' lang='lat' dir='ltr'>locum</span> <span class='ocrx_word' id='word_1_101' title='bbox 1179 1413 1262 1459; x_wconf 91' lang='lat' dir='ltr'>pro</span> <span class='ocrx_word' id='word_1_102' title='bbox 1289 1394 1498 1458; x_wconf 89' lang='lat' dir='ltr'>spondeo</span> <span class='ocrx_word' id='word_1_103' title='bbox 1522 1394 1774 1450; x_wconf 86' lang='lat' dir='ltr'>obtinebit,</span> 
     </span>
     <span class='ocr_line' id='line_1_17' title="bbox 318 1470 1771 1536; baseline -0.002 -18"><span class='ocrx_word' id='word_1_104' title='bbox 318 1483 370 1519; x_wconf 92' lang='lat' dir='ltr'>ut</span> <span class='ocrx_word' id='word_1_105' title='bbox 395 1490 740 1535; x_wconf 79' lang='lat' dir='ltr'>nonnunquam</span> <span class='ocrx_word' id='word_1_106' title='bbox 781 1473 1086 1536; x_wconf 85' lang='lat' dir='ltr'>repperimus,</span> <span class='ocrx_word' id='word_1_107' title='bbox 1119 1472 1302 1518; x_wconf 89' lang='lat' dir='ltr'>residua</span> <span class='ocrx_word' id='word_1_108' title='bbox 1338 1489 1443 1535; x_wconf 88' lang='lat' dir='ltr'>pars</span> <span class='ocrx_word' id='word_1_109' title='bbox 1470 1471 1557 1516; x_wconf 89' lang='lat' dir='ltr'>erit</span> <span class='ocrx_word' id='word_1_110' title='bbox 1581 1470 1771 1516; x_wconf 87' lang='lat' dir='ltr'>iambici</span> 
     </span>
     <span class='ocr_line' id='line_1_18' title="bbox 264 1545 1774 1607; baseline 0 -15"><span class='ocrx_word' id='word_1_111' title='bbox 264 1571 299 1600; x_wconf 83' lang='lat'>13</span> <span class='ocrx_word' id='word_1_112' title='bbox 319 1566 492 1594; x_wconf 84' lang='lat' dir='ltr'>versus.</span> <span class='ocrx_word' id='word_1_113' title='bbox 564 1548 742 1594; x_wconf 89' lang='lat' dir='ltr'>Ordine</span> <span class='ocrx_word' id='word_1_114' title='bbox 768 1558 924 1594; x_wconf 87' lang='lat' dir='ltr'>autem</span> <span class='ocrx_word' id='word_1_115' title='bbox 955 1548 1367 1594; x_wconf 80' lang='lat' dir='ltr'>hemistichiorum</span> <span class='ocrx_word' id='word_1_116' title='bbox 1400 1556 1598 1604; x_wconf 88' lang='lat' dir='ltr'>mutato,</span> <span class='ocrx_word' id='word_1_117' title='bbox 1620 1545 1774 1607; x_wconf 86' lang='lat' dir='ltr'>adjec-</span> 
     </span>
     <span class='ocr_line' id='line_1_19' title="bbox 319 1623 1290 1688; baseline -0.002 -18"><span class='ocrx_word' id='word_1_118' title='bbox 319 1625 378 1670; x_wconf 87' lang='lat' dir='ltr'>tis</span> <span class='ocrx_word' id='word_1_119' title='bbox 404 1625 586 1671; x_wconf 88' lang='lat' dir='ltr'>duabus</span> <span class='ocrx_word' id='word_1_120' title='bbox 613 1625 820 1688; x_wconf 85' lang='lat' dir='ltr'>syllabis,</span> <span class='ocrx_word' id='word_1_121' title='bbox 846 1626 933 1671; x_wconf 89' lang='lat' dir='ltr'>erit</span> <span class='ocrx_word' id='word_1_122' title='bbox 957 1625 1182 1677; x_wconf 80' lang='lat' dir='ltr'>trimeter,</span> <span class='ocrx_word' id='word_1_123' title='bbox 1209 1623 1290 1677; x_wconf 86' lang='lat' dir='ltr'>sic,</span> 
     </span>
     <span class='ocr_line' id='line_1_20' title="bbox 452 1699 1502 1764; baseline -0.002 -18"><span class='ocrx_word' id='word_1_124' title='bbox 452 1701 596 1747; x_wconf 50' lang='lat' dir='ltr'>[Vivis</span> <span class='ocrx_word' id='word_1_125' title='bbox 618 1708 762 1764; x_wconf 81' lang='lat' dir='ltr'>atque</span> <span class='ocrx_word' id='word_1_126' title='bbox 787 1700 1023 1763; x_wconf 75' lang='lat' dir='ltr'>dircejam</span> <span class='ocrx_word' id='word_1_127' title='bbox 1046 1700 1166 1745; x_wconf 78' lang='lat' dir='ltr'>satis</span> <span class='ocrx_word' id='word_1_128' title='bbox 1191 1699 1333 1745; x_wconf 78' lang='lat' dir='ltr'>terris</span> <span class='ocrx_word' id='word_1_129' title='bbox 1358 1699 1502 1745; x_wconf 80' lang='lat' dir='ltr'>dedit.</span> 
     </span>
     <span class='ocr_line' id='line_1_21' title="bbox 264 1776 1774 1838; baseline 0.002 -19"><span class='ocrx_word' id='word_1_130' title='bbox 264 1799 300 1828; x_wconf 77' lang='lat'>¹4</span> <span class='ocrx_word' id='word_1_131' title='bbox 321 1777 528 1829; x_wconf 82' lang='lat' dir='ltr'>Quartus</span> <span class='ocrx_word' id='word_1_132' title='bbox 553 1776 680 1821; x_wconf 89' lang='lat' dir='ltr'>enim</span> <span class='ocrx_word' id='word_1_133' title='bbox 716 1794 875 1823; x_wconf 90' lang='lat' dir='ltr'>versus</span> <span class='ocrx_word' id='word_1_134' title='bbox 914 1776 1174 1822; x_wconf 86' lang='lat' dir='ltr'>hexametri</span> <span class='ocrx_word' id='word_1_135' title='bbox 1210 1777 1420 1822; x_wconf 88' lang='lat' dir='ltr'>clausula</span> <span class='ocrx_word' id='word_1_136' title='bbox 1448 1785 1533 1832; x_wconf 88' lang='lat' dir='ltr'>est,</span> <span class='ocrx_word' id='word_1_137' title='bbox 1558 1793 1651 1838; x_wconf 89' lang='lat' dir='ltr'>qua</span> <span class='ocrx_word' id='word_1_138' title='bbox 1675 1793 1774 1822; x_wconf 87' lang='lat' dir='ltr'>car-</span> 
     </span>
     <span class='ocr_line' id='line_1_22' title="bbox 320 1853 1772 1917; baseline 0.001 -19"><span class='ocrx_word' id='word_1_139' title='bbox 320 1871 428 1899; x_wconf 88' lang='lat' dir='ltr'>men</span> <span class='ocrx_word' id='word_1_140' title='bbox 468 1853 761 1917; x_wconf 88' lang='lat' dir='ltr'>Sapphicum</span> <span class='ocrx_word' id='word_1_141' title='bbox 803 1854 1089 1900; x_wconf 87' lang='lat' dir='ltr'>bdimetrum</span> <span class='ocrx_word' id='word_1_142' title='bbox 1131 1853 1512 1917; x_wconf 86' lang='lat' dir='ltr'>pentasyllabum</span> <span class='ocrx_word' id='word_1_143' title='bbox 1557 1854 1772 1916; x_wconf 88' lang='lat' dir='ltr'>superius</span> 
     </span>
     <span class='ocr_line' id='line_1_23' title="bbox 320 1930 1242 1994; baseline 0 -18"><span class='ocrx_word' id='word_1_144' title='bbox 320 1930 441 1976; x_wconf 91' lang='lat' dir='ltr'>inter</span> <span class='ocrx_word' id='word_1_145' title='bbox 465 1931 684 1994; x_wconf 83' lang='lat' dir='ltr'>exempla</span> <span class='ocrx_word' id='word_1_146' title='bbox 709 1930 1082 1994; x_wconf 77' lang='lat' dir='ltr'>cproposuimus.</span> <span class='ocrx_word' id='word_1_147' title='bbox 1154 1930 1242 1984; x_wconf 85' lang='lat' dir='ltr'>Ita,</span> 
     </span>
     <span class='ocr_line' id='line_1_24' title="bbox 653 2007 1065 2062; baseline -0.002 -9"><span class='ocrx_word' id='word_1_148' title='bbox 653 2007 852 2053; x_wconf 79' lang='lat' dir='ltr'>Primus</span> <span class='ocrx_word' id='word_1_149' title='bbox 875 2008 929 2054; x_wconf 86' lang='lat' dir='ltr'>ob</span> <span class='ocrx_word' id='word_1_150' title='bbox 953 2007 1065 2062; x_wconf 80' lang='lat' dir='ltr'>oris,</span> 
     </span>
     <span class='ocr_line' id='line_1_25' title="bbox 655 2084 1001 2138; baseline 0.003 -10"><span class='ocrx_word' id='word_1_151' title='bbox 655 2084 828 2129; x_wconf 77' lang='lat' dir='ltr'>Troius</span> <span class='ocrx_word' id='word_1_152' title='bbox 851 2084 1001 2138; x_wconf 79' lang='lat' dir='ltr'>heros,</span> 
     </span>
     <span class='ocr_line' id='line_1_26' title="bbox 649 2157 1131 2222; baseline -0.002 -18"><span class='ocrx_word' id='word_1_153' title='bbox 649 2157 1131 2222; x_wconf 75' lang='lat' dir='ltr'>dPerditaflammis,</span> 
     </span>
     <span class='ocr_line' id='line_1_27' title="bbox 649 2233 1139 2298; baseline -0.002 -18"><span class='ocrx_word' id='word_1_154' title='bbox 649 2233 899 2298; x_wconf 79' lang='lat' dir='ltr'>Pergama</span> <span class='ocrx_word' id='word_1_155' title='bbox 923 2233 1139 2297; x_wconf 72' lang='lat' dir='ltr'>elinquit.</span> 
     </span>
    </p>
   </div>
   <div class='ocr_carea' id='block_1_3' title="bbox 320 2325 1774 2535">
    <p class='ocr_par' dir='ltr' id='par_1_3' title="bbox 320 2325 1774 2535">
     <span class='ocr_line' id='line_1_28' title="bbox 373 2325 1772 2376; baseline 0.002 -14"><span class='ocrx_word' id='word_1_156' title='bbox 373 2333 393 2351; x_wconf 81' lang='lat'>¹¹</span> <span class='ocrx_word' id='word_1_157' title='bbox 414 2325 608 2375; x_wconf 85' lang='lat' dir='ltr'>quoniam]</span> <span class='ocrx_word' id='word_1_158' title='bbox 634 2340 744 2375; x_wconf 89' lang='lat' dir='ltr'>quam</span> <span class='ocrx_word' id='word_1_159' title='bbox 767 2328 807 2363; x_wconf 92' lang='lat' dir='ltr'>P.</span> <span class='ocrx_word' id='word_1_160' title='bbox 934 2334 963 2352; x_wconf 83' lang='lat' dir='ltr'>w</span> <span class='ocrx_word' id='word_1_161' title='bbox 983 2328 1081 2376; x_wconf 85' lang='lat' dir='ltr'>quae]</span> <span class='ocrx_word' id='word_1_162' title='bbox 1106 2327 1169 2376; x_wconf 87' lang='lat' dir='ltr'>qui</span> <span class='ocrx_word' id='word_1_163' title='bbox 1189 2327 1230 2362; x_wconf 92' lang='lat' dir='ltr'>P.</span> <span class='ocrx_word' id='word_1_164' title='bbox 1340 2333 1359 2352; x_wconf 74' lang='lat' dir='ltr'>X</span> <span class='ocrx_word' id='word_1_165' title='bbox 1381 2327 1434 2374; x_wconf 87' lang='lat' dir='ltr'>et]</span> <span class='ocrx_word' id='word_1_166' title='bbox 1458 2339 1502 2363; x_wconf 82' lang='lat' dir='ltr'>ex</span> <span class='ocrx_word' id='word_1_167' title='bbox 1522 2328 1561 2363; x_wconf 94' lang='lat' dir='ltr'>P.</span> <span class='ocrx_word' id='word_1_168' title='bbox 1583 2327 1640 2364; x_wconf 84' lang='lat' dir='ltr'>ed.</span> <span class='ocrx_word' id='word_1_169' title='bbox 1665 2329 1772 2365; x_wconf 85' lang='lat' dir='ltr'>Cam.</span> 
     </span>
     <span class='ocr_line' id='line_1_29' title="bbox 320 2378 1774 2428; baseline 0.002 -14"><span class='ocrx_word' id='word_1_170' title='bbox 320 2387 338 2414; x_wconf 71' lang='grc' dir='ltr'><em>Υ</em></span> <span class='ocrx_word' id='word_1_171' title='bbox 359 2380 545 2426; x_wconf 83' lang='lat' dir='ltr'>trimetro]</span> <span class='ocrx_word' id='word_1_172' title='bbox 570 2388 784 2416; x_wconf 84' lang='lat' dir='ltr'>tetrametro</span> <span class='ocrx_word' id='word_1_173' title='bbox 805 2381 846 2415; x_wconf 92' lang='lat' dir='ltr'>P.</span> <span class='ocrx_word' id='word_1_174' title='bbox 928 2388 943 2407; x_wconf 81' lang='lat' dir='ltr'><strong>Z</strong></span> <span class='ocrx_word' id='word_1_175' title='bbox 964 2381 1054 2415; x_wconf 89' lang='lat' dir='ltr'>Post</span> <span class='ocrx_word' id='word_1_176' title='bbox 1075 2379 1239 2428; x_wconf 87' lang='lat' dir='ltr'>hospites</span> <span class='ocrx_word' id='word_1_177' title='bbox 1259 2378 1363 2416; x_wconf 83' lang='lat' dir='ltr'>addit</span> <span class='ocrx_word' id='word_1_178' title='bbox 1382 2380 1421 2415; x_wconf 90' lang='lat' dir='ltr'>P.</span> <span class='ocrx_word' id='word_1_179' title='bbox 1443 2388 1479 2415; x_wconf 90' lang='lat' dir='ltr'>et</span> <span class='ocrx_word' id='word_1_180' title='bbox 1499 2380 1570 2423; x_wconf 86' lang='lat' dir='ltr'>hic,</span> <span class='ocrx_word' id='word_1_181' title='bbox 1586 2380 1665 2427; x_wconf 88' lang='lat' dir='ltr'>jam</span> <span class='ocrx_word' id='word_1_182' title='bbox 1687 2383 1774 2418; x_wconf 89' lang='lat' dir='ltr'>satis</span> 
     </span>
     <span class='ocr_line' id='line_1_30' title="bbox 321 2432 1773 2483; baseline 0.002 -15"><span class='ocrx_word' id='word_1_183' title='bbox 321 2432 426 2468; x_wconf 88' lang='lat' dir='ltr'>terris</span> <span class='ocrx_word' id='word_1_184' title='bbox 456 2432 590 2468; x_wconf 85' lang='lat' dir='ltr'>dedere</span> <span class='ocrx_word' id='word_1_185' title='bbox 616 2432 756 2481; x_wconf 86' lang='lat' dir='ltr'>largum</span> <span class='ocrx_word' id='word_1_186' title='bbox 788 2433 944 2469; x_wconf 85' lang='lat' dir='ltr'>imbrem</span> <span class='ocrx_word' id='word_1_187' title='bbox 974 2434 1151 2481; x_wconf 85' lang='lat' dir='ltr'>hospites.</span> <span class='ocrx_word' id='word_1_188' title='bbox 1371 2440 1388 2458; x_wconf 82' lang='lat' dir='ltr'>a</span> <span class='ocrx_word' id='word_1_189' title='bbox 1409 2434 1537 2481; x_wconf 84' lang='lat' dir='ltr'>caput]</span> <span class='ocrx_word' id='word_1_190' title='bbox 1561 2433 1714 2483; x_wconf 86' lang='lat' dir='ltr'>incaput</span> <span class='ocrx_word' id='word_1_191' title='bbox 1733 2435 1773 2471; x_wconf 92' lang='lat' dir='ltr'>P.</span> 
     </span>
     <span class='ocr_line' id='line_1_31' title="bbox 320 2483 1773 2535; baseline 0.003 -15"><span class='ocrx_word' id='word_1_192' title='bbox 320 2483 339 2511; x_wconf 89' lang='lat' dir='ltr'>b</span> <span class='ocrx_word' id='word_1_193' title='bbox 362 2484 578 2532; x_wconf 85' lang='lat' dir='ltr'>dimetrum]</span> <span class='ocrx_word' id='word_1_194' title='bbox 611 2498 655 2521; x_wconf 84' lang='lat' dir='ltr'>ex</span> <span class='ocrx_word' id='word_1_195' title='bbox 676 2486 875 2521; x_wconf 85' lang='lat' dir='ltr'>dimetrum</span> <span class='ocrx_word' id='word_1_196' title='bbox 896 2487 938 2521; x_wconf 90' lang='lat' dir='ltr'>P.</span> <span class='ocrx_word' id='word_1_197' title='bbox 1155 2493 1171 2512; x_wconf 85' lang='lat' dir='ltr'>c</span> <span class='ocrx_word' id='word_1_198' title='bbox 1202 2486 1411 2535; x_wconf 87' lang='lat' dir='ltr'>posuimus]</span> <span class='ocrx_word' id='word_1_199' title='bbox 1445 2486 1706 2535; x_wconf 87' lang='lat' dir='ltr'>proposuimus</span> <span class='ocrx_word' id='word_1_200' title='bbox 1733 2488 1773 2524; x_wconf 90' lang='lat' dir='ltr'>P.</span> 
     </span>
    </p>
   </div>
   <div class='ocr_carea' id='block_1_4' title="bbox 320 2536 1301 2588">
    <p class='ocr_par' dir='ltr' id='par_1_4' title="bbox 320 2536 1301 2588">
     <span class='ocr_line' id='line_1_32' title="bbox 320 2536 1301 2588; baseline 0.001 -14"><span class='ocrx_word' id='word_1_201' title='bbox 320 2536 340 2564; x_wconf 87' lang='lat' dir='ltr'>d</span> <span class='ocrx_word' id='word_1_202' title='bbox 358 2538 517 2587; x_wconf 84' lang='lat' dir='ltr'>perdita]</span> <span class='ocrx_word' id='word_1_203' title='bbox 544 2538 743 2588; x_wconf 81' lang='lat' dir='ltr'>imperdita</span> <span class='ocrx_word' id='word_1_204' title='bbox 763 2539 801 2574; x_wconf 90' lang='lat' dir='ltr'>P.</span> <span class='ocrx_word' id='word_1_205' title='bbox 915 2546 931 2565; x_wconf 86' lang='lat' dir='ltr'>e</span> <span class='ocrx_word' id='word_1_206' title='bbox 952 2537 1102 2587; x_wconf 81' lang='lat' dir='ltr'>linquit]</span> <span class='ocrx_word' id='word_1_207' title='bbox 1125 2538 1239 2587; x_wconf 89' lang='lat' dir='ltr'>liquid</span> <span class='ocrx_word' id='word_1_208' title='bbox 1261 2540 1301 2575; x_wconf 92' lang='lat' dir='ltr'>P.</span> 
     </span>
    </p>
   </div>
   <div class='ocr_carea' id='block_1_5' title="bbox 319 2617 1773 2987">
    <p class='ocr_par' dir='ltr' id='par_1_5' title="bbox 319 2617 1773 2933">
     <span class='ocr_line' id='line_1_33' title="bbox 319 2617 1773 2670; baseline 0.001 -15"><span class='ocrx_word' id='word_1_209' title='bbox 319 2628 358 2656; x_wconf 88' lang='lat' dir='ltr'>to</span> <span class='ocrx_word' id='word_1_210' title='bbox 401 2621 590 2655; x_wconf 75' lang='lat' dir='ltr'>trimoeron.</span> <span class='ocrx_word' id='word_1_211' title='bbox 674 2620 774 2655; x_wconf 88' lang='lat' dir='ltr'>Nam</span> <span class='ocrx_word' id='word_1_212' title='bbox 817 2619 931 2655; x_wconf 86' lang='lat' dir='ltr'>diviso</span> <span class='ocrx_word' id='word_1_213' title='bbox 980 2617 1018 2654; x_wconf 92' lang='lat' dir='ltr'>in</span> <span class='ocrx_word' id='word_1_214' title='bbox 1074 2618 1288 2655; x_wconf 86' lang='lat' dir='ltr'>hexametro</span> <span class='ocrx_word' id='word_1_215' title='bbox 1315 2619 1430 2655; x_wconf 91' lang='lat' dir='ltr'>heroo</span> <span class='ocrx_word' id='word_1_216' title='bbox 1456 2619 1578 2655; x_wconf 87' lang='lat' dir='ltr'>soluto</span> <span class='ocrx_word' id='word_1_217' title='bbox 1601 2619 1637 2656; x_wconf 90' lang='lat' dir='ltr'>in</span> <span class='ocrx_word' id='word_1_218' title='bbox 1661 2621 1773 2670; x_wconf 85' lang='lat' dir='ltr'>pedes</span> 
     </span>
     <span class='ocr_line' id='line_1_34' title="bbox 320 2671 1771 2722; baseline 0.001 -14"><span class='ocrx_word' id='word_1_219' title='bbox 320 2681 394 2709; x_wconf 84' lang='lat' dir='ltr'>tres</span> <span class='ocrx_word' id='word_1_220' title='bbox 414 2682 536 2721; x_wconf 88' lang='lat' dir='ltr'>partes</span> <span class='ocrx_word' id='word_1_221' title='bbox 558 2673 772 2708; x_wconf 76' lang='lat' dir='ltr'>hexametro</span> <span class='ocrx_word' id='word_1_222' title='bbox 794 2673 919 2715; x_wconf 82' lang='lat' dir='ltr'>heroo,</span> <span class='ocrx_word' id='word_1_223' title='bbox 941 2671 1016 2707; x_wconf 84' lang='lat' dir='ltr'>sin·</span> <span class='ocrx_word' id='word_1_224' title='bbox 1071 2683 1132 2707; x_wconf 87' lang='lat' dir='ltr'>sex</span> <span class='ocrx_word' id='word_1_225' title='bbox 1151 2679 1242 2720; x_wconf 88' lang='lat' dir='ltr'>quot</span> <span class='ocrx_word' id='word_1_226' title='bbox 1255 2672 1404 2720; x_wconf 87' lang='lat' dir='ltr'>quidem</span> <span class='ocrx_word' id='word_1_227' title='bbox 1420 2672 1482 2708; x_wconf 91' lang='lat' dir='ltr'>ille</span> <span class='ocrx_word' id='word_1_228' title='bbox 1502 2674 1668 2722; x_wconf 89' lang='lat' dir='ltr'>partibus</span> <span class='ocrx_word' id='word_1_229' title='bbox 1681 2687 1771 2710; x_wconf 90' lang='lat' dir='ltr'>con-</span> 
     </span>
     <span class='ocr_line' id='line_1_35' title="bbox 319 2723 1770 2775; baseline 0.001 -14"><span class='ocrx_word' id='word_1_230' title='bbox 319 2725 413 2775; x_wconf 84' lang='lat' dir='ltr'>gulae</span> <span class='ocrx_word' id='word_1_231' title='bbox 435 2725 731 2774; x_wconf 86' lang='lat' dir='ltr'>complectentur</span> <span class='ocrx_word' id='word_1_232' title='bbox 751 2725 858 2761; x_wconf 87' lang='lat' dir='ltr'>binos</span> <span class='ocrx_word' id='word_1_233' title='bbox 887 2724 1013 2773; x_wconf 87' lang='lat' dir='ltr'>pedes,</span> <span class='ocrx_word' id='word_1_234' title='bbox 1072 2723 1227 2766; x_wconf 87' lang='lat' dir='ltr'>stiterat‚</span> <span class='ocrx_word' id='word_1_235' title='bbox 1250 2725 1323 2761; x_wconf 93' lang='lat' dir='ltr'>duo</span> <span class='ocrx_word' id='word_1_236' title='bbox 1353 2725 1466 2774; x_wconf 86' lang='lat' dir='ltr'>pedes</span> <span class='ocrx_word' id='word_1_237' title='bbox 1496 2729 1624 2775; x_wconf 75' lang='grc' dir='ltr'>δίμοιρον</span> <span class='ocrx_word' id='word_1_238' title='bbox 1655 2727 1770 2763; x_wconf 83' lang='lat' dir='ltr'>habe-</span> 
     </span>
     <span class='ocr_line' id='line_1_36' title="bbox 320 2778 1770 2828; baseline 0.001 -14"><span class='ocrx_word' id='word_1_239' title='bbox 320 2779 430 2815; x_wconf 90' lang='lat' dir='ltr'>iidem</span> <span class='ocrx_word' id='word_1_240' title='bbox 452 2786 560 2815; x_wconf 87' lang='lat' dir='ltr'>erunt</span> <span class='ocrx_word' id='word_1_241' title='bbox 580 2778 744 2828; x_wconf 84' lang='lat' dir='ltr'>ejusdem</span> <span class='ocrx_word' id='word_1_242' title='bbox 769 2779 914 2826; x_wconf 80' lang='lat' dir='ltr'>generis</span> <span class='ocrx_word' id='word_1_243' title='bbox 936 2790 1015 2814; x_wconf 85' lang='lat' dir='ltr'>ver·</span> <span class='ocrx_word' id='word_1_244' title='bbox 1074 2778 1177 2820; x_wconf 81' lang='lat' dir='ltr'>bunt,</span> <span class='ocrx_word' id='word_1_245' title='bbox 1214 2779 1267 2813; x_wconf 87' lang='lat' dir='ltr'>ita</span> <span class='ocrx_word' id='word_1_246' title='bbox 1307 2787 1345 2814; x_wconf 84' lang='lat' dir='ltr'>ut</span> <span class='ocrx_word' id='word_1_247' title='bbox 1378 2778 1487 2815; x_wconf 87' lang='lat' dir='ltr'>unius</span> <span class='ocrx_word' id='word_1_248' title='bbox 1521 2778 1572 2815; x_wconf 88' lang='lat' dir='ltr'>rei</span> <span class='ocrx_word' id='word_1_249' title='bbox 1609 2778 1770 2816; x_wconf 87' lang='lat' dir='ltr'>diversas</span> 
     </span>
     <span class='ocr_line' id='line_1_37' title="bbox 320 2831 1769 2881; baseline 0 -13"><span class='ocrx_word' id='word_1_250' title='bbox 320 2845 426 2868; x_wconf 91' lang='lat' dir='ltr'>suum</span> <span class='ocrx_word' id='word_1_251' title='bbox 455 2834 608 2878; x_wconf 74' lang='grc' dir='ltr'>ὃίμετρω,</span> <span class='ocrx_word' id='word_1_252' title='bbox 629 2845 714 2867; x_wconf 85' lang='lat' dir='ltr'>cum</span> <span class='ocrx_word' id='word_1_253' title='bbox 744 2844 808 2881; x_wconf 86' lang='lat' dir='ltr'>per</span> <span class='ocrx_word' id='word_1_254' title='bbox 835 2832 1018 2877; x_wconf 71' lang='grc' dir='ltr'>μωσποὲίαν</span> <span class='ocrx_word' id='word_1_255' title='bbox 1074 2831 1340 2880; x_wconf 84' lang='lat' dir='ltr'>appellationes</span> <span class='ocrx_word' id='word_1_256' title='bbox 1371 2840 1559 2880; x_wconf 87' lang='lat' dir='ltr'>respectus</span> <span class='ocrx_word' id='word_1_257' title='bbox 1579 2832 1769 2869; x_wconf 83' lang='lat' dir='ltr'>diversitas</span> 
     </span>
     <span class='ocr_line' id='line_1_38' title="bbox 320 2882 1455 2933; baseline 0 -13"><span class='ocrx_word' id='word_1_258' title='bbox 320 2885 559 2921; x_wconf 83' lang='lat' dir='ltr'>scandantur.</span> <span class='ocrx_word' id='word_1_259' title='bbox 616 2885 739 2920; x_wconf 77' lang='lat' dir='ltr'>Erunt</span> <span class='ocrx_word' id='word_1_260' title='bbox 759 2893 796 2920; x_wconf 84' lang='lat' dir='ltr'>et</span> <span class='ocrx_word' id='word_1_261' title='bbox 821 2887 960 2932; x_wconf 75' lang='grc' dir='ltr'><em>δίμοιρον,</em></span> <span class='ocrx_word' id='word_1_262' title='bbox 982 2882 1017 2919; x_wconf 84' lang='lat' dir='ltr'>id</span> <span class='ocrx_word' id='word_1_263' title='bbox 1075 2883 1227 2933; x_wconf 86' lang='lat' dir='ltr'>peperit.</span> <span class='ocrx_word' id='word_1_264' title='bbox 1258 2884 1455 2920; x_wconf 86' lang='lat' dir='ltr'><strong>CAMER.</strong></span> 
     </span>
    </p>

    <p class='ocr_par' dir='ltr' id='par_1_6' title="bbox 320 2937 1015 2987">
     <span class='ocr_line' id='line_1_39' title="bbox 320 2937 1015 2987; baseline -0.001 -14"><span class='ocrx_word' id='word_1_265' title='bbox 320 2946 389 2980; x_wconf 88' lang='lat' dir='ltr'>est,</span> <span class='ocrx_word' id='word_1_266' title='bbox 430 2946 551 2987; x_wconf 82' lang='lat' dir='ltr'>partes</span> <span class='ocrx_word' id='word_1_267' title='bbox 590 2937 687 2973; x_wconf 87' lang='lat' dir='ltr'>illius</span> <span class='ocrx_word' id='word_1_268' title='bbox 727 2937 832 2973; x_wconf 83' lang='lat' dir='ltr'>binae.</span> <span class='ocrx_word' id='word_1_269' title='bbox 918 2937 1015 2972; x_wconf 86' lang='lat' dir='ltr'>Nam</span> 
     </span>
    </p>
   </div>
  </div>
 </body>
</html>
