1962 3355
143 235 249 265 CAP.
274 228 346 276 19.
438 217 522 262 De
545 223 666 262 tome
688 215 788 261 sive
810 214 1037 260 incisione
1058 229 1294 259 versuum.
1528 221 1588 270 87

141 340 252 403 plet.
289 337 444 383 Erunt
469 336 611 399 igitur
632 338 707 382 hae
726 334 832 381 duae
850 333 1134 397 principales
1158 342 1314 388 tomae,
1335 340 1385 378 ut
1409 331 1590 379 dictum

142 424 226 471 est,
251 413 423 459 heroici
449 429 607 458 versus
634 410 901 466 incisiones,
925 409 1097 471 quibus
1123 407 1340 454 similiter
1364 415 1411 453 et
1435 407 1592 452 nfliam-

142 490 234 536 bici
260 506 419 536 versus
452 487 649 534 trimetri
676 486 966 532 dividuntur.
1030 484 1120 529 Sed
1150 483 1220 529 his
1247 483 1292 528 in
1321 483 1464 528 heroo
1488 482 1592 528 duae
1609 497 1629 527 8

142 567 244 613 aliae
271 565 515 611 accedunt.
573 563 700 610 Nam
729 563 764 608 si
793 562 959 607 harum
986 569 1200 606 neutram
1229 558 1477 614 inveneris,
1503 566 1594 604 ter-

142 642 260 689 tium
298 641 589 687 ntroehaeum
627 640 673 684 in
711 656 847 685 versu
887 636 1150 698 conquireS‚
1187 634 1231 680 id
1265 643 1349 691 est,
1393 633 1595 697 penthe-

142 717 372 763 mimeren
399 716 662 779 ⁰disyllabo
687 715 923 761 clausam:
949 721 1001 758 ut
1025 721 1110 766 est,

273 791 535 855 Infandum
560 791 749 853 regina.

141 868 268 915 Nam
300 867 533 930 percussis
557 866 742 912 duobus
776 864 990 929 pedibuS,
1015 863 1180 909 tertius
1215 881 1298 927 pes
1333 863 1632 911 Ptrochaeus9

141 953 213 990 est
248 944 383 1008 gina,
426 943 500 989 cui
546 944 798 1003 conjuncta
845 940 996 986 brevis
1022 940 1090 1004 ju
1128 939 1389 986 secundum
1440 939 1593 1002 legem

141 1038 298 1066 versus
336 1019 628 1065 ‘lhexametri
665 1019 906 1081 dactylum
942 1016 1167 1079 complet,
1201 1017 1279 1062 bes
1311 1024 1470 1062 autem
1503 1015 1598 1078 syl-

142 1097 248 1142 laba
267 1105 313 1141 et
333 1113 520 1141 sensum
544 1094 794 1157 superioris
816 1094 904 1139 coli
928 1095 1145 1155 integrat,
1166 1102 1218 1138 ut
1238 1094 1320 1138 fiat
1335 1092 1597 1155 rhephthe„

142 1172 376 1227 mimeres,
401 1180 448 1216 et
480 1170 721 1232 sequentis
755 1169 886 1232 pedis
925 1169 1111 1214 initium
1144 1168 1341 1214 inducit.
1410 1167 1593 1213 Eodem
1617 1183 1655 1205 10

141 1247 285 1293 modo
323 1255 370 1291 et
407 1256 600 1307 quartus
646 1245 903 1290 Strochaeus
947 1244 1217 1307 accipietur,
1253 1243 1332 1305 qui
1381 1260 1483 1288 raro
1519 1243 1598 1289 ad-

144 1321 336 1367 modum
365 1321 635 1385 reperietur,
658 1330 711 1366 ut
736 1330 821 1376 est,

212 1397 330 1447 Quae
348 1415 449 1460 pax
473 1397 618 1461 longa
642 1397 894 1443 remiserat
919 1412 1055 1442 arma
1080 1411 1258 1441 novare
1278 1394 1534 1456 parabant.

142 1473 350 1525 Quartus
387 1491 467 1536 pes
503 1473 737 1519 trochaeus
775 1489 926 1528 arma,
968 1471 1094 1531 (vide
1128 1470 1594 1533 hephthemimerem
1618 1491 1652 1512 11

141 1549 396 1612 tdisyllabo
435 1549 658 1605 clausam,
693 1558 745 1594 ut
787 1550 960 1611 supra,)
1004 1548 1078 1594 cui
1126 1547 1307 1593 adnexa
1348 1547 1500 1592 brevis
1537 1563 1596 1592 no

141 1625 322 1687 syllaba
346 1624 620 1688 vdactylum
647 1624 751 1688 lege
772 1624 946 1670 heroici
972 1642 1130 1670 versus
1157 1623 1337 1685 implet.
1408 1622 1593 1668 Harum
1619 1644 1654 1665 12

142 1700 178 1745 si
220 1701 398 1746 nullam
440 1700 487 1745 in
535 1699 810 1746 hexametro
852 1700 1059 1763 speciem
1107 1700 1357 1755 inveneris,
1398 1699 1595 1744 heroum

141 1792 328 1820 versum
354 1775 461 1837 jure
489 1794 541 1821 ac
567 1776 735 1822 merito
761 1776 970 1839 negabis.
1039 1776 1401 1836 Nonnunquam
1437 1784 1594 1820 autem
1618 1800 1654 1829 13

142 1851 314 1906 evenit,
354 1860 406 1897 ut
443 1852 490 1897 in
530 1852 695 1897 eodem
735 1870 868 1898 versu
913 1853 1069 1916 plures
1117 1852 1385 1906 incisiones,
1427 1850 1473 1896 id
1513 1859 1597 1907 est,

142 1927 573 1990 penthemimeren,
619 1936 665 1972 et
725 1928 1188 1991 hephthemimeren,
1230 1936 1277 1972 et
1334 1944 1435 1972 eam
1490 1943 1597 1989 quae

143 2011 307 2064 quarta
345 2011 558 2049 wcaesura
590 2012 771 2065 partem
805 2003 1028 2050 orationis
1060 2003 1287 2049 terminat
1316 2006 1477 2065 (quam
1514 2002 1590 2048 hu-

143 2077 320 2124 colicon
346 2078 498 2124 Graeci
526 2078 712 2140 dicunt)
742 2080 1088 2142 Xreperiamus:
1127 2088 1195 2135 ut,

241 2154 399 2200 Arma
422 2155 674 2218 virumque
699 2172 815 2201 cano
848 2155 1003 2217 Trqjoe
1027 2156 1110 2219 qui
1125 2155 1316 2216 primus
1340 2154 1398 2200 ab
1422 2154 1533 2200 oris.

141 2230 268 2277 Nam
291 2230 362 2294 jce
387 2231 469 2294 qui
493 2248 574 2293 pes
611 2231 658 2276 in
683 2249 816 2277 versu
844 2241 1037 2293 quartus
1069 2249 1172 2277 eam
1206 2231 1485 2276 divisionem
1516 2247 1597 2276 ex-
1619 2255 1655 2284 14

139 2307 299 2369 plicat,
326 2324 467 2368 quam
509 2308 759 2354 bucolicon
784 2308 936 2354 vocari
969 2307 1149 2354 dictum
1176 2316 1260 2364 est,
1285 2308 1372 2353 sub
1395 2325 1488 2369 qua
1515 2324 1597 2370 pe-

141 2383 253 2428 dum
281 2383 582 2446 percussione
608 2384 1033 2447 sensus'impletur.
1101 2384 1229 2430 Nam
1262 2383 1465 2429 bucolici
1499 2400 1596 2428 me·
1617 2406 1652 2438 15

141 2457 199 2504 tri
238 2459 337 2504 haec
379 2459 454 2504 lex
492 2468 577 2515 est,
616 2477 759 2522 quam
802 2477 887 2523 per
923 2477 1065 2506 omne
1108 2477 1226 2523 opus
1263 2463 1334 2506 sui
1373 2459 1595 2505 carminis

194 2615 225 2634 m
245 2607 402 2645 Iambici
423 2610 478 2656 et]
502 2608 658 2645 Iambici
680 2622 802 2646 versus
823 2611 863 2646 P.
1019 2618 1039 2636 n
1058 2611 1297 2657 Trochaeum]
1320 2611 1530 2646 Trocheum
1553 2609 1594 2645 P.

142 2661 235 2696 Mox
258 2661 576 2698 Penthemimerin
598 2662 655 2698 ed.
679 2663 783 2699 Cam.
868 2670 886 2689 o
907 2663 1122 2712 dissyllabo]
1149 2664 1329 2713 disyllabo
1354 2664 1392 2699 P.
1460 2669 1479 2697 P
1499 2663 1595 2697 Tro-

143 2714 284 2760 chaeus]
302 2715 494 2751 Trocheus
515 2716 556 2752 P.
667 2723 687 2750 q
707 2716 909 2752 hexametri
929 2716 1134 2765 dactylum]
1157 2715 1337 2753 exametri
1357 2715 1533 2751 dactilum
1556 2714 1594 2749 P.

140 2772 156 2791 ¹·
176 2766 531 2815 hephthemimeres]
549 2767 835 2817 epthemimeres
852 2770 892 2805 P.
909 2777 947 2806 et
961 2782 1058 2805 mox.
1079 2768 1404 2819 hephthemimeris
1420 2768 1593 2804 ed.Cam.

141 2826 178 2854 et
198 2819 262 2854 inf.
417 2827 432 2846 s
451 2820 673 2867 Trochaeus]
698 2822 868 2858 trocheus
887 2823 927 2858 P.
1082 2822 1096 2848 t
1115 2823 1330 2872 dissyllabo]
1354 2820 1533 2868 disyllabo
1554 2819 1593 2853 P.

139 2878 160 2897 V
174 2871 393 2921 Dactylum]
416 2873 609 2910 Dactilum
631 2875 672 2911 P.
781 2882 810 2901 W
829 2876 984 2923 caesura]
1009 2888 1140 2912 cesura
1159 2876 1199 2912 P.
1310 2881 1330 2901 Χ
1351 2871 1591 2922 reperiamus]

142 2924 371 2974 reperiantur
391 2926 431 2962 P.
