1962 3355
313 232 403 270 184
821 221 980 268 Marii
1006 220 1244 268 Victorini
1557 232 1653 263 ΜΒ.
1678 232 1752 264 111.

444 343 606 390 Dulce
628 343 773 390 melos
794 343 932 389 Jovis
955 342 1083 389 alma
1101 340 1278 403 proles.

251 447 291 476 23
309 431 423 478 Non
455 430 794 494 supersederim
821 430 964 475 etiam
990 427 1321 479 “SallustianQ
1348 425 1429 486 qui
1453 425 1644 488 profluit
1667 433 1755 471 '‘ex

310 516 605 571 pentametro
630 506 799 552 heroo:

443 582 599 628 Falso
622 582 843 646 queritur
866 581 922 626 de
945 586 1123 625 natura
1146 595 1233 624 sua
1253 594 1407 641 gertus
1430 576 1699 622 humanum.

310 660 534 704 Detracta
566 658 694 703 enim
727 674 831 712 sua,
863 655 950 701 erit
988 671 1145 700 versus
1184 653 1395 699 trimeter
1433 651 1757 715 anapaesticus,

312 752 422 780 nam
447 734 604 780 veniet
628 734 672 778 in
698 733 898 779 formam
926 730 1224 795 pentametri,
1248 729 1330 785 sic,

448 809 688 859 Queritur
709 816 732 847 Υ
739 808 796 853 de
818 813 994 853 natura
1014 823 1171 869 genus
1193 805 1464 851 humanum.

253 909 294 938 24
311 885 537 931 zAdnexo
573 884 752 930 ultimae
789 883 911 946 parti
938 881 1087 947 falso,
1123 882 1210 928 erit
1251 881 1378 926 idem
1413 881 1624 927 trimeter
1655 898 1763 926 ana-

311 961 546 1024 paesticus‚
573 960 618 1005 in
647 976 742 1021 quo
773 959 925 1022 prima
951 958 1147 1021 syzygia
1172 956 1435 1004 continebit
1471 965 1762 1021 anapaestum

312 1047 357 1083 et
393 1035 676 1100 spondeum,
711 1036 943 1082 asecunda
975 1035 1091 1081 duos
1131 1033 1378 1098 sponde08‚
1414 1033 1550 1079 tertia
1586 1050 1769 1095 anapae-

312 1122 437 1159 stum
463 1121 509 1158 et
533 1111 811 1175 spondeum,

449 1188 689 1238 Queritur
714 1188 770 1233 de
794 1194 972 1234 natura
993 1204 1149 1251 genus
1173 1186 1429 1233 humanum
1437 1184 1594 1250 falso.

254 1284 290 1314 25
313 1264 559 1310 Calabrius
595 1263 736 1309 etiam
775 1281 948 1320 versus,
979 1263 1090 1325 quia
1126 1262 1310 1309 occasio
1345 1262 1610 1316 admonuit,
1648 1261 1771 1306 inter

313 1341 622 1404 anapaesticos
660 1339 1000 1393 numerabitur,
1025 1339 1219 1402 butpote
1251 1338 1331 1401 qui
1365 1355 1423 1384 ex
1460 1345 1698 1401 anapaesto
1723 1345 1770 1382 et

314 1416 523 1480 spondeo
548 1424 756 1462 constet:
794 1415 937 1471 velut,

371 1493 595 1532 Habentur
614 1498 661 1532 ut
681 1497 740 1531 est
760 1497 940 1540 ventum,
962 1491 1036 1530 tibi
1055 1504 1286 1545 comprecor
1306 1504 1486 1531 errorem
1504 1490 1693 1530 Similem.

255 1577 295 1609 26
314 1564 441 1610 Nam
470 1564 681 1610 continet
706 1573 965 1626 anapaestos
990 1563 1107 1608 duos
1133 1572 1178 1608 et
1211 1563 1491 1626 spondeum,
1517 1564 1628 1609 item
1657 1580 1766 1609 ana-

314 1649 483 1703 paestos
508 1639 651 1685 cduos
677 1648 724 1685 et
743 1638 1023 1702 spondeum,
1041 1639 1264 1685 ultimum
1287 1649 1578 1704 anapaestum
1607 1640 1766 1703 singu-

312 1716 473 1762 larem.

391 1868 525 1920 CAP.
556 1867 708 1919 XVI.
767 1871 851 1921 De
877 1878 1043 1921 metro
1076 1870 1436 1922 Chorz’ambz'eo
1463 1871 1600 1939 quod
1623 1888 1689 1922 ea.⁷

673 1962 1005 2022 pentametro
1030 1954 1184 2005 heroo
1211 1963 1407 2005 manat.

383 2059 489 2104 Nec
527 2058 685 2104 minus
724 2059 1118 2114 choriambicum,
1159 2059 1315 2122 dquod
1352 2069 1399 2105 et
1435 2060 1706 2116 Philicium,
1742 2076 1767 2104 e

316 2145 610 2198 pentametro
653 2135 797 2181 heroo
837 2135 1084 2182 derivatur.
1155 2135 1283 2181 Nam
1325 2136 1509 2182 duobus
1547 2135 1768 2198 dactylici

316 2229 475 2256 versus
502 2211 632 2268 colis,
651 2211 698 2256 id
724 2220 795 2256 est
815 2210 999 2257 duobus
1028 2211 1356 2266 hemistichiis,
1382 2211 1624 2269 fnascitur,
1649 2221 1770 2257 tam-

317 2303 478 2348 quam,
855 2338 866 2350 d

517 2351 652 2397 Dum
676 2368 807 2397 meus
833 2351 1021 2397 assiduo
1047 2351 1206 2398 luceat
1230 2352 1342 2415 igne
1346 2350 1514 2414 focus.

319 2417 460 2470 Item,

515 2479 674 2526 Nulla
696 2497 797 2526 meo
820 2481 980 2526 sedeat
1005 2481 1147 2527 turba
1164 2480 1373 2545 przfima
1396 2479 1508 2527 loco.

372 2598 394 2617 u
415 2591 643 2637 salustiano]
669 2590 878 2627 Allustiano
895 2592 933 2627 P.
1062 2598 1081 2617 X
1103 2592 1165 2638 ex]
1189 2599 1225 2627 et
1241 2592 1280 2627 P.
1401 2598 1420 2625 y
1440 2592 1485 2627 de
1503 2599 1633 2627 natura
1652 2604 1769 2641 genus

319 2645 543 2690 humanum]
567 2644 771 2679 humanum
793 2644 838 2680 de
857 2652 986 2679 natura
1005 2656 1123 2693 genus
1143 2645 1182 2680 P.
1203 2652 1240 2680 et
1260 2645 1311 2680 sic
1332 2643 1438 2680 infra.
1568 2651 1586 2669 z
1606 2646 1767 2691 annexo]

320 2697 478 2733 adnecto
500 2696 545 2732 P.
724 2703 743 2723 a
762 2697 942 2744 secunda]
968 2697 1131 2732 secundo
1151 2697 1193 2734 P.
1367 2695 1387 2723 b
1408 2697 1553 2745 utpote]
1580 2705 1709 2745 utpute
1729 2698 1769 2733 P.

321 2758 337 2776 ⁰
357 2751 468 2797 duos]
493 2750 565 2785 duo
586 2750 627 2786 P.
675 2750 766 2785 Mox
787 2751 971 2796 singulare
989 2750 1030 2785 P.
1053 2751 1157 2785 Cam.
1179 2751 1327 2786 Comm.
1464 2747 1483 2775 d
1503 2750 1619 2798 quod]
1645 2750 1707 2799 qui
1729 2751 1768 2786 P.

319 2803 414 2839 Blox
435 2801 643 2851 phalecium
668 2802 711 2837 P.
840 2800 855 2827 f
874 2801 1051 2849 nascitur]
1076 2803 1236 2839 nectitur
1256 2803 1295 2838 P.

379 2895 410 2919 1.
434 2882 675 2928 Phalaecium]
702 2881 794 2931 Leg.
816 2881 1021 2918 Philicium.
1071 2881 1155 2918 Vid.
1177 2894 1287 2931 supra
1307 2882 1357 2917 11.
1379 2883 1415 2918 6.
1439 2894 1583 2918 necnon
1616 2883 1768 2919 Santen.

319 2936 403 2971 Ter.
426 2936 548 2973 Maur.
573 2949 606 2984 p.
628 2936 719 2982 326.
