1962 3355
118 244 223 275 CAP.
244 239 289 275 4.
357 228 440 275 De
462 244 660 274 numero
686 227 1073 273 Horatianorum
1096 244 1332 274 versuum.
1476 236 1570 286 239

117 358 148 377 ¹¹¹
162 349 373 404 cowstite,
398 358 446 395 et
469 348 564 394 duo
589 348 783 395 trochaei
809 347 912 393 rint
935 354 1091 394 acuto.
1149 348 1463 394 Trochaicum
1503 347 1572 394 di-

118 433 321 470 metrum
351 423 696 481 catalecticum,
721 422 930 479 trochaei,

380 499 495 546 Non
521 500 637 546 ebur
659 516 809 562 neque
834 516 1050 544 aureum.

116 576 416 622 nIambicum
444 577 711 621 trimetrum
738 575 1084 629 catalecticum,

382 651 500 697 lllea
524 652 710 697 renidet
734 652 784 696 'in
809 651 941 696 domo
968 650 1184 696 lacunar.

114 726 402 773 Trimetrum
435 728 720 774 Oiambicum
749 728 1076 783 acatalectum‚

381 803 482 849 Ibis
505 803 742 850 Liburnis
766 804 891 849 inter
916 803 1016 849 alta
1041 804 1247 849 navium.

114 877 391 924 Dimetrum
418 879 678 925 iambicum
705 879 1032 932 acatalectum,

380 954 553 1000 Amice
570 954 955 1018 propugnacula.

115 1029 433 1092 Conpositum
477 1047 536 1075 ex
583 1030 962 1093 penthemimere
1011 1029 1236 1091 elegiam,
1277 1038 1324 1074 et
1370 1029 1573 1075 dimetro

117 1105 321 1151 iambico
348 1107 648 1159 Pacatalecto‚
673 1106 768 1152 duo
793 1106 968 1169 dactyli
995 1124 1103 1151 cum
1131 1106 1326 1168 syllaba,

381 1181 602 1227 Scribere
626 1182 897 1228 versiculos.

114 1255 258 1300 uno
284 1256 445 1310 iambi,
471 1256 634 1301 tertius
661 1256 914 1319 spondeus,
940 1265 1132 1318 quartus
1164 1256 1388 1311 ¹'iambus‚
1414 1272 1575 1301 amore

104 1348 387 1393 percussum
418 1332 578 1394 gravi.
629 1332 946 1395 Conpositum
975 1349 1030 1376 ex
1059 1331 1261 1376 dimetro
1287 1331 1491 1377 iambico
1527 1342 1574 1377 et

112 1409 492 1472 penthemimere
518 1409 740 1472 elegiaco,
766 1409 886 1455 Sduo
919 1409 1062 1455 iambi
1092 1410 1315 1472 nivesque
1340 1409 1410 1464 sle,
1431 1426 1573 1472 spon-

112 1485 226 1531 deus
253 1486 465 1542 tduczmt,
495 1486 681 1532 iambus
697 1486 883 1542 Jovem,
907 1486 1122 1549 dactylus
1148 1503 1275 1531 mmc
1292 1502 1428 1530 mare
1447 1501 1574 1530 nunc

110 1560 260 1607 silvoe.
332 1561 489 1607 Metra
515 1561 638 1625 apud
680 1563 936 1608 Horatium
972 1563 1115 1608 semel
1143 1561 1284 1615 dicta,
1310 1561 1573 1607 vchoriam-

112 1638 200 1682 bus
236 1637 397 1699 Lydia
434 1638 523 1694 dic,
559 1638 784 1684 bacchius
823 1656 912 1701 per
953 1655 1126 1695 omnes,
1164 1636 1274 1683 Hoc
1308 1646 1337 1666 w
1353 1638 1462 1683 deos
1500 1654 1569 1691 ve,

111 1712 327 1777 epitritus
354 1714 636 1761 Xsecundus.

209 1790 430 1837 Solvitur
454 1792 581 1837 acris
605 1791 769 1854 hyems
788 1798 941 1855 grata
965 1792 1066 1837 vice
1090 1792 1217 1838 veris
1241 1798 1286 1837 et
1313 1791 1506 1837 Favoni.

111 1866 223 1912 ,Non
249 1867 363 1912 ebur
388 1884 538 1929 neque
562 1885 777 1921 aureum,

178 1941 297 1987 Mea
321 1943 507 1988 renidet
531 1943 579 1988 in
604 1943 737 1989 domo
764 1943 979 1989 lacunar.

177 2017 402 2064 Scribere
422 2019 682 2065 versiculos
707 2037 868 2065 amore
885 2036 1165 2081 percussum
1185 2019 1344 2081 gravi.

177 2093 421 2157 lVivesque
446 2094 685 2140 deducunt
709 2095 892 2152 ιῙουθηι,
917 2112 1042 2140 nmio
1065 2111 1199 2140 mare
1222 2112 1349 2140 mmo
1371 2094 1517 2140 silvae.

110 2168 176 2214 Et
202 2187 342 2232 super
367 2170 438 2215 his
467 2170 709 2216 hactenus.

175 2246 320 2292 Nunc
345 2254 483 2292 Yvero
510 2246 545 2291 si
573 2265 665 2291 non
691 2247 865 2301 omnia,
892 2264 1207 2309 quaecumque
1227 2246 1348 2310 apud
1377 2247 1567 2293 Graecos
1589 2268 1603 2288 2

109 2332 310 2387 possunt
344 2323 557 2381 inveniri,
599 2324 690 2370 hoc
726 2323 1070 2369 commentario
1109 2322 1569 2386 comprehenderim,

112 2402 243 2457 (sunt
268 2400 395 2445 enim
422 2400 546 2462 apud
585 2400 755 2464 lyricos
788 2408 835 2446 et
858 2399 1066 2445 comicos
1098 2408 1261 2463 poetas
1299 2399 1568 2444 innumera-

111 2475 227 2520 biles
263 2483 522 2521 metrorum
557 2477 773 2539 species,)
811 2475 926 2522 illud
967 2484 1126 2521 tamen
1158 2492 1250 2521 non
1288 2474 1567 2538 adroganter

162 2678 193 2696 m
213 2669 390 2718 constite]
415 2670 650 2708 constiterint
670 2673 711 2708 P.
779 2679 799 2697 n
820 2671 1040 2719 iambicum]
1067 2671 1294 2708 trochaicum
1316 2672 1356 2708 P.
1431 2677 1449 2696 0
1469 2671 1563 2706 iam-

110 2723 252 2770 bicum]
279 2732 315 2759 et
335 2724 534 2760 iambicum
559 2725 598 2760 P.
761 2732 781 2760 P
801 2725 998 2772 catalecto]
1022 2725 1225 2761 acatalecto
1245 2726 1285 2760 P.
1452 2730 1470 2757 q
1492 2724 1565 2759 duo

108 2776 221 2813 iambi
243 2790 315 2812 om.
339 2777 377 2811 P.
489 2784 504 2802 r
524 2777 686 2824 iambus]
710 2778 858 2814 iambici
882 2780 921 2814 P.
1041 2784 1055 2803 S
1076 2779 1150 2814 duo
1171 2777 1281 2814 iambi
1305 2776 1477 2826 nivesque
1497 2777 1561 2824 de]

109 2831 210 2866 nives
233 2828 341 2865 iambi
367 2842 428 2864 1111
449 2830 640 2866 deducunt
660 2832 699 2866 P.
824 2831 838 2857 ἵ
855 2832 997 2867 ducunt
1018 2830 1161 2867 iambus
1181 2844 1255 2867 om.
1277 2831 1317 2866 P.
1437 2837 1456 2855 V
1476 2830 1565 2864 cho-

111 2884 291 2930 riambus]
317 2883 523 2918 choriambi
543 2883 584 2918 P.
731 2891 759 2909 W
779 2884 868 2920 deos
888 2887 950 2933 ve]
976 2897 1016 2920 ve
1035 2898 1110 2921 om.
1135 2885 1174 2920 P.
1317 2890 1336 2908 Χ
1357 2882 1559 2927 secundus]

109 2937 294 2972 secundus
316 2947 396 2970 vere
418 2936 458 2970 P.
570 2943 589 2969 Y
608 2937 710 2983 vero]
734 2950 818 2972 vero
837 2939 947 2974 etiam
969 2938 1008 2972 P.
