1962 3355
277 335 312 364 18

329 212 426 250 330
763 203 912 251 Atilii
945 203 1285 250 Fortunatiani
1610 216 1665 245 ΡΑ
1674 215 1719 244 R.
1747 214 1779 244 1.

398 324 565 370 Restat
601 341 749 371 unum
792 342 938 387 genus
980 324 1201 371 carminis
1240 322 1298 368 de
1338 338 1433 383 quo
1470 320 1589 365 nihil
1625 319 1782 365 adhuc

331 399 558 455 diximus,

557 476 657 515 Non
679 476 778 515 ebur
797 489 924 530 neque
944 488 1118 514 aureum

556 543 657 582 spIea
674 543 833 582 renidet
850 545 895 582 in
916 542 1031 580 domo
1051 541 1239 580 lacunar.

330 614 396 660 Et
432 615 520 660 hoc
557 624 805 677 sumptum
844 615 901 659 ab
925 613 1101 666 Alcaeo,
1128 621 1174 658 et
1206 613 1264 657 ab
1300 611 1382 656 1110
1406 618 1657 657 tractatum
1693 609 1782 654 fre-

277 709 312 741 19
331 700 542 752 quenter,
562 701 606 735 et
634 691 691 735 ab
713 689 915 735 Horatio
941 688 1087 733 semel
1107 688 1301 733 omnino
1321 687 1654 750 compositum.
1691 687 1783 731 Est

273 1385 311 1406 20

274 2222 307 2242 21

332 776 487 812 autem
527 765 802 818 iambicum,
829 774 875 810 et
901 764 1108 827 primum
1137 764 1328 825 quidem
1357 780 1544 809 comma
1568 780 1677 808 cum
1702 761 1784 807 tri-

334 852 484 888 metro
508 859 644 887 versu
662 841 828 903 junge,
854 840 935 893 sic,

556 918 717 956 Beatus
737 917 805 956 {lle
825 931 905 956 non
928 916 1029 955 ebur
1047 929 1175 970 rneque
1194 929 1380 955 aure-um.

331 990 583 1051 insequens
610 998 768 1035 autem
797 997 999 1034 metrum
1027 989 1387 1035 Archilochium
1415 987 1652 1034 iambicon
1679 1004 1784 1033 cur-

331 1076 431 1111 tum
463 1066 619 1121 habet,
645 1065 779 1126 cujus
805 1065 1096 1127 exemplum,

564 1146 839 1202 Trahzmtque
859 1148 988 1186 siccas
1008 1146 1210 1186 machina?
1230 1147 1412 1186 carinas.

329 1230 376 1266 ct
403 1220 506 1275 hoc,

556 1296 657 1335 [idea
679 1296 839 1336 renidet
859 1297 904 1335 'in
926 1296 1041 1336 domo
1060 1296 1252 1335 lacunar.

397 1368 572 1414 Omnia
592 1386 669 1414 me
689 1378 834 1414 metra
850 1370 1113 1416 Horatiana
1130 1379 1428 1433 persecutum
1447 1368 1683 1414 existimo.
1721 1367 1786 1413 ll-

330 1445 408 1491 lud
446 1446 493 1491 in
533 1455 683 1491 totum
723 1456 939 1491 naturam
976 1455 1235 1491 metrorum
1269 1462 1550 1508 cognoscere
1574 1444 1784 1489 volentes

331 1538 523 1584 possum
543 1521 1004 1578 admonere,ctiamsi
1024 1540 1116 1567 11011
1136 1521 1292 1567 omnia
1310 1520 1644 1585 comprehendi
1659 1537 1786 1582 quae-

331 1614 519 1659 cunque
549 1597 671 1660 apud
705 1598 923 1644 eGraecos
959 1601 1119 1661 po'e‘tas
1152 1608 1350 1660 possunt
1386 1597 1580 1643 inveniri
1623 1606 1785 1653 metra,

332 1673 456 1734 fquae
493 1683 603 1719 sunt
630 1674 753 1737 apud
792 1676 977 1737 lyricos,
1003 1674 1219 1736 tragicos,
1244 1683 1290 1719 et
1323 1674 1529 1719 comicos
1567 1674 1786 1718 innume.-

331 1749 498 1794 rabiles
526 1751 686 1812 figurae
718 1751 1134 1814 compositionum,
1159 1759 1342 1795 tantum
1384 1767 1459 1794 me
1494 1759 1656 1795 tamen
1694 1749 1784 1794 hoc

330 1825 449 1870 libro
485 1836 810 1883 consecutum,
846 1845 985 1889 quem
1026 1826 1217 1890 gpaucis
1250 1825 1416 1871 diebus
1452 1827 1697 1888 composui
1739 1833 1785 1870 et

331 1902 558 1948 memoria
594 1903 929 1949 tantummodo
965 1903 1231 1965 adjuvante,
1259 1912 1307 1948 ut
1332 1902 1652 1964 quodcunque
1691 1919 1787 1946 me-

330 1986 456 2022 trum
478 1996 652 2024 novum
680 1979 847 2041 aliquis
869 1997 916 2024 se
942 1978 1204 2025 hinvenisse
1222 1978 1462 2041 judicarit,
1482 1977 1539 2024 ad
1560 1978 1662 2024 haec
1681 1994 1785 2039 quae

330 2051 619 2100 ienumeravi
645 2055 810 2118 utique
834 2055 1084 2109 reseratum
1118 2073 1223 2101 cum
1251 2054 1412 2100 omnia
1433 2063 1580 2100 metra
1604 2053 1787 2099 varien-

330 2139 420 2184 tur,
463 2139 543 2175 aut
586 2131 863 2192 adjectione,
907 2141 987 2177 aut
1032 2131 1369 2187 kdetractione,
1411 2143 1491 2176 aut
1531 2130 1788 2176 concinna-

332 2205 474 2261 tione,
495 2215 574 2250 aut
599 2207 961 2269 permutatione.
999 2207 1117 2252 Esse
1143 2209 1254 2253 alias
1280 2206 1456 2269 species
1481 2223 1575 2251 non
1603 2206 1785 2268 ignoro,

333 2280 409 2325 sed
440 2280 540 2326 haec
566 2290 674 2326 sunt
701 2283 1115 2344 praestantissimae.
1185 2281 1466 2343 Adjectione
1492 2281 1570 2336 ita,

445 2373 637 2412 Solvitur
656 2374 767 2413 acris
785 2374 925 2427 hyems
939 2380 1073 2428 grata
1096 2375 1181 2413 vice
1202 2374 1312 2413 veris
1333 2378 1371 2412 et
1391 2372 1434 2411 F
1431 2374 1571 2412 avoni.

337 2460 531 2506 accessit
555 2461 682 2505 enim
712 2460 854 2505 heroo
879 2469 1030 2506 metro
1055 2460 1250 2523 syllaba,
1273 2478 1377 2522 quae
1403 2478 1586 2506 versum
1614 2461 1787 2508 faceret

339 2535 614 2598 longiorem.
684 2535 1007 2590 Detractione,
1033 2545 1276 2597 tanquam,

456 2630 729 2684 Trahzmtqzce
749 2631 878 2670 siccas
902 2630 1100 2669 machinae
1118 2631 1301 2670 carinas.

389 2810 404 2829 e
429 2804 585 2851 Graecos]
615 2805 755 2839 Graecos
780 2809 905 2850 poetas
934 2803 981 2839 V.
1155 2802 1171 2829 f
1188 2804 1378 2851 quomodo]
1411 2816 1487 2852 quae
1516 2803 1560 2838 V.
1591 2805 1659 2850 qu6
1678 2803 1784 2840 Med.

334 2864 354 2891 g
370 2857 514 2904 paucis]
538 2863 571 2892 et
587 2859 712 2904 paucis
733 2858 778 2891 V.
917 2855 937 2881 h
957 2857 1131 2903 invenire]
1155 2858 1324 2892 invenisse
1346 2857 1389 2892 V.
1528 2854 1538 2881 i
1559 2855 1782 2902 enumeravi]

333 2913 491 2946 enumerz'
511 2909 555 2945 V.
667 2908 681 2930 Β·
703 2910 938 2956 detractione]
963 2911 1219 2946 detractionem
1242 2911 1286 2946 V.
