1962 3355
128 182 235 213 CAP.
256 174 299 225 7.
524 165 609 212 De
633 165 942 212 choriambico
966 171 1115 211 metro
1138 168 1216 228 (gc.
1485 173 1578 224 287

128 289 237 336 bum
261 290 316 335 fit
339 287 494 352 primo
516 286 638 352 pede
662 285 965 344 &ditrochaeQ
991 285 1148 333 medio
1172 286 1465 343 choriambo,
1487 288 1582 332 fine

126 364 494 430 palimbacchio,
518 364 596 421 ita,

411 441 443 481 I
441 440 634 481 mmolare
653 438 851 479 coelz'colas
872 438 1046 479 volebas.

412 507 805 562 Mercuriflzcunde
824 520 948 562 nepos
967 507 1167 550 Atlantis.

126 589 225 635 Aut
263 588 417 651 primo
452 587 674 643 trochaeo,
716 586 925 633 secundo
966 585 1192 650 spondeo,
1217 585 1262 632 id
1304 594 1377 631 est
1419 585 1583 649 hippio

128 664 350 722 secundo,
374 663 711 720 choriambico,
734 662 1132 727 hpalimbacchio,

340 741 441 781 Jam
460 742 566 781 satis
586 741 711 781 terris
731 741 845 781 nivis
864 745 985 795 atque
1005 740 1126 780 dirce.

540 877 625 925 De
650 878 867 925 trimetro
891 877 1170 924 acatalecto.
1603 894 1622 924 8

199 965 493 1013 Trimetrum
517 964 856 1012 iacatalectam
891 966 946 1011 fit
980 965 1145 1029 primis
1184 964 1420 1021 diiambis,
1445 965 1584 1010 tertio

126 1042 419 1099 choriambo,

384 1119 543 1160 Beatus
564 1119 632 1159 ille
653 1119 724 1173 qai
738 1118 891 1173 procul
908 1119 1014 1159 scire
1027 1124 1177 1173 potest.

533 1254 621 1301 De
645 1255 864 1302 trimetro
888 1254 1173 1301 acatalecto.
1603 1278 1623 1308 9

193 1341 271 1387 Fit
296 1341 568 1388 trimetrum
592 1340 911 1388 acatalectam
936 1341 1078 1387 etiam
1116 1342 1206 1388 hoc
1239 1341 1395 1396 modo,
1419 1342 1584 1406 primis

125 1417 310 1464 duobus
336 1417 672 1474 kchoriambiS,
697 1419 836 1464 tertio
862 1418 1036 1473 iambo,

355 1494 495 1550 Carpe
515 1494 621 1535 diem
643 1509 767 1550 quam
786 1495 1008 1535 minimum
1028 1494 1216 1536 ldolemlo
1236 1509 1326 1536 nos.

461 1643 548 1690 De
571 1644 788 1691 trimetro
813 1644 1077 1691 acatalecto
1103 1644 1247 1691 clodo.
1608 1669 1645 1690 10

198 1731 491 1777 Trimetram
515 1731 831 1779 acatalectum
856 1732 1040 1779 clodum
1072 1734 1126 1778 fit
1157 1732 1312 1796 primo
1348 1732 1584 1778 choriam-

127 1808 203 1861 bo,
221 1808 266 1853 in
294 1808 598 1870 sequentibus
624 1809 832 1872 syzygiis
857 1809 1091 1865 iambicis,
1111 1809 1376 1872 penultima
1402 1808 1584 1869 syllaba

126 1887 268 1946 longa
304 1884 363 1930 sit
396 1902 481 1948 pro
507 1885 650 1930 brevi.
719 1885 1023 1931 Novissimus
1061 1885 1224 1930 menim
1262 1902 1344 1948 pes
1381 1884 1582 1948 simplex

127 1961 365 2007 trochaeus
390 1961 562 2007 cecidit
586 1979 668 2024 pro
693 1962 868 2017 iambo,

355 2038 475 2078 Bella
478 2039 598 2093 ferte
618 2040 869 2080 Numantiae
888 2039 1000 2079 dedit
1018 2039 1166 2079 Roma.

529 2177 617 2225 De
640 2185 919 2225 tetrametro
944 2177 1188 2224 catalecto.
1609 2202 1641 2222 ιι

198 2265 519 2322 Tetrametm,
560 2284 665 2329 quae
710 2266 1003 2328 frequentius
1050 2265 1242 2320 cadunt,
1291 2264 1584 2320 catalectico,

128 2343 249 2387 flunt
273 2342 424 2388 tribus
449 2343 753 2397 choriambis,
780 2352 947 2405 quarto
971 2342 1093 2407 pede
1119 2342 1484 2406 amphibrachy,

241 2419 393 2459 nScire
414 2419 547 2474 nefas,
569 2434 687 2475 quem
708 2416 952 2475 miliiflnem
973 2425 1049 2461 aut
1069 2420 1143 2461 tibi
1164 2420 1225 2459 dii
1247 2419 1406 2459 dedere.

182 2606 203 2634 g
222 2600 431 2647 ditrochaeo]
457 2599 516 2636 Sic
536 2601 583 2637 L.
605 2603 767 2639 trochaeo
789 2602 1000 2638 Putschius.
1167 2600 1188 2627 h
1210 2600 1498 2650 palimbacchio]
1525 2601 1584 2638 Sic

130 2654 173 2689 L.
198 2653 341 2688 bacchio
364 2653 574 2690 Putschius.
617 2656 710 2691 Mox
731 2657 821 2692 nivis
840 2669 914 2692 om.
936 2655 982 2691 L.
1137 2653 1148 2682 ἱ
1169 2654 1434 2703 acatalectum]
1460 2661 1583 2690 acata-

130 2708 290 2742 lecticum
315 2707 357 2741 L.
379 2708 593 2743 catalectum
616 2708 826 2745 Putschius.
870 2710 969 2745 Tum
992 2709 1125 2756 interfit
1146 2709 1190 2744 L.
1213 2708 1349 2757 profit.
1451 2706 1472 2733 k
1492 2709 1582 2744 cho-

129 2759 296 2806 riambis]
322 2760 446 2795 iambis
466 2760 510 2795 L.
745 2760 756 2787 l
776 2762 937 2798 dolendo
959 2765 1046 2811 uos]
1074 2763 1135 2798 Sic
1157 2762 1204 2799 L.
1227 2763 1350 2797 dolens
1372 2761 1581 2797 Putschius.

129 2820 159 2838 m
180 2816 270 2848 euim
292 2826 367 2849 om.
390 2813 433 2849 L.
545 2820 564 2839 Β
586 2814 686 2855 Scire
705 2815 927 2864 nefasfinem
947 2829 1062 2852 meam
1083 2817 1205 2852 cedere
1226 2815 1272 2851 L.
