1962 3355
150 266 255 298 cAP.
274 260 320 298 3.
623 251 706 298 De
728 251 964 314 dactylico
988 259 1151 299 metro.
1507 262 1594 300 251

320 372 551 412 Nereidum
573 373 699 413 matri
721 378 758 412 et
779 372 978 427 Neptuno
998 374 1168 429 AEgaeo.

149 444 196 489 Si
226 444 459 490 secundus
486 444 545 490 sit
568 444 803 507 dactylus,
828 445 994 491 rceteri
1021 446 1234 509 spondei,
1262 455 1312 492 ut
1336 454 1422 501 est,
1622 455 1641 485 8

317 521 404 560 Aut
424 520 549 560 slevis
568 534 708 560 ocreas
728 520 835 560 lento
855 520 1012 561 ducunt
1031 527 1222 577 argento.

148 591 198 636 Si
223 592 388 638 tertius
413 592 645 656 dactylus,
668 592 809 639 ceteri
837 593 1052 657 spondei,
1077 603 1144 649 ut,

325 668 455 720 Tunc‘
455 669 626 722 formas
648 668 798 708 ‘mollis
818 668 1008 709 radianti
1028 669 1185 709 ducunt
1204 683 1321 709 auro.

147 738 198 784 Si
223 748 416 801 quartus
441 740 672 804 dactylus,
702 742 869 787 uceteri
895 742 1106 805 spondei,
1132 751 1198 799 ut,

318 817 618 873 Armatumque
638 832 744 858 auro
763 819 1045 874 circumspicit
1069 819 1242 868 Oriona,

147 895 208 944 et,

321 965 423 1010 Quae
442 965 648 1019 quondam
669 966 800 1006 bustis
821 972 858 1006 et
877 966 1127 1006 culminibus
1147 966 1331 1007 desertis.

146 1036 194 1081 Si
220 1036 414 1099 quintus
439 1038 670 1102 dactylus,
695 1039 835 1085 ceteri
861 1039 1072 1102 spondei,
1098 1049 1163 1097 ut,

317 1114 536 1155 Silvestris
556 1116 672 1155 raris
691 1116 853 1170 sparsit
872 1116 1066 1156 labrusca
1086 1116 1276 1155 racemis.

212 1185 324 1231 Hoc
348 1186 492 1232 modo
517 1188 639 1233 fiunt
662 1188 857 1248 spondei
884 1188 1343 1250 pentaschematisti.
1414 1189 1600 1235 Primus
1620 1204 1640 1235 9

145 1261 205 1306 sit
230 1260 484 1324 spondeUS‚
510 1262 650 1307 ceteri
677 1262 871 1326 dactyli,
895 1273 962 1318 ut,

317 1337 353 1376 Ο
371 1338 526 1392 regina
545 1352 696 1377 novam
717 1339 785 1377 cui
805 1339 976 1379 condere
995 1340 1196 1395 Juppiter
1216 1342 1370 1381 urbem.

145 1409 393 1456 Secundus
418 1410 672 1473 spondeuS‚
698 1411 839 1457 ceteri
865 1411 1057 1474 dactyli,
1085 1422 1151 1470 ut,

320 1487 390 1526 Tu
410 1487 588 1527 calamos
608 1488 760 1542 inflare
780 1487 900 1537 leves,
922 1501 999 1544 ego
1019 1488 1153 1528 dicere
1175 1503 1333 1530 versus.

143 1557 330 1604 Tertius
356 1558 608 1622 spondeu8‚
633 1560 773 1605 ceteri
801 1559 995 1623 dactyli,
1020 1570 1087 1615 ut,
1625 1582 1662 1603 10

314 1635 471 1675 Pocula
491 1636 589 1676 bina
610 1651 715 1677 novo
735 1638 978 1692 spumantia
998 1637 1100 1677 lacte
1118 1639 1357 1693 quotannis.

144 1708 351 1761 Quartus
378 1709 630 1773 spondeUS‚
654 1710 796 1756 ceteri
822 1709 1015 1773 dactyli,
1040 1719 1106 1767 ut,

314 1786 404 1826 IVec
426 1787 501 1826 tibi
521 1787 622 1826 diva
636 1801 797 1842 parens
812 1788 985 1843 generis
1006 1800 1077 1826 nec
1099 1787 1335 1826 Dardanus
1355 1793 1512 1828 auctor.

144 1858 352 1910 Quintus
379 1860 630 1922 spondeus,
656 1861 797 1906 ceteri
823 1860 1015 1924 dactyli,

313 1935 371 1975 At
392 1936 490 1975 tuba
511 1936 735 1976 terribilem
757 1937 937 1976 sonitum
956 1936 1105 1990 procul
1125 1950 1209 1976 cere
1228 1950 1393 1976 canoro.

211 2007 645 2054 Decasclzematisti
680 2008 907 2071 dactylici
943 2010 1063 2054 fiunt
1099 2008 1252 2054 modis
1290 2009 1471 2055 decern.
1548 2011 1596 2056 Si
1620 2031 1655 2053 ιι

143 2084 324 2146 primus
350 2091 396 2129 et
422 2083 655 2130 secundus
681 2084 858 2148 dactyli
885 2084 1033 2140 wsint,
1059 2085 1200 2130 ceteri
1228 2085 1438 2148 spondei,
1464 2096 1530 2141 ut,

313 2160 435 2200 Saoea
449 2174 530 2214 per
550 2166 588 2200 et
607 2161 793 2215 scopulos
813 2167 851 2201 et
870 2161 1082 2216 depressos
1103 2161 1334 2201 convalleis.

143 2231 328 2277 Primus
353 2240 400 2277 et
424 2232 591 2277 tertius
615 2232 791 2296 dactyli
818 2232 925 2289 sint,
951 2232 1092 2278 ceteri
1118 2232 1330 2295 spondei,
1356 2243 1422 2287 ut,

312 2308 646 2348 xDardanidum
649 2310 894 2362 fortissime
914 2323 1083 2364 magnae
1097 2310 1241 2364 gentis
1263 2310 1433 2351 Hector.

148 2380 329 2426 Primus
355 2389 401 2426 et
426 2389 621 2442 quartus
646 2381 880 2444 dactylus,
906 2381 1048 2427 ceteri
1076 2381 1291 2445 spondei,
1316 2392 1382 2440 ut,
1621 2407 1657 2428 η

316 2458 351 2496 O
370 2457 573 2496 Danaum
594 2458 731 2498 virtus
751 2464 789 2498 et
803 2458 949 2513 gloria
968 2458 1140 2499 Nestor.

144 2529 328 2575 Primus
353 2539 400 2575 et
425 2530 619 2592 quintus
645 2530 837 2595 dactyli,
861 2532 1001 2578 ceteri
1030 2533 1243 2596 spondei,
1268 2542 1337 2589 ut,

311 2607 378 2646 De
393 2621 530 2663 grege
550 2622 632 2647 non
653 2608 789 2647 ausim
810 2609 1029 2664 quicquam
1050 2608 1276 2664 ydeponere
1296 2615 1439 2649 tecum.

195 2779 210 2797 ¹·
229 2771 351 2808 caeteri
371 2773 545 2822 spondei]
570 2773 629 2810 Sic
650 2775 693 2810 L.
716 2777 851 2811 caeteris
869 2778 1031 2823 spondeis
1049 2776 1258 2813 Putscbius.
1443 2784 1457 2803 s
1478 2776 1591 2822 leves]

142 2827 226 2861 levis
247 2825 292 2861 L.
403 2825 418 2851 t
437 2825 575 2873 mollis]
600 2826 661 2864 Sic
681 2828 727 2864 L.
751 2831 872 2865 molles
891 2829 1102 2866 Putsehius.
1239 2837 1260 2856 ¹²
1280 2831 1390 2866 ceteri
1413 2829 1588 2878 spondei]

141 2879 201 2914 Sic
223 2878 270 2914 L.
292 2881 425 2914 coeteris
443 2881 606 2926 spondeis
625 2880 838 2925 Putschius,
861 2890 899 2918 et
918 2882 970 2919 sic
989 2882 1098 2920 infra.
1279 2890 1306 2908 w
1327 2882 1417 2929 sint]
1442 2888 1524 2918 sicut
1547 2883 1591 2919 L.

141 2938 160 2957 X
182 2932 458 2979 Dardanidum]
484 2934 718 2969 Dardanium
739 2935 784 2970 L.
895 2942 913 2969 y
934 2936 1137 2985 deponere]
1163 2948 1371 2983 componere
1392 2936 1435 2971 L.

794 2996 942 3043 1<k2
