1962 3355
341 215 433 253 232
855 207 1014 254 Marii
1040 208 1281 255 Victorini
1600 224 1697 255 Lm.
1722 225 1789 255 lv.

411 327 484 372 Tu
508 344 567 373 ne
590 327 847 390 quaesieriS,
869 330 993 375 seire
1015 328 1169 394 nefas,
1196 346 1333 391 quem
1358 329 1474 374 mihi
1497 345 1633 391 quem
1658 329 1756 375 tibi.

340 401 453 448 Hoc
489 413 696 449 metrum
736 404 929 465 quidam
975 404 1095 450 inter
1135 412 1402 467 prototypa,
1438 403 1484 448 id
1523 413 1594 449 est
1628 404 1791 466 primi-

339 478 706 534 formia,volunt
740 480 904 543 accipi,
930 489 976 525 et
1009 480 1250 542 appellant
1282 479 1618 542 antispasticon
1657 481 1791 525 ἑκκαι-

340 555 646 610 δεκασύλ).αβον
677 555 964 619 Sapphicon,
989 555 1180 616 quidam
1209 573 1233 600 a
1259 555 1580 601 choriambico
1613 555 1791 601 deriva-

281 648 320 686 48
342 638 446 675 tum
485 639 710 676 asserunt.
779 630 905 676 Nam
933 630 1090 675 ferunt
1115 629 1297 676 lomnes
1323 631 1687 693 Asclepiadeum
1716 648 1790 676 ac-

340 715 475 765 cepta
510 704 830 750 choriambica
867 704 1078 767 syzygia,
1104 703 1150 749 id
1187 714 1256 750 est
1283 714 1334 751 ut
1368 714 1459 751 tres
1491 705 1673 750 iambos
1713 723 1791 752 co-

340 782 526 843 pulatos
551 780 723 825 habeat
748 780 870 825 sicut
895 780 988 837 hic,
1004 779 1155 826 facere
1181 781 1558 844 antispasticum,
1575 781 1701 842 quod
1727 782 1791 828 ita

339 856 642 919 percutiatur,
665 865 719 901 ut
756 856 927 901 habeat
960 856 1114 918 primo
1146 857 1250 903 loco
1285 857 1545 920 epitritum,
1571 874 1714 919 quem
1743 866 1790 903 et

340 932 558 995 hippium
607 932 809 978 dicimus
850 941 1088 993 quartum,
1126 932 1300 979 dehinc
1338 932 1456 978 duos
1494 932 1790 996 antispastos,

340 1007 564 1053 ultimum
609 1008 891 1064 diiambum,
930 1025 1117 1054 versum
1159 1008 1475 1063 claudentem,
1501 1017 1532 1036 ¹¹³
1548 1009 1627 1070 qui
1675 1026 1790 1054 non-

340 1101 581 1146 nunquam
608 1084 837 1147 dibrachy
863 1083 909 1129 in
936 1085 1030 1129 fine
1061 1085 1215 1147 posito
1246 1085 1294 1130 in
1329 1101 1493 1148 paeona
1529 1083 1788 1130 secundum

279 1174 320 1205 49
339 1169 659 1206 convertetur:
682 1169 844 1207 contra
863 1159 899 1205 si
919 1159 1138 1206 detrahas
1158 1161 1279 1206 inter
1297 1160 1391 1206 duo
1408 1159 1791 1223 Asclepiadeum,

339 1236 420 1291 sic,

476 1301 550 1348 Tu
574 1319 631 1348 ne
655 1302 900 1365 quoesieris
923 1319 1060 1365 quem
1084 1301 1201 1347 milei.
1225 1317 1363 1364 quem
1389 1300 1486 1346 tibi.

340 1376 480 1433 Item,

514 1452 690 1508 Gallam,
720 1452 864 1507 Vare,
890 1470 1032 1499 sacra
1056 1454 1150 1499 vite
1165 1452 1308 1513 prius
1331 1452 1509 1498 severis
1534 1451 1766 1497 arborem.

340 1529 522 1580 Quarto
547 1528 689 1574 etiam
718 1528 836 1574 libro
862 1530 1021 1584 semel,
1048 1529 1127 1583 ita,

477 1603 521 1649 O
544 1603 752 1649 crudelis
776 1605 930 1651 adhuc
954 1612 999 1651 et
1023 1604 1224 1650 V⁷eneris
1248 1604 1523 1650 muneribus
1538 1609 1723 1665 potens.

280 1705 321 1734 50
404 1679 684 1726 Tredecima
708 1680 795 1726 ode
823 1681 925 1726 libri
953 1681 1108 1743 primi,

540 1754 660 1801 Cum
685 1762 737 1801 tu·
763 1756 925 1819 Lydia
956 1756 1165 1818 Telephi,

339 1840 523 1878 constat
548 1849 603 1876 ex
632 1831 886 1894 Glyconio,
911 1832 1037 1893 quod
1064 1841 1110 1877 et
1134 1831 1487 1878 Anacreontion
1513 1830 1699 1887 dicitur,
1725 1839 1790 1885 ut,

536 1904 620 1951 Sic
646 1911 693 1950 te
717 1904 827 1951 diva
843 1911 1013 1967 potens
1043 1905 1207 1969 Cypri.

339 1980 605 2027 Conficitur
651 1990 807 2027 autem
864 1980 1074 2044 spondeo
1113 1981 1391 2028 choriambo
1438 1988 1485 2025 et
1530 1979 1790 2042 pariambo.

339 2057 471 2103 Huic
511 2075 596 2121 pro
635 2057 788 2120 epodo
840 2057 1142 2121 subjungitur
1181 2055 1564 2120 Asclepiadeum,
1599 2054 1657 2101 de
1697 2072 1791 2118 quo

340 2132 555 2178 similiter
580 2133 626 2178 in
652 2133 805 2195 prima
831 2133 919 2178 ode
943 2133 1124 2179 dictum
1152 2142 1237 2190 est,
1262 2134 1342 2190 sic,

538 2207 781 2254 Maecenas
806 2209 960 2254 atavis
986 2208 1110 2255 edite
1134 2209 1344 2271 regibus.

340 2284 598 2330 subsistens
624 2283 1020 2347 duodecasyllabo
1045 2300 1194 2329 versu.

281 2384 316 2414 51
406 2360 583 2404 Verum
623 2358 737 2420 quid
775 2359 943 2404 attinet
978 2376 1063 2404 nos
1102 2359 1160 2404 de
1203 2359 1272 2404 his
1314 2358 1489 2414 metris,
1524 2358 1582 2403 de
1618 2357 1790 2420 quibus

332 2435 436 2496 jam
477 2435 659 2481 dictum
695 2444 780 2491 est,
814 2435 984 2498 saepius
1025 2434 1190 2496 loqui?
1239 2452 1348 2480 cum
1387 2433 1789 2496 npraecedentium

341 2510 448 2557 ideo
479 2510 699 2574 exempla
730 2510 1041 2573 posuerimus,
1066 2519 1118 2556 ut
1142 2527 1200 2556 ex
1226 2509 1315 2555 illis
1341 2509 1520 2571 reliqua
1543 2525 1790 2571 possemus

394 2635 406 2662 l
425 2637 552 2682 omne]
576 2648 707 2672 omnes
727 2636 766 2671 P.
969 2643 999 2661 m
1020 2636 1081 2684 qui
1102 2637 1392 2684 nonnunquam]
1417 2636 1517 2685 quod
1539 2648 1727 2685 nunquam
1749 2636 1788 2671 P.

343 2696 362 2715 1¹
382 2689 691 2739 praecedentium]
716 2688 752 2724 in
775 2688 1065 2737 praecedentibus
1085 2689 1126 2724 P.

395 2807 460 2842 49.
485 2795 621 2831 Contra
636 2798 665 2830 si
680 2796 851 2831 detrahas
865 2798 956 2831 inter
969 2798 1038 2832 duo
1094 2796 1126 2832 si
1141 2796 1377 2832 choriambus
1394 2796 1618 2839 detrahetur,
1635 2804 1675 2832 ut
1688 2796 1789 2832 vides

343 2849 634 2895 Asclepiodeum]
679 2848 767 2883 Non
800 2856 857 2884 est
895 2850 1038 2898 integra
1094 2849 1130 2884 in
1161 2849 1331 2898 exemplo
1363 2849 1583 2892 detractum,
1610 2852 1699 2885 scire
1727 2862 1789 2884 ne-

343 2900 534 2950 scriptura,
553 2900 748 2937 manifesto
770 2909 893 2937 tamen
914 2914 1036 2944 sensu,
1082 2902 1161 2950 fas.
1201 2902 1396 2937 CAMER.

342 2954 388 2990 de
407 2953 463 2990 his
495 2952 657 2990 versibus
678 2953 938 3003 Asclepiadeos
961 2954 1038 2990 fieri
