1962 3355
316 467 356 497 47

318 1432 358 1461 40

321 2014 362 2043 50

374 181 467 231 498
967 172 1224 219 Diomedis
1634 186 1732 218 Lm.
1752 187 1828 223 111·

375 297 547 352 putent
582 288 814 334 qliberum
851 307 877 335 a
913 289 1112 336 vinculis
1148 288 1322 352 pedum
1351 304 1617 334 sermonem
1656 296 1829 351 rprosae

376 383 477 411 esse
502 365 688 411 debere.
1445 362 1450 369 ’

443 441 822 487 SArchebuleum
862 451 1084 497 metrum,
1111 441 1189 486 ubi
1229 440 1506 485 hexametro
1534 438 1688 502 prima
1713 438 1832 502 tsyl-

376 518 481 563 laba
508 517 662 563 ablata
687 526 770 571 est,
796 525 842 561 et
873 518 930 562 ab
957 517 1123 562 ultima
1148 515 1298 569 tertia,
1324 524 1401 561 uet
1424 515 1602 561 factum
1629 523 1699 560 est
1722 514 1831 570 tale,

553 593 650 632 Tibi
671 592 861 631 nascitur
881 606 997 631 omne
1015 606 1155 647 pecus,
1178 592 1251 631 tibi-
1272 592 1417 631 crescit
1436 591 1602 631 vherba.

377 666 595 711 Restitue
614 675 649 698 W
661 664 863 727 syllabas
884 674 1153 728 amputatas
1173 673 1220 710 et
1240 664 1462 727 implebis
1484 664 1831 718 hexametrum,

378 743 460 795 sic,

490 817 606 856 Nam
629 817 703 856 tibi
725 817 916 855 nascitur
936 830 1054 856 omne
1066 830 1210 871 pecus,
1227 817 1300 857 tibi
1321 817 1465 857 crescit
1485 816 1556 856 Xz‘n
1577 816 1716 856 herba.

441 890 677 936 Trimeter
702 889 873 935 herous
911 906 969 935 ex
1006 890 1239 948 inferiore,
1261 899 1432 954 ysupra
1457 890 1585 952 quod
1609 889 1724 947 dixi,
1750 888 1832 935 sed

379 969 468 1015 hoe
493 969 697 1014 Serenus
723 985 898 1014 novum
926 967 1064 1013 Zfecit
1089 968 1181 1014 hoe
1207 966 1363 1024 modo,

609 1044 830 1085 Culicellns
850 1045 1010 1084 amasio
1037 1045 1169 1084 Tulle.

378 1120 475 1166 Hic
500 1119 754 1183 praeposita
779 1127 849 1163 est
874 1135 968 1163 una
990 1117 1185 1180 syllaba,
1204 1135 1315 1163 nam
1343 1116 1378 1162 si
1405 1125 1527 1162 esset
1551 1116 1658 1170 tale,

605 1204 621 1223 a
634 1196 811 1250 Caspius
831 1196 990 1234 amasio
1018 1195 1164 1240 Tulle,-

380 1263 625 1309 manifeste
652 1273 743 1308 tres
769 1262 912 1325 pedes
939 1270 1109 1319 essent,
1133 1261 1280 1324 bquos
1310 1261 1452 1306 habet
1476 1277 1581 1324 pars
1606 1257 1836 1323 posterior

380 1338 660 1385 hexametri.

445 1416 771 1461 Galliambum
801 1422 1034 1460 cmetrum
1064 1414 1189 1477 apud
1216 1413 1530 1460 Maecenatem
1561 1411 1652 1458 tale
1676 1419 1761 1468 est,

545 1489 691 1539 dAdes,
714 1491 866 1545 inquit,
887 1506 910 1529 0
934 1491 1203 1545 cybebejfi’7·cc
1225 1491 1425 1530 montium
1446 1490 1554 1529 Dea.

379 1562 603 1625 Superius
630 1579 820 1607 comma
845 1562 970 1623 quod
997 1572 1081 1619 est,

781 1638 903 1686 Ades,
924 1639 1075 1694 inquit,
1096 1653 1118 1679 ο
1143 1639 1313 1693 Cybebe,

381 1704 535 1750 simile
560 1713 631 1750 est
656 1705 738 1760 illi,

782 1770 896 1810 eVice
917 1772 1028 1810 veris
1049 1778 1087 1811 et
1107 1771 1287 1811 Favoni.

380 1839 583 1885 Inferius
620 1855 810 1884 comma
847 1839 1071 1902 superiori
1111 1839 1265 1886 simile
1302 1848 1439 1897 esset,
1474 1838 1564 1885 nisi
1603 1837 1837 1884 amisisset

380 1916 599 1961 ultimam
629 1913 876 1977 syllabam.

448 1991 794 2038 fGallian1bum
832 1990 958 2037 aliud
984 2008 1042 2037 ex
1064 1991 1186 2037 gboc
1213 1991 1314 2055 ipso
1338 1991 1496 2049 facito,
1514 2000 1561 2038 et
1585 1991 1627 2037 ei
1653 1990 1836 2037 similli-

437 2117 456 2145 (ι
477 2106 648 2153 liberam]
673 2107 820 2142 liberum
841 2108 885 2143 A.
984 2114 998 2132 r
1019 2108 1186 2156 prosam]
1211 2120 1402 2144 sermonem
1420 2121 1536 2155 prosae
1550 2109 1643 2145 Α.Β.
1739 2109 1837 2146 sAr-

382 2161 601 2207 chebulum]
624 2160 888 2195 Arclzebuleum
912 2161 953 2196 A.
1087 2160 1101 2186 t
1121 2160 1261 2209 syllaba
1282 2161 1403 2197 ablata
1421 2163 1476 2208 et]
1500 2163 1621 2198 littera
1642 2163 1766 2197 ablata
1787 2166 1839 2197 est

382 2214 477 2250 Α.Β.
500 2215 620 2249 littera
643 2212 733 2248 item
754 2213 851 2248 Ven.
1005 2220 1027 2238 u
1046 2221 1101 2249 est
1123 2213 1281 2260 factum]
1304 2214 1495 2262 etfactum
1516 2220 1566 2250 est
1585 2215 1632 2250 A.
1654 2220 1688 2250 et
1707 2216 1838 2250 ultima

385 2269 492 2303 tercia
513 2266 702 2315 etfaciam
723 2271 773 2301 est
793 2266 839 2301 Β.
950 2273 966 2292 v
988 2266 1139 2313 hoedus]
1166 2267 1273 2302 herba
1293 2268 1388 2303 Α.Β.
1405 2268 1501 2304 Ven.
1611 2274 1641 2292 w
1660 2267 1835 2316 syllabas]

382 2321 536 2368 syllabas
556 2324 764 2367 amputatas
782 2319 878 2355 A.B.
1149 2326 1169 2345 X
1189 2328 1227 2355 et
1251 2320 1397 2367 hoedus]
1427 2322 1462 2355 in
1490 2321 1597 2356 herba
1624 2321 1718 2356 Α.Β.
1741 2322 1837 2357 Ven.

388 2380 406 2407 Y
428 2373 528 2421 quod
550 2385 662 2421 supra
688 2371 762 2407 dixi
784 2372 866 2419 sed]
890 2384 1000 2419 supra
1021 2373 1115 2418 quod
1135 2373 1279 2408 dixisset
1299 2373 1364 2408 hoc
1382 2374 1476 2409 Α.Β.
1493 2386 1604 2421 supra
1629 2375 1723 2421 quod
1737 2375 1838 2410 Ven.

383 2432 402 2451 2
423 2425 510 2461 facit
530 2425 600 2460 hoc
623 2424 748 2460 modo.
786 2424 851 2460 tuli
875 2424 970 2460 telus
1000 2424 1135 2460 amisso
1164 2424 1253 2461 tule.
1292 2425 1376 2461 vide
1398 2426 1473 2474 hic]
1501 2439 1629 2462 novum
1648 2427 1746 2475 fecit
1775 2428 1839 2463 hoc

384 2479 488 2514 modo
508 2479 579 2513 culi
601 2479 691 2523 (cusi
712 2478 776 2523 B.)
800 2478 908 2513 cellus
922 2479 1078 2512 acmasio
1099 2478 1203 2513 Tulle
1222 2479 1279 2514 hic
1296 2479 1389 2514 A.B.
1501 2486 1520 2506 a
1540 2479 1683 2530 respuis
1703 2481 1838 2517 amisso

385 2531 478 2578 tule]
504 2531 577 2566 tale
596 2532 731 2577 cespius
751 2532 887 2566 amasio
909 2531 997 2566 tulle
1013 2531 1058 2567 A.
1080 2531 1217 2578 respuis
1236 2533 1370 2567 amasio
1392 2533 1436 2568 B.
1573 2531 1593 2559 b
1613 2546 1706 2582 quos
1726 2534 1840 2570 habet

384 2597 468 2633 pars
489 2582 605 2633 prior]
629 2584 723 2631 qnod
743 2584 849 2619 lzabet
866 2596 952 2630 pars
969 2586 1145 2631 posterior
1163 2585 1258 2622 Α.Β.
1276 2587 1456 2633 posterior
1475 2586 1572 2623 Ven.
1598 2606 1601 2609 ·
1720 2593 1737 2613 0
1758 2599 1839 2623 me-

384 2645 481 2673 trum
503 2644 561 2673 est
580 2635 678 2711 qutod
698 2636 813 2685 apud]
839 2642 990 2672 metrum
1011 2639 1109 2684 apud
1127 2638 1223 2673 Α.Β.
1334 2636 1354 2664 d
1373 2639 1460 2675 ades
1482 2638 1602 2688 inquit
1622 2652 1644 2676 o
1666 2639 1836 2690 Cybelle]

385 2726 495 2760 audes
514 2723 639 2770 inquid
658 2735 677 2757 ο
697 2723 846 2770 cybebae
860 2722 951 2770 sera
976 2725 1151 2759 montium
1172 2725 1250 2760 dea.
1295 2724 1471 2772 Superius
1498 2738 1637 2762 comma
1665 2727 1759 2774 quod
1788 2731 1840 2762 est

385 2777 468 2823 (sdes
490 2790 525 2823 ὶη
544 2789 630 2835 quid
648 2787 741 2822 Α.Β.
783 2787 874 2822 Mox
895 2789 1090 2835 superioris
1107 2789 1232 2824 similis
1255 2788 1350 2824 Ven.
1483 2796 1500 2815 e
1519 2789 1630 2837 veris]
1653 2791 1730 2826 viee
1748 2792 1840 2826 veris

383 2842 480 2877 Α.Β.
582 2838 598 2866 f
615 2838 903 2887 Gallijambum]
931 2842 1152 2877 Caliambum
1175 2842 1219 2878 A.
1244 2842 1463 2879 Calliambus
1483 2844 1527 2879 B.
1551 2843 1757 2880 Caliabrum
1778 2843 1838 2880 hic

384 2902 421 2930 et
441 2906 549 2944 supra
562 2893 656 2930 Ven.
723 2899 744 2928 g
757 2891 837 2942 ipso
855 2893 1012 2941 factum]
1038 2895 1102 2930 hoc
1122 2897 1196 2943 ipso
1202 2895 1326 2943 facito
1342 2897 1385 2933 A.
1404 2897 1468 2932 hoc
1483 2898 1558 2944 ipso
1565 2895 1675 2945 facto
1691 2898 1772 2934 etei
1788 2896 1836 2934 Β.
