1962 3355
95 198 200 230 CAP.
224 193 299 231 28.
571 184 652 231 De
675 184 841 230 metris
867 183 1087 230 Horatii.
1453 180 1543 228 361

93 305 353 352 iambicum
380 314 586 363 curtum,
613 305 738 367 quod
765 314 812 351 et
846 304 1274 367 hendecasyllabon
1302 302 1482 357 dicunt,
1506 314 1551 347 et

91 380 202 427 facit
227 383 491 429 trimetrum
521 381 731 445 plenum,

264 458 361 498 Mea
382 459 542 499 renidet
562 459 608 498 in
630 459 746 499 domo
765 458 969 502 lacunar,-

92 530 227 586 sicut,

213 607 487 663 Trallianique
507 608 636 647 siccas
656 607 860 646 mach-ime
880 605 1138 645 Pecu-inulas.

95 727 208 780 [ΙΙΙ.
232 742 246 768 1
260 729 314 782 2.]
349 729 612 768 Miserarum
633 734 692 768 est
712 742 840 783 neque
859 728 994 768 amori
1015 727 1115 767 dare
1136 726 1280 766 ludum
1569 737 1610 765 32

346 795 492 851 Neque
513 796 623 836 dulci
645 796 755 835 mala
777 796 874 835 vino
894 796 1032 836 lavere
1053 799 1127 834 aut
1147 807 1215 833 ex-

347 864 533 902 animari
554 869 775 903 metuentes
787 869 960 918 patrum
981 863 1152 903 verbera
1171 862 1348 916 Zingwoe.

92 946 274 992 Omnes
299 947 472 994 qionici
497 948 564 994 ἀπ’
590 949 803 1000 ἐλάσσονος
829 956 938 994 sunt
976 945 1254 1003 catalectici,
1277 945 1373 992 duo
1411 945 1547 1008 primi

90 1023 305 1081 trimetri,
331 1024 495 1071 tertius
521 1033 807 1071 tetrameter.

108 1154 204 1207 [IV.
224 1155 282 1209 7.]
317 1156 542 1211 Dffzgere
561 1156 680 1195 ‘nives
701 1154 980 1208 reclemztjczm
995 1153 1204 1208 gramina
1222 1152 1394 1206 campis,
1568 1171 1608 1199 33

318 1224 624 1278 Arboribusque
644 1236 769 1262 coma?
783 1238 795 1260 .·

90 1307 271 1370 primus
311 1307 586 1352 hexameter
629 1306 828 1358 herous3
878 1303 1084 1350 secunda
1124 1320 1230 1366 pars
1277 1301 1548 1366 penthemi-

89 1382 255 1428 merim
298 1383 453 1437 habet,
479 1381 604 1445 quod
649 1383 869 1429 iteratum
912 1382 1147 1443 integrum
1192 1387 1544 1442 pentametrum

87 1458 242 1513 faciet,

337 1525 388 1564 rA
394 1525 659 1580 rborz'busque
680 1539 762 1564 com
769 1539 819 1563 (e.

111 1647 208 1700 [IV.
235 1647 318 1700 10.]
356 1647 391 1685 O
410 1646 588 1686 crudelis
609 1646 744 1686 adhuc
764 1651 802 1686 et
831 1646 996 1686 Veneris
1017 1645 1260 1685 muneribus
1273 1649 1434 1700 potens.
1569 1661 1611 1690 34

91 1714 158 1760 Hi
196 1732 361 1760 omnes
387 1731 481 1776 quo
519 1714 676 1760 minus
715 1713 890 1759 heroici
927 1712 1188 1759 hexametri
1227 1711 1317 1757 dici
1358 1718 1550 1774 possent

90 1791 402 1837 commutatio
427 1791 577 1852 quarti
619 1790 750 1854 pedis
780 1790 919 1843 fecit3
968 1807 1079 1835 nam
1118 1806 1203 1852 pro
1228 1787 1418 1850 dactylo
1444 1803 1552 1831 ana-

89 1876 289 1931 paestum
317 1867 534 1912 Shabent.
607 1866 761 1911 Simul
788 1875 834 1911 et
869 1865 984 1912 illud
1011 1864 1266 1911 videndum
1291 1862 1418 1925 quod
1445 1863 1552 1908 nul-

89 1944 183 1989 lam
212 1944 389 1989 habent
413 1943 685 1989 varietatem
715 1942 907 2006 pedum.
978 1941 1069 1987 Sed
1097 1941 1211 1986 ordo
1243 1940 1369 1986 idem
1397 1939 1551 1984 omni-

92 2021 193 2076 bus,
218 2023 290 2065 tut
316 2019 524 2082 primum
553 2029 599 2064 et
624 2019 816 2064 tertium
845 2018 1106 2082 spondeum
1137 2017 1358 2071 habeant,
1386 2033 1551 2061 secun-

90 2097 203 2143 dum
231 2105 277 2142 et
302 2096 525 2159 quintum
556 2104 603 2141 et
635 2104 822 2141 sextum
856 2095 1086 2158 dactylos,
1114 2102 1334 2156 quartum
1367 2109 1549 2155 anapae-

90 2183 234 2231 stum,
260 2190 343 2236 per
366 2172 492 2235 quod
530 2181 576 2218 et
612 2172 898 2236 syllabarum
926 2187 1015 2217 XVI
1043 2187 1269 2216 numerus
1306 2169 1355 2214 in
1394 2168 1550 2214 omni-

91 2251 177 2297 bus
203 2258 485 2314 perseverat.

154 2327 301 2374 Nunc
334 2326 392 2373 de
425 2325 623 2390 Epodis‚
649 2325 875 2388 quoniam
910 2342 1050 2388 supra
1083 2324 1313 2387 originem
1341 2322 1606 2376 nominis35

89 2403 204 2459 dixi,
231 2413 378 2449 metra
414 2420 576 2449 eorum
615 2420 890 2465 quanquam
926 2401 1160 2464 simplicia
1198 2401 1306 2457 sint,
1330 2408 1378 2445 et
1413 2398 1550 2444 intel-

90 2480 216 2526 lectu
235 2479 404 2535 facilia,
429 2490 588 2525 tamen
617 2480 818 2525 breviter
841 2495 1103 2524 excurram.

210 2589 288 2641 [I.]
320 2589 408 2628 Ibis
428 2589 634 2628 Liburnis
654 2590 765 2629 inter
784 2589 871 2628 alta
891 2589 1066 2627 navium

432 2656 572 2695 Amice
590 2656 926 2711 propugnacula.

145 2817 163 2841 Ρ
184 2811 342 2858 carinas]
369 2811 551 2846 carinulas
569 2810 616 2846 V.
725 2817 746 2844 q
765 2809 892 2857 ionici]
917 2811 962 2846 V.
983 2809 1087 2846 addit
1105 2813 1162 2845 ἀπ’
1184 2811 1368 2849 ἐλάσσονος.
1451 2814 1466 2833 ¹·
1486 2819 1547 2841 ar-

94 2866 303 2913 boribusque
323 2876 429 2901 comae
448 2862 503 2899 bis
525 2863 569 2897 V.
704 2869 718 2889 S
742 2863 865 2908 habet]
890 2864 1020 2899 habent
1039 2864 1086 2898 V.
1224 2861 1237 2886 t
1258 2866 1292 2896 et
1306 2860 1482 2907 primum]
1506 2864 1547 2894 ut

89 2921 245 2965 primum.
267 2919 311 2954 V.
333 2925 371 2954 et
391 2929 475 2953 mox
498 2917 665 2952 habeant.

774 2987 859 3024 3A
