1962 3355
146 211 252 242 CAP.
283 203 354 254 17.
448 196 531 242 De
550 193 940 256 Metrorumfine
963 210 1046 239 seu
1071 194 1302 240 clausula.
1539 203 1594 240 81

142 315 317 369 zQuod
343 316 390 361 in
416 315 545 361 omni
573 331 741 378 genere
774 322 1032 360 metrorum
1066 314 1406 359 observabitur.
1478 313 1601 359 Rur-

143 409 236 447 sus,
272 401 326 436 ut
360 391 582 453 exempla
623 389 765 435 etiam
807 408 865 436 ex
905 390 979 436 his
1020 390 1194 446 metris,
1230 406 1334 451 quae
1377 389 1601 452 conjuga-

139 468 350 513 tionibus
398 466 692 530 gradiuntur,
737 466 1047 529 proferamu8‚
1085 482 1194 510 cum
1236 464 1293 510 ad
1340 464 1597 528 perfectam

140 542 521 605 conjugationem
570 560 652 605 pes
701 542 883 605 integer
922 542 1068 600 deest,
1112 542 1199 588 erit
1246 541 1601 604 brachycatale-

140 628 299 664 ctum:
337 630 387 664 ut
413 629 484 665 est
508 619 600 664 hoc
623 627 969 674 tetrametrum,

211 694 335 743 Quis
358 711 451 740 non
476 693 670 740 adultas
693 693 919 740 detrahat
942 710 1077 740 ramo
1101 692 1385 754 voluptate&

141 769 306 815 Habet
346 770 473 815 enim
512 778 604 815 tres
643 769 847 832 integras
883 768 1256 832 conjugationes,
1292 776 1337 813 et
1378 775 1593 828 quartam

141 863 235 891 uno
261 845 380 908 pede
405 845 681 891 breviorem.
752 845 1094 892 Catalecticum
1123 854 1297 899 autem,
1321 860 1428 890 cum
1460 852 1478 871 ³
1494 860 1598 905 per-

138 921 275 968 fectae
299 921 623 984 conjugationi
662 939 755 967 non
791 939 872 984 pes
905 921 985 967 sed
1022 920 1203 984 syllaba
1229 927 1517 983 amputatur,
1543 926 1597 964 ut

140 1006 210 1042 est
252 997 343 1043 hoc
383 1006 727 1054 tetrametrum,
765 997 909 1043 habet
949 996 1077 1042 enim
1116 1004 1330 1057 quartam
1371 994 1596 1055 conjuga-

139 1073 335 1129 tionem,
359 1090 454 1118 una
479 1073 661 1136 syllaba
686 1073 974 1119 breviorem:

204 1148 224 1177 b
243 1147 439 1195 Coeralce
463 1148 689 1209 IVeptane
710 1155 883 1204 rector,
907 1156 924 1177 ⁰
945 1147 1098 1194 Conse
1126 1147 1323 1193 litorum
1342 1152 1525 1208 potens.

136 1224 467 1270 Acatalectum
493 1232 668 1276 autem,
688 1223 779 1277 cui,
799 1232 850 1269 ut
875 1241 1015 1286 supra
1039 1223 1264 1278 diximus,
1285 1239 1437 1283 neque
1462 1221 1593 1266 deest

138 1299 194 1345 ad
221 1299 452 1362 integram
479 1298 861 1361 conjugationem
897 1316 1051 1360 neque
1084 1297 1295 1343 abundat
1319 1297 1594 1359 quicquam,

137 1384 190 1421 ut
213 1384 284 1421 est
310 1375 400 1421 hoc
424 1374 709 1430 trimetrum,

368 1450 554 1496 Amare
576 1450 682 1496 nolo
706 1467 793 1496 nec
816 1448 834 1478 d
852 1448 1011 1495 dolere
1039 1447 1215 1495 Clinia.

136 1526 594 1589 Hypercatalectum
616 1542 858 1581 vero,cum
879 1524 936 1570 ad
954 1524 1184 1587 integram
1207 1522 1592 1585 conjugationem

137 1619 229 1648 una
255 1602 466 1648 abundat
489 1602 684 1663 syllaba,
707 1610 761 1647 ut
785 1609 856 1646 est
881 1600 972 1646 hoc
996 1600 1283 1656 trimetrum,

206 1676 403 1724 Caduca
427 1688 447 1712 e
453 1677 628 1740 populi
652 1695 781 1724 coma
800 1677 983 1741 glauca
991 1676 1104 1740 jam
1120 1693 1214 1738 per
1238 1692 1396 1738 agros.

136 1754 229 1800 Sed
267 1763 417 1800 metra
459 1754 611 1817 magis
647 1753 854 1816 gaudent
885 1752 1170 1798 catalecticis
1195 1750 1593 1796 conclusionibus.

135 1830 328 1894 Proprie
353 1838 512 1876 autem
547 1829 751 1875 iambica
787 1837 937 1874 metra
967 1826 1209 1889 fgaudent
1245 1825 1512 1871 acatalectis
1548 1835 1594 1870 et

135 1907 421 1954 catalecticis
457 1914 504 1951 et
545 1904 938 1968 hypercatalectis
990 1901 1391 1956 conclusionibus,
1433 1901 1595 1946 adver-

136 1992 298 2029 santur
334 1991 490 2028 autem
528 1979 975 2043 brachycatalectis:
1012 1978 1250 2024 trochaica
1276 1994 1383 2022 vero
1420 1977 1591 2040 hyper-

135 2058 375 2105 catalectis
433 2057 611 2118 ejectis,
666 2056 872 2102 residuas
931 2054 1256 2101 conclusiones
1315 2053 1591 2099 admittunt.

136 2133 473 2179 Cboriambica
502 2141 660 2179 autem
695 2141 740 2177 et
776 2130 1117 2194 gantispastica
1154 2129 1320 2176 iisdem
1359 2128 1592 2174 conclusi-

135 2209 322 2264 onibus,
353 2208 526 2270 quibus
558 2207 702 2253 etiam
736 2206 954 2260 iambica,
980 2206 1213 2262 laetantur,
1241 2205 1396 2251 ionica
1431 2213 1591 2251 autem

134 2284 424 2332 htrochaicis
448 2283 824 2347 depositionibus
861 2283 1113 2337 sociantur,
1140 2290 1186 2326 et
1220 2280 1327 2326 ideo
1364 2281 1592 2344 hyperca-

134 2360 348 2407 talectica
374 2360 464 2406 illis
494 2377 637 2405 exosa
670 2367 795 2404 sunt.
864 2356 1144 2419 iDactylica
1178 2373 1288 2402 vero
1324 2365 1370 2402 et
1406 2373 1591 2419 anapae-

135 2436 252 2482 stica
276 2436 426 2498 magis
452 2435 718 2482 acatalectis
743 2433 1052 2479 delectantur.

187 2557 206 2577 Ζ
227 2551 356 2598 Quod]
380 2550 441 2599 qui
462 2550 503 2586 P.
641 2555 660 2574 a
679 2548 870 2597 perfectae]
902 2545 1064 2596 perfecte
1083 2546 1123 2581 P.
1261 2543 1281 2570 b
1302 2544 1473 2590 Caerulae]
1503 2545 1586 2579 Cae-

134 2603 212 2640 rule
232 2604 273 2639 P.
383 2610 400 2629 c
419 2602 542 2645 undae,
563 2601 750 2648 littorum]
776 2600 1041 2637 conselitorum
1064 2600 1102 2634 Ρ.
1200 2596 1215 2620 ‘¹
1235 2597 1378 2644 dolere]
1404 2596 1529 2632 dolore
1547 2596 1587 2631 P.

133 2663 149 2683 e
169 2656 295 2705 populi
315 2668 423 2692 coma
441 2656 587 2706 glauca]
610 2653 798 2704 poplicum
821 2652 973 2702 aglauca
992 2652 1033 2687 P.
1055 2651 1111 2687 ed.
1129 2652 1235 2687 Cam.
1367 2648 1383 2675 f
1399 2649 1581 2698 gaudent]

132 2708 311 2758 plaudent
330 2709 370 2745 P.
480 2715 501 2742 g
521 2706 779 2756 antispastica]
805 2704 1025 2753 antispatica
1048 2705 1087 2740 P.
1206 2702 1228 2728 h
1249 2701 1462 2748 trochaicis]
1488 2702 1587 2736 thro-

133 2761 243 2798 caicis
266 2761 309 2797 P.
419 2759 429 2786 i
449 2760 661 2809 Dactylica]
684 2759 869 2795 Dactilica
888 2759 928 2794 P.

195 2853 253 2888 14.
282 2841 386 2889 Lege
400 2839 497 2877 sicut
515 2839 627 2890 paulo
647 2847 732 2888 post
751 2852 829 2875 car·
885 2851 987 2873 coma
1005 2838 1139 2884 glauca
1151 2835 1233 2881 jam
1251 2848 1316 2882 per
1335 2846 1453 2881 agros.
1498 2833 1582 2867 CA·

135 2907 221 2931 rnen
268 2893 477 2936 adducitur,
519 2893 665 2929 Caduca
704 2893 831 2939 populi
887 2885 1583 2936 MER.v.Lib.111.p.165.ed.C0mm.

965 2969 1003 2997 M

1625 331 1658 351 11

1620 780 1656 802 12

1616 1243 1652 1273 13

1616 1540 1653 1569 14

1617 1765 1651 1795 ¹5

1614 2143 1652 2175 16
