1962 3355
605 187 786 220 veteru-m
807 181 1131 234 apospasmatia.
1517 179 1599 219 565

146 295 292 341 simus,
309 293 376 332 ille
390 293 616 347 perfectior
636 306 718 330 non
740 292 831 331 erit.
889 291 1034 330 Habes
1054 291 1126 330 hoc
1146 291 1188 329 in
1212 292 1383 346 antiquo
1404 296 1599 331 tractatu.

147 361 281 401 Debes
306 374 407 416 eigo
429 360 553 399 verba
580 373 642 407 ea,
664 372 757 413 quae
786 358 1041 398 naturaliter
1061 371 1142 412 per
1170 371 1212 397 se
1234 357 1360 412 plena
1383 364 1496 406 sunt,
1518 374 1601 398 non

145 429 328 468 subicere
347 426 652 481 conparationi,
673 439 737 474 ne,
760 425 860 465 dum
888 426 952 465 vis
978 426 1138 480 aliquid
1167 439 1338 481 augere,
1358 440 1602 481 corrumpas

147 494 261 534 illam
281 494 484 533 rationem
504 492 752 532 naturalem.

604 618 743 670 Atque
763 615 975 671 aliquanto
996 625 1087 671 post
1102 632 1110 655 :

201 695 345 750 eErgo
367 696 496 745 vides,
516 709 608 751 quce
637 697 808 735 nomina
835 701 1137 751 conparantur,
1158 709 1249 750 quse
1268 700 1368 735 sunt
1387 695 1603 750 qualitatis

144 768 183 802 et
202 764 464 817 quantitatis.
522 764 593 802 Ea
615 769 767 812 autem,
789 777 881 819 quae
901 778 983 804 non
1005 768 1104 803 sunt
1123 763 1340 818 qualitatis
1367 769 1405 802 et
1434 765 1601 818 quanti-

145 831 259 880 tatis,
279 845 361 871 non
382 833 591 887 recipiunt
610 832 961 887 conparationem.
1011 831 1079 870 Νε
1100 837 1137 871 te
1157 831 1366 885 decipiant
1385 831 1458 870 illa
1475 831 1605 871 Plau-

145 899 262 937 tiana
283 905 321 939 et
340 899 588 954 Afraniana
610 899 749 939 verba.
807 898 1042 954 Ipsissimus
1057 900 1157 954 joco
1176 898 1326 938 comico
1346 898 1469 938 dixit.
1521 899 1605 939 Est

144 967 268 1006 etiam
298 967 414 1022 apud
447 968 616 1007 Groecos
649 966 849 1014 αὐτότατος
881 967 971 1007 tale.
1048 967 1214 1008 Comica
1241 971 1340 1006 sunt
1374 967 1455 1006 ista
1481 971 1519 1006 et
1549 967 1606 1006 ad

143 1039 274 1073 artem
315 1049 398 1074 non
432 1036 654 1091 pertinent.
726 1035 852 1090 Ergo
886 1049 969 1074 non
1010 1035 1219 1090 recipiunt
1253 1034 1604 1088 conparationem,

143 1102 228 1141 nisi
249 1115 311 1150 ea,
333 1117 427 1157 quce
448 1109 548 1143 sunt
567 1103 785 1158 qualitatis
806 1108 843 1142 et
862 1103 1125 1157 quantitatis.
1186 1102 1390 1141 Diximus
1405 1102 1505 1155 jam
1533 1102 1606 1142 hoc

144 1169 317 1223 saepius.
389 1170 507 1209 Illud
542 1184 703 1220 nomen,
737 1170 846 1225 quod
877 1171 922 1209 in
958 1171 1213 1210 dubitatione
1245 1170 1371 1217 venit,
1412 1169 1603 1217 Latinus,

146 1236 349 1286 Latinior,
374 1237 678 1286 Latinissimus,
701 1238 908 1293 quseritur
928 1244 1071 1277 utrum
1101 1237 1302 1277 dicamus.
1364 1238 1415 1277 Si
1437 1252 1463 1276 a
1478 1243 1606 1292 gente

146 1304 340 1352 volueris,
374 1319 455 1344 non
491 1305 610 1345 dicis.
672 1305 727 1345 Id
756 1311 828 1353 est,
866 1305 904 1345 si
936 1319 962 1344 a
989 1310 1116 1360 gente
1146 1304 1281 1344 dictus
1316 1310 1376 1344 est
1411 1304 1603 1352 Latinus,

144 1373 484 1427 quemadmodum
518 1373 662 1413 Italus.
725 1373 948 1428 Numquid
972 1386 1142 1427 possum
1171 1372 1306 1411 dicere
1337 1371 1496 1420 Itaiior,
1522 1372 1605 1411 Ita-

144 1439 350 1480 lissimus?
400 1441 752 1487 Quemadmodum
799 1440 918 1480 Afer.
999 1439 1222 1495 Numquid
1257 1453 1426 1494 possum
1471 1439 1606 1479 dicere

143 1507 303 1558 Afrior,
336 1508 603 1548 Aferrimus?
652 1508 1002 1556 Quemadmodum
1035 1507 1196 1548 Gallus.
1264 1507 1487 1563 Numquid
1516 1507 1606 1547 dico

146 1575 317 1627 Gallior,
350 1575 640 1616 Gallissimus?
673 1577 746 1618 Sic
778 1575 1080 1617 Latinissimus.
1143 1575 1194 1616 Si
1225 1581 1363 1615 autem
1390 1575 1446 1614 acl
1472 1575 1603 1615 elocu-

145 1644 307 1694 tionem,
340 1645 490 1699 recipit
521 1647 872 1700 conparationem.
956 1645 1130 1691 Quare?
1183 1644 1293 1690 Quia
1332 1644 1481 1697 incipit
1519 1657 1605 1683 esse

143 1711 360 1766 qualitatis
394 1712 445 1751 ab
478 1713 631 1753 animo.
709 1712 916 1759 Quomodo
951 1712 1167 1767 loquitur?
1213 1710 1376 1751 Latine.
1443 1711 1604 1750 Tamen

144 1779 216 1819 lioc
236 1780 372 1834 ipsum
397 1786 575 1835 propter
594 1780 911 1835 ambiguitatem
933 1779 1151 1819 vitandum
1173 1784 1247 1828 est,
1269 1792 1320 1817 ne
1339 1778 1537 1818 cadamus
1557 1780 1604 1818 in

144 1847 412 1887 calumniam.
486 1847 674 1887 Latinior
702 1862 785 1888 non
821 1848 1009 1887 debemus
1045 1847 1192 1886 dicere.
1267 1847 1524 1900 Quamquam
1556 1846 1605 1886 de

144 1914 366 1954 elocutione
396 1915 582 1956 dicamus
612 1922 651 1956 et
671 1930 890 1971 possemus
917 1916 1065 1965 dicere,
1088 1921 1224 1955 tamen
1252 1914 1441 1954 debemus
1468 1915 1605 1955 vitare

142 1988 315 2037 propter
344 1982 611 2023 calunmiam.
675 1984 876 2030 Quamvis
907 1998 981 2023 nos
1007 1983 1284 2037 defendimus,
1306 1983 1430 2022 etiam
1460 1982 1605 2022 Cicero

146 2051 297 2090 vitavit
317 2051 362 2089 in
384 2056 502 2090 sexta
530 2052 801 2091 Verrinarum
833 2050 922 2105 [lib.
947 2052 1023 2091 IV.
1046 2066 1082 2091 c.
1103 2051 1173 2104 1.].
1237 2051 1346 2090 Cum
1378 2049 1470 2090 dico
1501 2051 1602 2090 Vei·-

145 2131 228 2156 rem
251 2117 291 2156 in
315 2126 400 2157 tota
419 2117 643 2173 provincia,
670 2119 816 2158 Latine
839 2133 904 2159 me
925 2119 1079 2167 scitote,
1104 2133 1182 2158 non
1206 2117 1455 2158 accusatorie
1477 2117 1602 2172 loqui.

146 2185 204 2225 Et
237 2186 407 2240 sulgjecit
438 2192 581 2240 postea
616 2186 736 2226 etiam
776 2186 952 2241 planius.
1030 2187 1182 2226 Noluit
1221 2186 1356 2225 dicere
1397 2184 1601 2225 Latinius.

145 2254 270 2309 Ergo
290 2268 337 2294 ea
358 2255 565 2309 recipiunt
586 2256 936 2310 conparationem,
951 2270 1047 2311 quse
1066 2261 1165 2295 sunt
1185 2254 1402 2310 qualitatis
1419 2259 1456 2294 et
1475 2268 1606 2309 quan-

146 2321 294 2360 titatis.
355 2321 408 2359 H
409 2335 463 2360 ccc
495 2326 631 2360 tamen
663 2321 815 2376 regula
848 2336 930 2361 non
962 2321 1158 2369 recurrit,
1186 2320 1231 2359 id
1260 2325 1320 2359 est
1352 2333 1435 2358 non
1464 2319 1606 2358 omnia

146 2389 332 2438 nomina,
355 2402 446 2444 quse
477 2395 576 2429 sunt
607 2389 824 2444 qualitatis
854 2396 892 2430 et
921 2389 1187 2445 quantitatis,
1214 2388 1424 2442 recipiunt
1453 2401 1603 2441 conpa-

146 2457 364 2497 rationem.
427 2458 533 2503 Quce
559 2463 696 2498 autem
724 2463 1026 2513 conparantur,
1050 2456 1266 2511 qualitatis
1292 2461 1330 2495 et
1356 2454 1606 2510 quantitatis

146 2529 258 2563 sunt.
319 2524 420 2564 Non
449 2525 596 2574 omnis,
620 2526 734 2566 verbi
761 2540 905 2573 causa,
927 2526 998 2582 qui
1025 2525 1207 2580 navigat
1232 2524 1498 2579 gubernator
1529 2527 1603 2571 est,

146 2591 230 2640 sed,
263 2593 335 2646 qui
369 2593 631 2647 gubernator
665 2599 739 2643 est,
775 2594 972 2648 navigat.
1047 2592 1165 2632 Nam
1205 2606 1290 2632 ecce
1327 2591 1606 2631 inveniuntur

146 2659 290 2714 aliqua
320 2661 490 2699 nomina
517 2660 732 2714 qualitatis
753 2666 791 2700 et
810 2661 1072 2715 quantitatis,
1093 2666 1132 2700 et
1161 2675 1244 2700 non
1273 2660 1484 2714 recipiunt
1514 2672 1606 2697 con-

144 2727 423 2781 parationem.
486 2726 710 2767 Mediocris
729 2741 862 2767 unum
882 2733 1045 2768 tantum
1070 2727 1260 2783 gradum
1280 2727 1412 2767 habet.
1471 2725 1606 2764 Nemo

194 2878 324 2924 eErgo
341 2877 532 2924 vides&e.]
551 2876 846 2914 Siunliahabent
903 2891 938 2927 p.
967 2890 1053 2925 130.
1094 2886 1132 2914 et
1170 2875 1395 2913 Consentius
1435 2877 1526 2912 Arte
1568 2888 1604 2924 p.

149 2929 273 2980 Sosip.
305 2931 447 2967 Charis.
476 2931 564 2966 Inst.
601 2931 762 2967 Gramm.
795 2931 844 2967 11.
905 2943 1018 2968 2022.
1052 2929 1343 2968 RUHNKEN.
