1962 3355
327 211 422 249 338
798 203 950 250 Atilii
974 204 1327 250 Fortunatiani
1594 218 1703 249 PAR.
1732 218 1783 248 11.

593 363 725 416 CAP.
754 364 884 414 VII.
960 366 1044 416 De
1071 366 1175 415 colo
1202 373 1251 415 et
1277 371 1542 414 commate.

401 469 553 515 Colon
589 478 660 515 est
694 487 800 533 pars
839 469 934 514 sive
971 478 1126 531 partes
1163 485 1320 513 versus
1359 467 1552 530 integris
1586 466 1786 530 pedibus

337 545 561 607 impletae‚
586 553 639 590 ut

677 619 888 672 chfecz'sse
909 619 1020 658 videt
1038 633 1128 658 succ.

339 692 503 738 Habet
527 692 652 737 enim
679 699 771 735 tres
796 690 939 753 pedes
964 690 1223 753 Wintegros.
1271 690 1475 735 Comma
1499 709 1605 754 pars
1630 709 1787 737 versus

337 768 432 813 sive
457 777 609 831 partes
635 766 941 829 imperfectae,
966 776 1033 823 ut,

677 842 809 881 Arma
830 843 1047 897 virumque
1067 857 1179 883 cano.

338 918 502 963 Habet
527 918 654 963 enim
681 918 799 963 duos
825 918 1031 981 integros
1056 918 1199 982 pedes
1225 927 1270 964 et
1294 918 1562 964 dimidium.
1623 919 1688 965 Et
1711 937 1787 964 co-

333 994 413 1039 lon
438 993 621 1039 dietum
646 994 777 1055 quasi
805 1012 829 1039 a
855 1012 1049 1058 corpore
1086 995 1345 1040 abscissum
1371 995 1609 1057 integrum
1637 1012 1788 1041 mem-

334 1072 498 1116 brum:
535 1088 725 1117 comma
750 1089 858 1117 vero
882 1072 1014 1133 quasi
1052 1081 1216 1118 trunca
1247 1089 1354 1135 pars
1392 1071 1593 1117 membri
1632 1090 1657 1118 a
1690 1089 1790 1117 cor-

334 1165 447 1210 pore
473 1157 732 1210 amputata.

401 1224 545 1270 Nune
589 1224 743 1269 (licere
789 1223 1068 1287 Xaggredior
1100 1231 1250 1270 metra
1290 1223 1581 1287 principalia,
1620 1242 1724 1286 quae
1763 1242 1788 1270 a

336 1301 513 1347 Graecis
538 1309 792 1364 prototypa
817 1311 862 1346 et
889 1300 1152 1363 archegona
1178 1299 1413 1346 dicuntur.
1468 1300 1634 1346 Cetera
1660 1301 1785 1346 enim

335 1394 391 1422 ex
419 1377 491 1422 his
515 1386 655 1422 Ynata
681 1386 805 1433 sunt,
831 1394 935 1438 qnae
972 1377 1188 1422 mutilata
1220 1394 1303 1439 per
1327 1377 1454 1422 zcola
1479 1386 1525 1422 et
1550 1387 1788 1423 commata

337 1463 416 1499 aut
441 1454 679 1517 apartibus
700 1453 1056 1516 adglutinantur
1080 1454 1183 1508 sibi,
1209 1463 1289 1499 aut
1313 1454 1409 1499 sola
1435 1463 1690 1516 ponuntur.
1723 1454 1789 1499 Et

335 1539 535 1576 sumunt
559 1530 630 1575 vel
664 1547 688 1575 a
725 1529 923 1591 pedibus
950 1529 1143 1574 nomina
1168 1546 1226 1574 ex
1252 1529 1424 1591 quibus
1450 1539 1681 1586 constant,
1706 1529 1789 1575 but

335 1606 567 1668 dactylica
604 1614 649 1650 et
686 1605 992 1667 anapaestica:
1030 1606 1102 1650 vel
1141 1606 1198 1650 ab
1224 1605 1562 1659 inventoribus,
1585 1614 1636 1651 ut
1670 1606 1790 1651 Pha-

336 1682 465 1727 laeeia
500 1682 571 1727 vel
610 1681 882 1727 cSotadica:
919 1682 993 1727 vel
1033 1682 1090 1726 ab
1129 1680 1199 1725 bis
1238 1680 1317 1742 qui
1361 1698 1414 1726 ea
1451 1681 1658 1726 maxime
1698 1683 1788 1727 fre-

335 1766 636 1819 quentarunt,
673 1765 726 1807 ut
761 1756 1129 1820 dAristophania
1167 1765 1212 1800 et
1247 1756 1572 1818 Asclepiadia:
1609 1766 1689 1802 aut
1731 1758 1789 1802 ab

337 1851 441 1888 usu,
468 1842 518 1879 ut
543 1833 795 1895 ePriapea:
833 1842 911 1878 aut
937 1850 960 1877 a
988 1848 1184 1877 numero
1209 1831 1513 1894 syllabarum,
1537 1841 1591 1878 ut
1615 1833 1791 1879 hende-

336 1909 573 1972 casyllaba
591 1927 601 1953 :
635 1917 713 1954 aut
731 1927 755 1954 a
775 1926 974 1954 numero
990 1907 1184 1971 pedum,
1201 1917 1252 1952 ut
1273 1925 1430 1953 versus
1452 1908 1657 1954 senarios
1676 1909 1791 1956 dici-

339 2003 471 2031 mus:
507 1984 607 2030 faut
627 2003 651 2030 a
673 2002 870 2031 numero
896 1984 1214 2047 syzygiamlili,
1243 1992 1293 2030 ut
1317 1984 1552 2031 trimetros
1578 1994 1624 2031 et
1648 1994 1789 2032 tetra-

339 2070 511 2106 metros
537 2060 767 2106 dicimus:
805 2070 886 2106 aut
921 2078 944 2105 a
982 2060 1294 2123 passionibus,
1321 2070 1372 2106 ut
1396 2062 1580 2107 coluros
1617 2071 1663 2108 et
1693 2080 1792 2109 sca-

340 2146 530 2182 zontas:
563 2146 642 2182 aut
668 2155 692 2182 a
713 2146 940 2200 tempore,
960 2145 1011 2182 ut
1037 2137 1297 2193 Saturnios,
1321 2145 1344 2174 ³³
1352 2137 1477 2199 quod
1496 2156 1551 2183 eo
1577 2149 1790 2201 tempore

340 2212 545 2274 primum
597 2212 641 2257 in
695 2213 831 2258 Italia
878 2213 1087 2275 usurpati
1131 2224 1240 2259 sunt
1277 2232 1371 2276 quo
1414 2215 1630 2260 Saturnia
1681 2217 1789 2261 urbs

301 2330 307 2337 ,
339 2298 449 2333 erat.
520 2287 671 2349 Igitur
704 2288 947 2347 originalia
973 2298 1082 2333 sunt
1109 2298 1156 2334 ut
1182 2289 1279 2334 dixi
1317 2307 1514 2335 numero
1538 2300 1660 2347 octo,
1685 2309 1789 2353 quae

339 2363 499 2407 omnia
526 2363 713 2424 proprio
738 2380 823 2408 suo
848 2363 967 2424 pede
993 2364 1269 2417 consistunt,
1291 2365 1416 2410 unde
1442 2366 1632 2412 nomina
1660 2385 1790 2413 accc-

391 2556 420 2574 W
439 2549 586 2596 similes]
611 2551 768 2594 integros
787 2549 833 2584 V.
971 2556 990 2574 X
1009 2550 1220 2596 aggrediar]
1243 2552 1435 2596 aggredior
1457 2552 1501 2586 V.
1648 2559 1667 2586 y
1686 2555 1786 2601 sunt]

340 2608 427 2638 nata.
447 2606 529 2637 sunt
550 2602 595 2637 V.
788 2608 805 2626 Ζ
825 2603 936 2648 colos]
962 2603 1040 2637 cola
1065 2604 1106 2637 V.
1289 2609 1307 2629 ὃ
1323 2606 1473 2650 paribus
1491 2605 1785 2653 agglutinantur]

337 2655 502 2703 partibus
521 2655 798 2700 adglutinantur
817 2655 865 2690 V.
1052 2653 1072 2679 b
1093 2660 1132 2690 ut
1151 2657 1328 2702 dactylica
1349 2658 1584 2704 anapcestica]
1610 2663 1645 2693 et
1663 2660 1790 2706 dacty-

342 2710 412 2743 ἰὶοη
433 2712 467 2742 et
487 2708 703 2753 cmapoesticct
727 2708 770 2742 V.
933 2713 949 2732 ⁰
970 2707 1159 2753 Sotadica]
1185 2710 1238 2744 vel
1260 2710 1430 2745 Sotaclica
1452 2711 1495 2745 V.
1663 2709 1682 2736 d
1703 2714 1789 2747 Ari-

338 2761 529 2807 stophania
544 2759 790 2806 Asclepiadia]
816 2761 1022 2806 Aristophz'a
1044 2767 1078 2796 et
1100 2762 1328 2808 Asclepimlia
1352 2763 1395 2798 V.
1560 2770 1575 2788 e
1598 2765 1786 2810 Priapeia]

342 2815 501 2859 Priapea
522 2812 567 2848 V.
703 2811 716 2838 s
732 2818 796 2847 aut
817 2825 859 2847 ne
878 2815 1102 2859 syzygiarum
1125 2820 1188 2849 ant
1211 2817 1388 2850 trimetros
1407 2821 1471 2850 aut
1493 2821 1717 2851 tetrametros
1736 2819 1787 2852 di-

341 2868 450 2901 cimus
465 2866 512 2900 V.
688 2871 707 2899 g
728 2866 820 2911 quod
841 2878 879 2899 eo
901 2870 1055 2912 tempore
1076 2868 1108 2900 in
1133 2867 1260 2914 Italia]
1285 2870 1379 2914 quod
1398 2870 1517 2904 eodem
1539 2875 1695 2915 tempore
1709 2872 1788 2916 pri-

341 2932 433 2954 mum
457 2920 491 2952 in
513 2919 622 2953 Italia
645 2920 808 2964 usurpati
827 2923 908 2952 sunt
930 2919 974 2954 V.
