1962 3355
375 177 470 215 520
984 169 1237 216 Diomedis
1635 187 1732 218 LIB.
1755 186 1827 218 111.

714 287 1034 343 Arboriflbusque
1054 288 1205 341 coxmae.

334 375 354 404 8
440 358 622 406 Octava
660 358 748 405 ode
786 359 1183 423 VAsclepiadeum
1225 369 1429 406 metrum
1472 361 1628 416 habet,
1664 371 1710 407 et
1748 379 1829 424 per

374 435 584 499 singulos
609 453 770 481 versus
795 435 1200 499 penthemimeres
1226 436 1480 492 scanditur,

599 510 825 564 Dona2rem
838 511 1036 566 pateirasl
1052 512 1276 567 grataque}
1298 513 1543 553 commodus.

334 603 354 634 9
438 582 582 629 Nona
614 582 703 628 ode
726 582 973 628 Alcaicum
1013 592 1216 630 metrum
1254 583 1412 642 habet,
1437 585 1580 647 quod,
1602 594 1655 631 ut
1690 603 1828 649 supra

372 659 601 715 diximus,
627 657 882 715 scanditur,

599 734 794 788 N'ejbrte
815 734 972 788 creldas
992 735 1233 787 interigtura
1252 751 1354 792 quoe.

316 825 354 847 ¹0
437 808 641 855 Decima
665 807 754 854 ode
779 807 1097 856 WPhalecium
1131 818 1335 856 metrum
1369 810 1527 867 habet,
1550 818 1598 856 et
1626 827 1709 874 per
1732 809 1827 856 sin-

371 886 505 949 gulos
530 902 688 931 versus
714 884 972 942 scanditur,

516 962 552 1001 0
571 961 762 1018 cruffidelz's
782 960 926 1015 adhuc}
948 967 986 1002 et
1009 962 1184 1018 Veneris}
1205 963 1456 1017 muneribusl
1471 968 1634 1018 potem.

314 1053 347 1073 ¹1
436 1034 709 1082 Undecima
733 1034 821 1081 ode
855 1035 1150 1099 Sapphicum
1186 1046 1393 1083 metrum
1431 1036 1588 1091 habet,
1613 1035 1740 1099 quod
1774 1045 1827 1082 ut

370 1131 510 1177 supra
533 1112 756 1167 diximus,
784 1112 1038 1168 scanditur,

539 1191 645 1231 xEst
664 1190 778 1243 mijlzi
798 1190 964 1245 nojnum
983 1189 1249 1245 su'peranjtis
1269 1203 1442 1230 annum.

314 1281 349 1302 12
435 1262 737 1309 Duodecima
762 1262 850 1309 ode
869 1262 1236 1326 Asclepiadeum
1264 1271 1468 1308 metrum
1497 1261 1655 1319 habet,
1673 1269 1720 1307 et
1742 1278 1826 1324 per

368 1349 621 1403 quaternos
647 1357 822 1395 versus,
846 1339 996 1385 tribus
1014 1339 1431 1402 penthemimeres,
1456 1347 1653 1401 Yquarto
1678 1338 1824 1402 tripo-

367 1416 446 1463 dia
470 1416 703 1480 dactylico
729 1415 985 1473 scanditur,

539 1493 639 1533 Jam
662 1493 784 1546 vessris
805 1492 990 1547 comistesl
1013 1507 1107 1548 qua?
1128 1494 1252 1545 mare}
1274 1497 1516 1547 temperant.

313 1585 348 1614 ¹3
435 1565 639 1613 Decima
664 1565 801 1611 tertia
825 1564 914 1610 ode
950 1564 1042 1610 hoc
1074 1564 1198 1610 idem
1235 1575 1440 1610 metrum
1476 1563 1634 1620 habet,
1661 1571 1708 1609 et
1741 1580 1824 1626 per

369 1652 622 1707 quaternos
660 1659 817 1687 versus
850 1641 1106 1696 scanditur,
1130 1640 1250 1687 2du0
1285 1642 1703 1704 penthemimeres,
1728 1640 1823 1686 duo

367 1719 605 1784 tripodian
630 1718 896 1783 dactylicen
924 1718 1116 1775 habent,

595 1795 818 1851 Aud2'1vere
840 1794 1036 1851 Lylce'idz’i
1058 1800 1155 1850 mea}
1180 1800 1273 1833 vota
1293 1793 1367 1832 dii.

312 1891 349 1920 14
435 1869 640 1916 Decima
664 1877 830 1931 quarta
853 1867 942 1914 ode
966 1867 1213 1913 Alcaicum
1253 1874 1458 1912 metrum
1498 1865 1654 1922 habet,
1679 1864 1822 1928 quod,

368 1958 421 1992 ut
445 1963 584 2008 supra
608 1944 832 2002 diximus,
857 1943 1111 1999 scanditur,

596 2022 700 2068 Quae
718 2035 822 2061 cura
839 2021 1024 2076 paltrum
1044 2032 1186 2075 quaeve
1209 2019 1469 2073 Quifiritz'um.

312 2110 348 2141 15
433 2093 639 2140 Decima
663 2093 829 2156 quinta
852 2092 941 2139 ode
966 2093 1057 2140 hoc
1086 2091 1213 2139 idem
1253 2103 1455 2138 metrum
1497 2089 1655 2145 habet,
1681 2098 1727 2135 et
1762 2089 1820 2135 si-

367 2171 543 2217 militer
567 2169 823 2227 scanditur,

595 2247 782 2287 Phoebus
803 2246 1019 2301 voleniteml
1037 2244 1205 2301 praelia}
1233 2258 1295 2284 me
1315 2245 1441 2298 loqui.

421 2414 440 2433 V
460 2408 690 2454 Phalecium]
716 2409 987 2455 Asclepiadeum
1007 2408 1050 2443 A.
1074 2407 1166 2442 Ven.
1380 2410 1408 2429 W
1429 2404 1704 2451 Asclepiadeum
1723 2403 1820 2439 Ven.

368 2466 388 2486 Χ
409 2473 551 2496 nonum
571 2460 779 2510 superantis
799 2461 957 2507 annum]
979 2472 1092 2496 nonus
1109 2462 1293 2506 sperantes
1312 2470 1407 2493 anno
1427 2458 1473 2494 A.
1651 2463 1670 2491 Y
1689 2464 1820 2506 quarto

368 2512 534 2562 dipodia]
558 2519 691 2561 quarta
711 2514 865 2561 tripodia
885 2514 929 2549 A.
1068 2519 1086 2538 Ζ
1106 2512 1179 2548 (1υο
1200 2509 1528 2561 penthemimereS,
1550 2510 1624 2546 duo
1645 2509 1820 2559 dipodian

367 2565 590 2615 dactylicen]
613 2568 701 2602 duos
722 2567 1023 2614 penthememeres
1051 2567 1139 2602 duos
1168 2565 1348 2612 tripodian
1378 2564 1547 2611 dactylici
1567 2565 1614 2600 A.
1641 2565 1729 2599 daos
1755 2564 1819 2598 tri-

362 2621 498 2666 podian
521 2620 614 2656 Ven.
