1962 3355
347 230 435 279 170
836 223 991 269 Marii
1020 221 1261 269 Victorini
1592 237 1689 268 ΜΒ.
1710 237 1786 268 111.

339 341 517 389 histum
554 344 806 406 subjiciens
833 344 1084 408 copulavit,
1109 344 1236 407 quod
1264 344 1446 408 ipostea
1469 343 1787 390 Archilochus

340 419 548 466 limatius
573 420 901 484 interpolando
926 421 1192 484 conposuit.

473 567 608 618 CAP.
640 567 771 618 XII.
837 570 922 619 De
949 568 1190 619 trimetro
1216 586 1373 619 versu
1402 568 1639 619 iambico.

403 666 577 711 Versus
611 666 821 711 trimeter
853 666 1101 722 iambicus,
1138 666 1218 727 qui
1260 674 1307 711 et
1347 665 1570 723 senarius,
1607 665 1788 727 adjecta

339 742 426 788 sibi
454 741 508 787 ad
534 741 724 787 initium
751 741 944 805 dipodia
975 742 1024 787 in
1049 750 1394 797 tetrametrum,
1419 759 1561 804 quem
1589 751 1635 787 et
1660 751 1789 788 octo-

337 818 522 864 narium
571 818 825 880 appellant,
866 826 1084 864 vertetur.
1168 818 1353 864 Feritur
1389 827 1545 864 autem
1585 818 1787 882 dipodiis

337 904 573 956 quattuor,
593 894 713 939 sicut
728 893 940 939 trimeter
962 894 1126 951 tribus,
1151 911 1293 956 quem
1322 912 1348 939 a
1372 912 1570 941 numero
1596 895 1788 958 pedum,

337 980 388 1015 ut
413 969 635 1026 diximus,
661 969 805 1015 nostri
843 970 1096 1027 senarium,
1122 988 1147 1016 a
1173 988 1370 1016 numero
1395 988 1502 1016 vero
1528 971 1790 1035 percussio-

299 1069 314 1089 2
337 1064 449 1092 num
477 1046 742 1091 trimetrum
767 1046 921 1092 Graeci
947 1045 1183 1092 dixerunt.
1253 1045 1544 1111 Exemplum
1572 1065 1683 1111 ergo
1707 1047 1789 1093 tri-

338 1122 474 1168 metri
501 1122 693 1168 iambici
719 1123 819 1177 erit,

466 1199 706 1246 Plzaselus
731 1199 812 1245 ille
834 1216 973 1262 quem
1000 1199 1168 1246 videtis
1193 1199 1412 1261 llospl'tes.

336 1274 435 1321 Hic
460 1274 714 1336 quadratus
740 1293 797 1321 ex
824 1275 1038 1321 trimetro
1062 1275 1278 1331 efficitur,
1303 1276 1384 1332 sic,

467 1353 626 1398 Adest
650 1352 775 1399 celer
800 1352 1039 1399 Plzaselas
1064 1352 1146 1398 ille
1169 1370 1304 1415 quem-
1327 1353 1498 1399 videtis
1522 1353 1740 1415 hospites.

296 1444 314 1473 3
336 1427 489 1490 Igitur
525 1428 560 1473 si
597 1429 799 1491 priorem
835 1428 1027 1490 adjectae
1060 1429 1273 1475 trimetro
1299 1429 1450 1475 versui
1477 1429 1680 1493 dipodiae
1704 1429 1786 1474 de-

335 1504 528 1550 traxeris
554 1505 781 1567 syllabam
811 1505 887 1560 ad,
912 1522 1017 1567 quae
1042 1515 1112 1550 est
1142 1505 1285 1551 iambi
1313 1505 1481 1569 prima,
1506 1507 1593 1551 erit
1624 1523 1784 1551 versus

334 1580 566 1644 incipiens
593 1599 618 1627 a
642 1583 832 1638 cretico,
859 1599 1001 1643 quem
1029 1581 1408 1645 amphimacrum
1444 1581 1663 1639 dicimus,
1690 1583 1770 1639 sic,

466 1657 558 1703 Est
583 1657 710 1704 celer
732 1657 975 1704 Plzaselus
1000 1657 1081 1703 ille
1104 1676 1239 1721 quem
1263 1658 1431 1704 videtis
1455 1658 1662 1720 hospite-s·
1679 1678 1693 1704 :

335 1731 479 1796 kquia
511 1735 717 1781 detracta
743 1734 896 1797 prima
923 1734 1047 1779 brevi
1075 1752 1099 1779 e
1125 1734 1317 1797 dipotlia
1342 1734 1561 1792 iambica,
1585 1753 1783 1798 sequens

332 1811 471 1872 longa
497 1811 681 1857 adnexo
706 1811 792 1857 sibi
819 1812 898 1873 qui
932 1811 973 1856 ei
1002 1812 1223 1873 jungitur
1258 1811 1430 1869 iambO,
1455 1812 1680 1858 creticum
1719 1812 1785 1857 ef-

331 1888 431 1933 ficit
456 1887 643 1951 pedem,
670 1888 750 1944 sic,
777 1894 846 1934 est
870 1887 1008 1934 celer.
1081 1888 1221 1942 Item,

463 1965 651 2011 Beatus
674 1964 758 2011 ille
781 1965 865 2028 qui
882 1964 1055 2026 procul
1076 1964 1316 2028 lnegotiis.

293 2059 314 2087 4
333 2041 464 2086 Huic
489 2041 703 2087 trimetro
740 2042 776 2086 si
814 2041 1135 2105 anteposueris
1170 2041 1408 2095 Socrates,
1433 2040 1512 2103 qui
1550 2048 1735 2086 constat
1758 2058 1784 2086 e

331 2118 473 2180 longa
504 2119 629 2164 brevi
666 2128 713 2165 et
737 2119 892 2182 longa,
919 2119 1009 2165 hoc
1042 2128 1112 2164 est
1137 2119 1506 2182 amphimacruS,
1531 2117 1618 2163 erit
1643 2126 1783 2163 tetra-

334 2203 509 2239 metrus
525 2194 862 2241 Archilochius
889 2195 1203 2250 catalecticus,
1224 2212 1365 2257 quem
1392 2213 1476 2240 nos
1497 2194 1780 2257 quadratum

331 2268 548 2325 dicimus,
574 2270 654 2327 ita,

465 2345 686 2393 Socrates
712 2347 876 2394 beatus
901 2347 982 2394 ille
1006 2348 1087 2411 qui
1102 2347 1276 2410 procul
1296 2347 1517 2409 negotiis.

294 2441 310 2471 5
333 2419 481 2466 Hunc
507 2422 672 2467 musici
698 2424 994 2470 trochaicum
1028 2425 1282 2488 appellant.
1351 2424 1478 2470 Nam
1518 2441 1625 2470 cum
1666 2441 1782 2486 prae-

333 2495 468 2541 cedat
493 2496 704 2543 iambum
743 2500 956 2557 creticus,
981 2500 1189 2546 detracta
1225 2501 1265 2546 ei
1304 2518 1525 2564 suprema
1560 2500 1700 2563 longa
1735 2508 1782 2546 et

332 2571 492 2617 iambo
528 2572 794 2635 insequenti
821 2584 852 2603 ¹¹¹
867 2576 1061 2637 adjecta,
1086 2577 1229 2623 versis
1267 2577 1313 2623 in
1340 2577 1568 2624 trochaeos
1595 2576 1781 2632 iambis,

385 2751 407 2779 h
427 2752 558 2800 istum]
585 2753 722 2790 iustum
746 2755 783 2789 P.
907 2754 917 2780 i
938 2763 1068 2803 postea
1088 2757 1350 2805 Archilochus]
1374 2756 1455 2807 p'ea
1474 2755 1715 2793 Archilochus
1737 2755 1781 2790 li-

334 2805 466 2842 matius
487 2807 527 2842 P.
638 2805 659 2832 k
679 2805 782 2855 quia]
808 2820 879 2855 qua
899 2808 939 2844 P.
1048 2807 1059 2834 l
1080 2810 1256 2859 negotiis]
1279 2812 1428 2860 negotia
1448 2811 1487 2846 P.
1586 2816 1616 2835 m
1635 2808 1782 2855 adjecto

334 2859 444 2896 versis
465 2859 503 2895 in
524 2860 724 2908 trochaeos]
749 2858 893 2906 adjecta
915 2860 1005 2897 versi
1026 2862 1101 2898 siut
1121 2864 1282 2900 trochaeo
1303 2865 1345 2901 P.
