1962 3355
160 203 264 234 CAP.
283 195 462 235 30-32.
512 188 598 235 De
617 188 1160 235 chariambico—Ionios>
1185 188 1379 233 minore.
1516 197 1608 235 483

158 307 552 370 perfectissimum
591 316 677 363 est,
712 306 837 368 quod
879 306 1142 369 appeliatur
1180 306 1448 370 Priapeum,
1485 307 1610 368 quod

157 382 320 446 plyida
345 383 402 445 (ἒ)
425 381 647 448 admittit.

464 513 580 559 CAP.
606 512 781 559 XXX..
824 512 905 559 DE
931 528 1303 559 CHORIAMBICO.

238 611 630 658 Choriambicum
681 620 884 657 metrum
933 619 1118 657 constat
1167 610 1445 656 choriambo
1495 610 1615 674 pede

160 687 403 749 quadrato,
429 706 454 733 a
487 705 582 750 quo
617 705 792 733 nomen
830 687 1043 744 esumsit,
1069 705 1095 732 a
1129 686 1331 732 dimetro
1370 696 1527 733 autem
1568 688 1614 733 in

160 772 485 810 tetrametrum
515 765 750 827 longatur.
823 764 1009 810 Feritur
1033 781 1116 828 per
1146 762 1408 827 fdipodiam
1435 773 1616 826 quater,

161 839 207 884 in
235 857 328 902 qua
354 839 589 886 antecedit
613 840 863 896 trochaeus,
888 840 1099 903 sequitur
1128 841 1332 897 iambus,
1359 840 1438 887 sed
1476 842 1617 887 inter-

161 917 276 963 dum
304 916 491 981 ffpriore
528 918 724 964 trochaei
759 917 939 981 syllaba
972 917 1019 963 in
1056 917 1171 963 duas
1211 918 1374 964 breves
1411 919 1616 965 resoluta

161 994 435 1057 tribrachyn
490 994 714 1049 admittit,
756 994 925 1041 mediae
977 994 1084 1041 duae
1133 1012 1322 1056 quoque
1376 995 1616 1059 gdipodiae

161 1071 378 1118 iambicae
424 1072 605 1135 optime
655 1080 898 1135 ponuntur
946 1080 1122 1133 quartae
1170 1071 1407 1129 clausulae,
1452 1071 1500 1118 id
1547 1081 1617 1118 est

160 1147 244 1194 hut
276 1149 470 1195 ultimus
503 1167 600 1213 pes,
627 1158 707 1195 aut
739 1148 953 1203 bacchio,
983 1157 1064 1194 aut
1100 1147 1358 1194 itribracho
1394 1149 1617 1194 termine-

159 1234 250 1280 tur,
277 1225 347 1270 vel
382 1226 539 1289 potius
576 1225 779 1272 iambica
803 1225 994 1288 dipodia
1031 1225 1301 1280 collocatur,
1327 1224 1372 1270 in
1410 1243 1504 1287 qua
1536 1243 1616 1270 an-

159 1301 335 1347 tecedit
359 1311 638 1366 anapaestus.

427 1432 546 1478 CAP.
572 1432 768 1479 XXXI.
820 1433 901 1479 DE
928 1449 1103 1480 10N1co
1129 1450 1347 1481 MAJORE.

157 1572 160 1575 .
222 1531 448 1578 honicus
487 1531 637 1593 major
674 1541 859 1578 constat
896 1533 1195 1596 homonymo
1234 1533 1370 1597 pede,
1406 1530 1617 1578 admittit

158 1619 316 1654 autem
342 1607 468 1655 Ῑκατὰ
493 1610 738 1669 συμπάθειαν
765 1608 898 1655 basin
929 1609 1236 1667 trochaicam,
1262 1618 1309 1655 et
1344 1607 1484 1669 hujus
1517 1625 1616 1653 me-

156 1684 214 1729 tri
247 1684 411 1747 primae
442 1684 696 1747 gressionis
731 1686 885 1749 prima
920 1686 1049 1749 regio
1084 1685 1439 1732 multiformiter
1467 1684 1616 1730 varia-

156 1770 248 1813 tur,
267 1770 315 1806 et
339 1762 785 1825 brachycatalecton
813 1762 1104 1817 mdesiderat,
1124 1781 1150 1808 a
1174 1763 1376 1809 dimetro
1401 1762 1449 1807 in
1475 1770 1616 1808 tetra-

160 1845 364 1883 metrum
391 1837 625 1901 longatur.

412 1969 531 2015 CAP.
557 1969 780 2016 XXXII.
830 1970 914 2016 DE
941 1986 1118 2017 10Nlco
1144 1986 1359 2016 MINORE.

224 2068 450 2115 nIonicus
487 2086 677 2130 quoque
715 2070 867 2116 minor
903 2079 1088 2116 constat
1125 2087 1183 2116 ex
1218 2071 1513 2133 homonyma
1545 2070 1615 2117 di-

159 2144 313 2206 podia‚
339 2144 383 2190 in
410 2162 503 2207 qua
528 2145 766 2192 antecedit
789 2147 1105 2210 pyrrhichius,
1124 2147 1337 2209 sequitur
1360 2145 1614 2209 spondeus,

157 2221 228 2266 vel
247 2231 585 2284 anapaestus,et
604 2223 919 2286 pyrrhichius.
940 2224 1334 2286 ⁰Nonnunquam
1354 2224 1494 2270 etiam
1510 2224 1616 2270 κατὰ

157 2297 375 2360 συναίρεσιν
400 2298 614 2344 brevium
642 2300 928 2362 syllabarum
958 2302 1189 2347 molossus
1217 2300 1546 2361 interponitur,
1570 2308 1617 2346 et

213 2501 229 2520 e
249 2494 379 2540 habet]
402 2498 526 2532 sumsit
545 2498 639 2534 AB.
660 2501 801 2534 nomine
821 2498 958 2535 omisso
980 2500 1085 2535 habet
1107 2500 1202 2535 Ven.
1336 2497 1351 2523 f
1367 2497 1556 2547 dipodiam
1576 2498 1615 2533 in

159 2548 248 2596 qua]
272 2549 479 2595 dipondium
500 2555 627 2596 quater
646 2554 683 2588 in
703 2565 774 2599 qua
796 2553 886 2588 AB.
1008 2551 1037 2578 ff
1050 2555 1155 2600 prior
1176 2553 1270 2588 Ven.
1382 2558 1403 2586 g
1424 2550 1610 2598 iambicae]

159 2602 311 2648 ‹lipodiae
332 2602 489 2637 iambicae
509 2603 601 2640 AB.
752 2604 772 2631 h
792 2612 833 2641 ut
853 2605 1024 2653 ultimus]
1048 2611 1089 2641 ut
1109 2619 1182 2642 om.
1206 2606 1250 2641 Β.
1401 2603 1410 2630 i
1432 2605 1616 2653 tribrachy

160 2654 396 2700 terminetur]
425 2656 606 2692 tribracho
633 2660 847 2693 terminatur
866 2659 957 2694 AB.
1176 2657 1197 2684 k
1218 2657 1388 2695 Ionicum
1411 2671 1431 2693 a
1453 2657 1610 2704 majore]

162 2709 286 2743 Ionica
307 2706 422 2753 major
441 2709 536 2744 AB.
559 2710 701 2746 Ionicus
720 2710 837 2756 major
856 2711 955 2748 Ven.
1105 2711 1117 2738 l
1137 2712 1351 2759 catalexim]
1378 2716 1461 2747 cata
1480 2723 1613 2758 synpa-

161 2762 262 2797 Ηιὶαη
283 2763 327 2797 do
348 2774 370 2796 α
389 2774 450 2797 sen
481 2764 545 2807 (an
573 2763 634 2798 bas
660 2776 701 2799 en
722 2764 784 2809 B.)
808 2769 863 2799 tro
882 2765 945 2800 che
965 2777 1024 2800 cen
1047 2771 1081 2801 et
1100 2766 1196 2802 ΑΒ.
1230 2766 1423 2801 catalexim
1453 2764 1616 2811 pathciclo

160 2816 254 2850 aseri
273 2827 333 2850 ero
354 2815 440 2850 chen
462 2820 501 2850 ut
516 2816 612 2852 Ven.
631 2823 668 2852 et
689 2830 775 2852 mox
794 2829 868 2852 om.
886 2819 1020 2864 prima.
1123 2825 1154 2844 m
1175 2818 1383 2867 desyderat]
1406 2819 1546 2852 (leserat
1566 2817 1613 2851 B.

158 2868 258 2904 Tum
281 2869 447 2914 longetur
467 2868 562 2906 Ven.
706 2875 722 2890 Π
743 2869 914 2906 Ionicum
937 2884 1084 2920 quoque
1105 2871 1288 2918 aminore]
1315 2872 1456 2906 Ionicus
1476 2881 1615 2917 quoque

160 2922 276 2957 minor
296 2922 387 2957 AB.
411 2922 504 2957 Ven.
633 2929 650 2947 ⁰
673 2935 941 2970 nonnunquam
964 2925 1018 2971 et]
1042 2937 1293 2971 nonnunquam
1316 2926 1422 2959 etiam
1445 2923 1540 2959 AB.

814 2993 958 3030 3422
