1962 3355
119 171 225 202 CAP.
248 164 291 201 4.
587 153 673 199 De
696 151 1110 216 hendecasyllabo.
1482 161 1579 210 319

118 278 206 323 bus
248 294 360 323 usus
400 284 485 330 est,
523 284 569 321 et
605 273 922 338 Bacchylides
971 273 1019 319 in
1059 273 1366 331 carminibus,
1393 278 1452 319 ‘et
1487 273 1579 320 alii.

119 354 271 400 Heroi
298 362 455 400 autem
483 350 705 416 dactylici
730 368 836 415 pars
862 359 931 396 est
956 350 1049 397 hoc
1075 349 1232 400 modo,

235 431 374 471 Castae
394 445 497 487 quas
519 443 769 470 veneramur
793 427 988 482 Olympia
1010 428 1161 482 templa
1183 432 1373 466 tenentes.

121 503 302 555 Quinta
327 503 493 550 divisio
519 511 590 549 est
614 500 1013 564 hendecasyllabi,
1040 501 1131 547 hoc
1157 500 1393 564 exemplo,
1604 522 1639 551 15

352 581 491 620 Castae
511 579 703 619 Pierides
724 592 867 618 novem
888 592 1065 618 sorores.

119 651 247 697 Nam
301 652 564 699 secundum
616 652 824 716 primum
886 651 1149 715 spondeum
1211 651 1411 697 insertus
1470 651 1582 697 huic

121 727 519 792 hendecasyllabo
562 737 826 792 anapaestus
873 727 1082 775 ionicum
1133 728 1391 774 Sotadeum
1440 728 1580 782 facit3

122 804 205 861 sic,

353 882 493 922 Castae
514 881 662 922 dociles
682 881 874 921 Pierides
895 895 1038 921 novem
1060 895 1235 922 sorores.

119 954 197 1000 Ex
224 972 318 1017 quo
343 972 438 1000 non
464 963 535 1000 est
560 953 828 1000 mirandum
866 954 994 1016 quod
1024 955 1174 1000 Varro
1211 955 1256 1000 in
1283 954 1581 1018 Cynodidas-

120 1031 270 1077 calico
297 1030 596 1077 dPhalaecion
625 1039 829 1076 metrum
868 1031 1076 1077 ionicum
1110 1031 1378 1077 trimetrum
1418 1033 1582 1096 appel-

121 1109 201 1165 lat,
227 1107 419 1170 quidam
447 1107 656 1153 ionicum
684 1107 933 1152 minorem.

187 1185 332 1230 Sexta
357 1183 525 1229 divisio
551 1192 621 1228 est
655 1183 745 1228 hoc
771 1182 1008 1246 exemplo,
1607 1200 1644 1231 16

351 1258 434 1298 Cui
455 1258 560 1298 dono
577 1258 760 1313 lepidum
781 1272 933 1297 vovum
954 1258 1146 1306 libellum,

122 1333 211 1378 Par
236 1339 306 1376 est
330 1331 455 1376 enim
484 1330 626 1394 priori
656 1329 750 1377 Cui
774 1330 909 1387 dono,
935 1330 1087 1393 equod
1119 1330 1289 1377 accidit
1315 1331 1460 1377 heroo
1485 1349 1583 1377 me-

126 1418 199 1455 tro
235 1408 319 1462 sic,

285 1485 367 1525 Cui
389 1484 494 1524 dono
516 1484 684 1524 titulum
711 1485 853 1539 Trqjce
872 1484 944 1539 qui
957 1485 1128 1539 primus
1148 1484 1199 1524 ab
1220 1485 1316 1525 oris.

123 1555 327 1619 Reliqua
351 1574 456 1621 pars
482 1555 883 1619 hendecasyllabi,

350 1634 556 1689 Lepidum
576 1647 729 1673 novum
750 1633 944 1684 libellam,

120 1699 499 1747 fAnacreonteon
543 1700 658 1747 facit
699 1708 900 1759 metron,
937 1711 1045 1749 octo
1084 1703 1372 1766 syllabarum
1410 1704 1580 1749 iambi-

122 1795 231 1824 cum
260 1778 319 1823 ab
356 1786 594 1840 anapaesto
631 1776 880 1840 incipiens,
903 1779 1041 1841 quale
1076 1788 1148 1826 est
1185 1780 1300 1827 illud
1339 1780 1463 1844 apud
1488 1780 1582 1826 Le-

45 1892 57 1898 -
121 1853 307 1918 pidum,

350 1931 455 1971 Mea
483 1932 515 1969 V
512 1932 653 1972 atiena
673 1935 832 1975 amabo.

187 2005 264 2051 Ex
292 2004 381 2051 hoc
401 2005 609 2051 nascitur
628 2007 951 2054 gGalliambus
972 2006 1173 2070 repetito
1199 2007 1290 2053 hoc
1313 2014 1481 2064 metro,
1501 2006 1579 2053 sed
1604 2029 1641 2062 17

122 2099 216 2128 una
247 2081 428 2144 syllaba
452 2080 660 2128 detracta
687 2093 739 2130 ut
776 2083 947 2130 habeat
982 2083 1273 2148 semipedem
1305 2084 1581 2143 clausulam,

124 2158 264 2220 quale
289 2167 359 2203 est
385 2157 492 2213 hoc,

292 2234 396 2274 Mea
424 2235 594 2275 Vatiena
614 2236 760 2276 amabo
774 2252 786 2275 :
816 2235 950 2277 hMea
978 2238 1149 2279 Vatz'ena
1167 2252 1279 2278 ama.

123 2307 190 2353 Et
214 2307 330 2353 illud
357 2306 595 2354 similiter:

293 2383 499 2439 Lepidum
519 2397 674 2424 novum
697 2385 877 2426 libellum,
892 2403 904 2426 .·
936 2387 1099 2443 lepidus
1119 2402 1252 2429 novus
1273 2389 1390 2430 liber.

125 2456 258 2502 Huic
283 2475 419 2520 pares
446 2470 555 2504 sunt
580 2458 706 2522 apud
735 2459 1084 2507 Maecenatem:

295 2533 419 2584 Ades,
441 2535 592 2590 inquit,
613 2549 636 2575 ο
659 2536 936 2591 Cybele,fira
957 2539 1158 2578 montium
1179 2539 1288 2589 Dea,

295 2600 420 2650 Ades,
442 2607 480 2641 et
499 2608 671 2642 sonante
691 2609 890 2659 tympano
909 2606 1229 2660 quatefleoeibz’le
1247 2613 1385 2662 caput.

179 2737 198 2766 ‘l
221 2740 447 2787 thalaecion]
460 2739 641 2788 salec-ium
662 2743 709 2779 V.
969 2753 986 2772 e
1008 2747 1103 2792 quod
1122 2747 1271 2793 accidit]
1296 2759 1362 2793 que
1381 2747 1517 2782 accedit
1536 2746 1584 2782 V.

124 2791 140 2818 f
157 2793 478 2840 Anacreontez'um]
503 2795 793 2831 Anacreonteum
812 2797 862 2833 V.
885 2799 1170 2834 Anacreontoeon
1192 2799 1297 2835 Med.
1421 2806 1441 2833 g
1467 2800 1584 2834 Galli-

126 2847 266 2893 ambus]
296 2847 506 2883 Galiambus
525 2846 571 2882 V.
593 2855 630 2884 et
650 2847 702 2885 sic
723 2847 869 2898 ubique.
958 2849 979 2877 h
998 2853 1093 2899 mea]
1120 2852 1304 2900 utfmiat,
1327 2865 1405 2888 mea
1431 2852 1585 2887 Vatiena

127 2900 254 2935 amabo
274 2900 321 2936 V.
