1962 3355
680 192 1031 233 PRAEFATIO.

1532 192 1586 232 vii

131 301 406 357 invenerim,
448 316 553 361 quae
591 297 896 362 postmodum
945 297 1108 343 omisit
1153 297 1201 342 in
1250 314 1332 342 sua
1378 297 1585 343 editione

132 376 399 422 Putschius.

132 536 154 552 “
178 530 280 581 nysio
300 539 457 579 tyranno
478 530 684 566 Siculorum
707 530 829 579 ingre-

133 590 156 604 “
176 584 339 620 dientem
369 582 474 625 dixit,
494 582 696 633 Aristippe,
717 583 745 619 si
775 582 830 617 his

134 641 159 656 '‘
179 643 378 673 contentus
391 648 503 678 esses,
516 648 590 671 non
608 636 703 685 regis
719 635 831 685 pedes

134 694 157 709 “
178 688 392 737 sequereris.
448 688 516 724 Cui
538 688 729 737 respondit
748 687 830 724 Ari-

135 746 160 762 “
180 741 337 791 stippus,
366 742 420 792 At⁶
443 749 484 777 tu
515 742 543 776 si
573 753 702 790 posses
729 753 832 777 com-

133 800 157 814 “
178 794 288 830 mode
317 807 401 830 cum
428 806 514 844 rege
543 793 644 842 loqui
674 806 748 829 non
779 792 833 828 his

134 853 157 867 “
178 854 380 883 contentus
410 859 520 883 esses.
576 845 747 882 Adicitur
777 846 834 881 his

135 905 158 920 “
178 908 350 948 quartum
394 911 542 948 quoque
579 911 696 948 genus
734 898 833 948 quod

135 957 159 972 “
180 953 312 988 Graece
339 953 491 988 ’δεικτικὸν
511 951 647 988 Latine
676 952 832 988 demon-

136 1010 160 1024 “
183 1004 375 1040 strativum
397 1004 467 1042 dici
489 1012 623 1053 potest,
645 1012 686 1040 ut
704 1003 833 1040 Achil-

137 1062 160 1077 “
181 1057 234 1093 les
255 1057 502 1107 interrogatus
518 1057 833 1106 quemadmodum

138 1113 162 1129 “
182 1109 330 1146 vicisset
351 1111 553 1146 Hectorem
585 1123 687 1146 arma
710 1118 835 1146 osten-

138 1166 162 1182 “
183 1161 260 1198 dit:
294 1176 405 1211 quam
423 1163 572 1212 quidam
591 1162 628 1198 in
644 1162 730 1198 facti
752 1175 836 1211 spe-

138 1220 161 1235 “
181 1214 276 1251 ciem
307 1216 538 1265 redegerunt.
593 1216 665 1251 Est
691 1215 778 1250 item
800 1222 838 1250 et

139 1272 164 1287 “
184 1267 422 1316 conjunctiva
441 1275 483 1303 ut
509 1267 700 1317 Diogenes
721 1266 835 1316 Cyni-

139 1326 164 1340 “
185 1333 249 1356 cus
296 1320 538 1369 philosophus
591 1333 676 1356 cum
725 1333 838 1355 manu

140 1378 164 1393 “
186 1373 416 1409 haurientem
438 1372 617 1409 rusticum
640 1373 684 1408 ad
706 1381 838 1422 potan-

141 1429 167 1445 “
187 1425 275 1461 dum
308 1438 440 1474 aquam
470 1425 634 1468 vidisset,
663 1425 837 1474 poculum

141 1483 166 1498 “
186 1478 287 1527 quod
311 1479 351 1514 in
380 1491 467 1528 pera
494 1479 658 1528 gerebat,
689 1477 838 1524 abjecit,

141 1535 165 1551 ‘⁶
185 1539 222 1567 et
240 1530 345 1573 dixit,
363 1532 433 1568 hoc
448 1544 516 1581 ego
537 1531 650 1567 levior
665 1543 746 1567 esse
758 1530 839 1578 jam

142 1588 165 1604 “
185 1596 350 1633 possum.

345 1642 368 1657 “
390 1638 452 1672 De
467 1643 646 1684 poemate.

197 1695 222 1710 “
242 1691 384 1727 Poema
407 1697 464 1726 est
493 1690 653 1726 narratio
681 1688 843 1726 numeris

144 1747 168 1762 “
189 1751 227 1778 et
238 1742 399 1779 versibus
413 1755 591 1779 connexa.
634 1744 772 1778 Poema
788 1750 844 1778 est

145 1800 168 1814 ‘⁴
191 1804 410 1844 poematum
434 1795 544 1831 series
572 1795 761 1844 qualitatis
788 1808 844 1832 re-

145 1853 170 1868 “
191 1849 260 1884 bus
285 1849 410 1898 gestis.
451 1848 602 1884 Poetice
633 1857 690 1884 est
727 1848 842 1884 facul-

147 1905 170 1920 “
191 1909 246 1937 tas
280 1900 609 1937 versificationibus
647 1900 844 1950 fingendis.

145 1958 172 1973 “
192 1955 412 1990 Poematum
446 1953 730 1989 versificationes
765 1953 844 1989 lau-

147 2010 172 2026 “
193 2006 330 2042 dantur
355 2005 474 2055 gravis
503 2013 541 2042 et
568 2006 680 2055 plena
706 2005 846 2055 equalis

148 2063 172 2078 “
190 2067 228 2095 et
247 2067 453 2108 temperata
473 2058 616 2095 subtilis
631 2068 668 2095 et
688 2060 846 2095 circum-

150 2117 174 2131 “
193 2120 319 2161 specta
338 2111 466 2147 florida
485 2119 522 2147 et
544 2119 697 2147 venusta
713 2111 846 2161 quibus

151 2169 174 2184 “
194 2163 389 2200 contrariae
406 2172 494 2200 sunt
509 2164 651 2200 tumida
670 2174 708 2200 et
728 2164 844 2200 disso-

151 2221 175 2236 “
196 2217 273 2253 luta
298 2216 402 2253 exilis
427 2226 465 2253 et
491 2216 629 2253 fucosa.
688 2218 847 2254 Poeseos

152 2274 174 2289 “
194 2282 331 2319 genera
343 2278 431 2306 sunt
446 2269 533 2305 tria:
562 2270 706 2306 actuale
722 2283 847 2306 narra·

153 2326 176 2341 “
199 2323 313 2358 tivum
361 2321 652 2369 conjunctivum.
705 2323 848 2359 actuale

153 2379 177 2394 “
197 2383 253 2411 est
281 2376 381 2423 quod
413 2375 532 2411 Graeci
576 2377 762 2412 drasticon
793 2375 848 2411 di-

153 2432 174 2447 “
195 2435 298 2468 cunt,
334 2427 395 2464 ubi
424 2433 535 2477 poeta
575 2428 687 2477 lyrica
729 2437 849 2478 trage-

154 2485 180 2500 “
200 2480 261 2516 dia
279 2480 434 2529 satyrica
450 2489 667 2530 praetextata
682 2482 853 2517 comedia

154 2537 178 2553 “
199 2533 404 2569 tabernaria
435 2533 608 2570 Atellana
645 2533 853 2584 rhythmica

155 2590 181 2605 “
197 2585 359 2622 mimica.

379 2643 403 2658 “
427 2640 487 2675 De
507 2652 622 2675 versu.

208 2696 233 2711 “
251 2692 386 2728 Versus
403 2700 459 2728 est
478 2692 615 2741 pedum
632 2700 732 2728 certa
748 2705 852 2728 men-

156 2749 180 2763 “
200 2754 295 2780 sura:
333 2757 468 2793 genera
484 2757 656 2781 versuum
675 2753 763 2780 sunt
783 2758 852 2781 no-

157 2801 180 2816 “
199 2809 282 2833 vem
320 2797 646 2847 princeps-genus
679 2810 850 2834 versuum

156 2854 180 2869 “
201 2850 404 2890 heroicum,
425 2851 525 2898 quod
546 2858 583 2886 et
603 2862 692 2899 epos
720 2849 856 2886 dicitur

158 2906 182 2921 ‘⁴
202 2909 240 2938 et
280 2902 502 2952 dactylicon,
551 2903 707 2939 alterum
754 2903 854 2952 quod

471 375 654 420 Lucem
681 373 876 418 fortasse
905 372 1017 418 huic
1050 373 1113 418 rei
1145 372 1399 434 aliquando
1424 390 1587 419 accen-

888 528 1117 565 “iambicon
1148 529 1289 565 dicunt.
1349 529 1461 566 Unde
1481 530 1586 566 Grae-

888 587 912 602 “
933 595 996 618 cos
1024 594 1146 617 versus
1176 581 1364 618 trimetros
1392 595 1459 618 nos
1480 595 1587 618 sena-

889 639 910 654 “
931 634 1004 671 rios
1024 634 1191 670 dicimus.
1221 634 1371 671 tertium
1392 635 1491 684 quod
1512 643 1589 671 tro-

889 691 911 706 “
933 688 1090 723 chaicon
1151 687 1360 736 appellatur
1415 696 1587 736 quartum

889 745 913 760 ‘⁶
934 740 1034 788 quod
1073 740 1323 789 anapaesticon
1359 740 1506 782 dicitur,
1528 753 1590 789 ap-

891 797 914 812 “
935 801 1014 828 tum
1036 792 1158 829 choris
1178 801 1216 829 et
1236 794 1384 842 tragicae
1405 792 1589 842 dignitati.

891 850 914 865 “
933 845 1106 894 quintum
1128 845 1226 894 quod
1248 845 1516 894 antispasticon
1537 846 1590 881 di-

891 902 915 918 “
937 906 1041 939 cunt,
1078 898 1176 934 unde
1208 898 1331 947 plures
1366 898 1451 934 meli
1487 911 1590 934 com-

892 954 916 970 “
937 959 1139 1000 ponuntur.
1189 958 1332 987 sextum
1350 950 1589 993 contrarium,

892 1007 917 1022 “
937 1003 1036 1052 quod
1057 1003 1350 1040 choriambicum
1381 1004 1592 1040 nominant.

893 1061 916 1075 “
937 1057 1139 1105 septimum
1178 1055 1326 1093 ionicon
1348 1057 1410 1092 ἀπὸ
1439 1059 1592 1103 μείζονος,

892 1115 914 1128 “
936 1117 1062 1157 aptum
1099 1108 1277 1144 sodalitiis
1313 1108 1594 1144 versificationi-

894 1165 918 1181 “
939 1162 1006 1197 bus
1027 1174 1070 1197 ex
1091 1160 1266 1197 mollibus
1282 1161 1461 1197 versibus.
1491 1170 1594 1197 octa-

895 1218 920 1233 “
940 1227 1023 1249 vum
1055 1214 1153 1262 quod
1184 1221 1259 1254 ῐονος
1288 1213 1435 1255 dicitur,
1457 1221 1495 1249 et
1525 1213 1595 1249 hoc

895 1271 917 1286 “
940 1266 986 1302 ad
1008 1267 1220 1315 rhythmum
1237 1264 1434 1302 tibicinum
1462 1278 1594 1302 conve-

896 1325 919 1339 “
941 1319 1010 1354 nit.
1042 1332 1183 1355 nonum
1202 1319 1301 1367 quod
1318 1319 1516 1367 peonicum
1533 1331 1596 1367 ap-

896 1375 921 1391 “
941 1372 1111 1421 pellatur.

1072 1429 1096 1444 “
1115 1425 1173 1460 De
1193 1425 1407 1460 accentibus.

951 1481 976 1498 “
997 1478 1186 1513 Accentus
1215 1485 1304 1513 sunt
1334 1485 1421 1521 tres,
1452 1484 1597 1519 acutus,

898 1534 923 1550 “
941 1530 1074 1580 gravis,
1095 1539 1132 1566 et
1160 1529 1428 1566 circumflexus.
1468 1528 1599 1578 reliqui

899 1587 922 1602 “
942 1583 1041 1619 enim
1060 1590 1245 1632 quattuor,
1261 1582 1395 1632 longus
1410 1582 1529 1618 brevis
1545 1582 1599 1618 le-

899 1640 924 1656 “
942 1637 996 1672 vis
1043 1635 1235 1685 aspiratus,
1280 1643 1427 1672 tenores
1475 1634 1598 1684 potius

901 1693 925 1708 “
944 1702 1053 1737 quam
1082 1696 1257 1725 accentus
1283 1687 1454 1725 lectionis
1475 1687 1599 1724 existi-

901 1747 924 1761 “
947 1740 1072 1777 mandi
1101 1741 1188 1777 sint.
1244 1742 1347 1777 Nam
1371 1740 1495 1777 omnis
1525 1740 1599 1790 syl-

902 1800 926 1814 “
950 1794 1033 1831 laba
1053 1808 1133 1843 qnae
1161 1793 1308 1843 aliquod
1340 1806 1360 1830 e
1392 1794 1508 1829 tribus
1535 1806 1598 1829 su-

902 1852 925 1866 “
946 1847 1153 1896 perioribus
1177 1847 1243 1883 sibi
1275 1846 1449 1888 vindicat,
1472 1845 1601 1894 utique

903 1904 927 1919 “
948 1901 1037 1936 alias
1068 1899 1273 1948 ingenitam
1303 1899 1371 1935 sibi
1401 1899 1514 1935 habet
1538 1906 1603 1934 aut

903 1956 927 1972 “
946 1952 1222 2002 longitudinem
1270 1959 1333 1988 aut
1382 1950 1602 1987 brevitatem

905 2010 928 2025 ‘⁶
948 2014 1011 2041 aut
1024 2005 1213 2041 lenitatem
1225 2013 1289 2041 aut
1301 2003 1602 2053 adspirationem.

904 2063 927 2077 “
950 2071 1034 2106 quae
1056 2059 1084 2093 si
1112 2066 1287 2094 accentus
1308 2065 1444 2098 essent,
1466 2056 1604 2106 pariter

904 2114 929 2129 “
950 2111 1031 2146 duae
1059 2110 1207 2160 syllabae
1234 2109 1271 2146 in
1295 2123 1412 2146 unum
1434 2117 1605 2146 constare

904 2166 928 2182 “
949 2177 1025 2200 non
1043 2171 1209 2212 possent.
1255 2163 1409 2212 longum
1431 2174 1603 2198 momen-

906 2221 928 2236 “
950 2225 1028 2252 tum
1056 2224 1263 2252 transversa
1288 2216 1307 2252 I
1333 2215 1458 2251 littera
1485 2223 1603 2258 notat,

905 2272 930 2288 “
950 2270 1097 2306 brevem
1115 2282 1259 2305 sursum
1281 2276 1527 2317 spectantem,
1541 2268 1605 2304 sed

905 2326 927 2341 “
947 2321 1060 2359 etiam
1094 2321 1129 2357 in
1162 2321 1234 2358 illis
1262 2329 1432 2370 tempora
1463 2320 1606 2357 dinosci

905 2378 930 2394 ‘⁶
950 2375 1130 2412 videmus.
1174 2373 1439 2423 aspirationem
1468 2375 1488 2409 Ιι
1517 2373 1605 2410 scri-

909 2434 933 2447 “
956 2436 1019 2477 pta
1039 2427 1241 2477 praestabit,
1263 2428 1293 2463 si
1316 2426 1502 2476 adscripta
1530 2439 1607 2462 non

909 2485 933 2501 “
954 2480 1023 2516 erit
1080 2480 1285 2517 siccitatem
1327 2479 1382 2516 his
1426 2479 1605 2516 adiciunt.

909 2537 934 2553 “
954 2534 1077 2583 yphen
1116 2533 1190 2569 fere
1232 2546 1316 2569 cum
1361 2533 1436 2569 duo
1483 2533 1606 2574 verba,

910 2593 934 2606 “
957 2599 1048 2636 quas
1068 2586 1106 2622 in
1127 2599 1238 2622 unam
1264 2584 1609 2634 pronuntiationem

910 2644 932 2658 “
953 2638 1164 2689 colligimus
1179 2647 1218 2676 et
1237 2639 1393 2674 formam
1415 2641 1493 2687 ejus
1512 2638 1610 2673 hanc

909 2698 932 2712 “
954 2690 1353 2740 faciemus—utrisque
1378 2690 1497 2727 verbis
1522 2703 1607 2740 pro-

909 2749 934 2765 “
954 2746 1072 2781 ximas
1096 2744 1221 2781 literas
1238 2743 1371 2780 inflexa
1391 2744 1517 2779 subter
1537 2742 1609 2778 vir-

910 2803 934 2818 “
954 2797 1041 2847 gula
1068 2800 1248 2847 jungunt,
1287 2804 1326 2832 ut
1360 2804 1430 2839 est,
1465 2796 1611 2831 Turnus

912 2856 934 2871 ‘⁸
955 2858 996 2886 ut
1011 2850 1372 2886 antevolans—item
1388 2848 1612 2897 apostrophe

912 2907 939 2924 “
958 2916 1044 2940 cum
1070 2903 1236 2939 vocalem
1264 2901 1434 2938 ultimam
1463 2900 1610 2936 subtra-
