1962 3355
162 202 268 233 CAP.
290 197 314 234 5
324 224 333 233 .
713 188 798 234 De
821 188 1048 234 Pedibus.
1515 196 1573 233 43
1583 197 1606 233 5

159 317 231 353 θεῖ
253 308 302 353 in
328 307 486 353 iambo
510 316 556 353 θῖ
579 307 786 353 trocbaeo
804 315 851 353 θῖ
875 307 1059 353 duobus
1085 305 1264 352 ioniciS.
1303 307 1457 352 Iambi
1483 307 1612 352 enim

159 383 273 429 arsis
298 401 446 429 unum
471 391 685 446 Ztempus
710 391 898 429 tantum
924 383 973 429 in
1004 401 1051 429 εθ
1085 383 1243 438 habet,
1268 391 1315 428 et
1340 382 1440 443 ejus
1467 383 1612 428 thesis

158 460 268 515 duo,
295 470 370 507 aat
399 460 594 506 trochaei
619 477 750 506 versa
773 460 874 506 vice
911 459 1023 506 arsis
1060 457 1185 504 bduo
1212 459 1370 515 habet,
1395 467 1442 504 θῖ
1465 459 1612 504 thesis

158 553 323 583 unum.
394 536 619 600 Sescupla
644 553 834 598 quoque
858 535 1163 599 intellegitur,
1189 545 1242 581 ut
1266 545 1337 582 θεῖ
1362 536 1409 581 in
1437 538 1613 600 paeoni-
1633 550 1673 581 30

161 613 261 669 bus,
285 623 332 658 θῖ
356 613 404 658 in
429 612 613 659 duobus
638 613 874 660 cbacchiis
899 622 946 659 θῖ
969 613 1157 659 cretico.
1205 612 1273 659 Hi
1300 613 1427 659 enim
1454 612 1614 676 pedeS,

158 689 237 749 qui
276 689 569 752 temporibus
594 689 803 752 quinque
838 707 972 753 pares
1009 698 1133 745 sunt,
1158 707 1241 752 per
1263 689 1373 735 bina
1398 697 1614 753 tempora

158 764 449 811 dividuntur.
519 765 818 812 dIdentidem
862 766 974 812 bina
1012 766 1208 828 adjecta,
1246 766 1424 812 scilicet
1461 765 1611 811 duum

157 840 357 887 dimidia
391 851 539 905 parte,
563 852 695 888 terna
720 842 777 889 de
812 860 859 888 se
893 842 1113 897 reddunt,
1146 860 1228 906 per
1258 860 1363 905 quae
1399 842 1613 905 sescupla

158 916 409 979 colligitur.
1497 964 1499 966 ,

224 993 370 1040 Pedes
407 994 636 1059 duplices,
667 994 763 1041 sive
801 995 1061 1041 combinati
1090 996 1164 1041 vel
1204 995 1436 1058 quadrati,
1477 1004 1611 1041 esunt
1630 1014 1667 1043 31

157 1069 361 1116 sedecim
391 1071 466 1117 hi:

223 1147 645 1210 Προκελευσματικὲς,
665 1165 724 1193 ex
745 1146 930 1192 duobus
949 1147 1252 1210 pyrrhichiis,
1269 1156 1492 1209 quattuor
1509 1149 1612 1193 bre-

156 1223 283 1269 vium
313 1224 616 1286 syllabarum,
644 1222 932 1287 ftemporum
959 1222 1175 1280 totidem,
1201 1232 1267 1280 ut,
1297 1223 1516 1270 Valeria.

223 1299 356 1345 Huic
394 1299 653 1345 contrarius
696 1308 766 1354 θεῖ
800 1298 1131 1359 ἕάἰεροιῑάθυε,
1164 1317 1220 1345 ex
1255 1299 1440 1346 duobus
1473 1317 1613 1362 spon·
1633 1318 1670 1348 32

153 1375 267 1432 deiS,
304 1376 590 1440 syllabarum
631 1383 854 1437 quattuor
889 1375 1152 1437 longarum,
1180 1384 1452 1439 temporum
1489 1385 1612 1431 octo,

153 1460 221 1509 ut,
247 1451 550 1510 Maecenates,
574 1451 889 1514 Suplzenutes‚
913 1457 1141 1497 oratores.

220 1529 360 1574 Paeon
396 1528 595 1592 primus,
619 1545 678 1574 ex
714 1528 921 1574 trochaeo
947 1539 994 1574 et
1025 1528 1318 1592 pyrrhichio,
1343 1527 1434 1574 hoc
1458 1536 1528 1574 est
1552 1545 1611 1574 ex
1630 1546 1671 1576 33

152 1605 294 1667 longa
319 1614 365 1651 et
388 1605 539 1651 tribus
575 1603 845 1661 hbrevibus,
869 1613 1140 1668 temporum
1169 1604 1394 1667 quinque,
1420 1613 1487 1662 ut,
1511 1604 1613 1651 De-

153 1680 386 1736 modocus,
409 1680 724 1728 Stesichorus.
762 1680 896 1727 Huic
921 1681 1183 1727 contrarius
1208 1691 1279 1727 est
1301 1680 1492 1744 hippius
1516 1680 1614 1743 pri-

155 1773 277 1803 mus.

219 1833 358 1878 Paeon
396 1832 645 1888 secundus,
669 1849 726 1878 ex
764 1832 923 1878 iambo
948 1842 995 1878 θῖ
1022 1832 1315 1896 pyrrhichio,
1341 1832 1431 1877 hoc
1455 1839 1526 1877 est
1550 1848 1608 1877 ex
1627 1850 1671 1881 34

156 1909 281 1955 brevi
306 1917 353 1955 θῖ
378 1908 519 1972 longa
542 1917 589 1954 et
613 1909 795 1955 duabus
816 1908 1050 1966 brevibus,
1075 1909 1363 1972 itemporum
1384 1907 1610 1970 quinque,

152 1994 219 2039 ut,
249 1983 460 2031 Colonia.
515 1984 648 2031 Huic
673 1985 931 2031 contrarius
957 1994 1027 2031 est
1051 1985 1245 2048 hippius
1271 1983 1519 2030 secundus.

219 2061 360 2107 Paeon
396 2061 575 2118 tertius,
600 2078 658 2107 ex
693 2061 968 2125 pyrrhichio
1004 2070 1051 2107 θῖ
1081 2061 1303 2118 trochaeo,
1330 2061 1420 2106 hoc
1455 2070 1525 2106 θεῖ
1550 2078 1606 2107 ex
1630 2073 1667 2104 35

150 2137 334 2183 duabus
359 2138 577 2184 brevibus
603 2147 650 2184 θῖ
682 2138 823 2200 longa
848 2146 894 2183 et
918 2137 1062 2191 brevi,
1087 2146 1358 2201 temporum
1385 2138 1610 2200 quinque,

152 2222 218 2269 ut,
237 2214 532 2261 Catamitus.
593 2215 725 2261 Huic
750 2214 1008 2260 contrarius
1033 2223 1103 2259 est
1130 2213 1322 2277 hippius
1348 2214 1528 2260 tertius.

204 2439 221 2457 Ζ
243 2439 390 2481 tempus
415 2434 578 2480 tantum]
610 2440 746 2481 tempus
773 2439 810 2470 ta
831 2434 874 2470 A.
907 2439 981 2469 tam
1008 2435 1043 2469 in
1072 2446 1108 2468 se
1132 2434 1238 2470 habet
1262 2440 1296 2470 et
1327 2431 1401 2478 ejus
1428 2433 1534 2469 thesis
1560 2434 1606 2469 B.

151 2490 225 2521 tam
246 2486 288 2520 C.
357 2493 376 2512 a
395 2494 433 2522 at
449 2486 618 2535 trochaei]
637 2500 744 2534 quani
765 2488 899 2523 trochei
914 2487 1055 2523 A.B.C.
1077 2500 1154 2534 quae
1172 2487 1426 2524 troclzoeiVen.
1495 2484 1514 2512 b
1531 2486 1605 2522 duo

150 2538 278 2584 habet]
303 2540 397 2585 quod
417 2539 548 2575 habeat
566 2541 609 2576 A.
694 2547 710 2566 c
730 2540 903 2588 bacchio]
931 2540 1083 2576 bacchus
1101 2541 1193 2577 A.C.
1217 2541 1356 2577 bacchis
1372 2541 1420 2576 Β.
1505 2537 1523 2565 d
1543 2539 1605 2575 iti-

149 2591 254 2636 dem]
279 2592 467 2627 identidem
487 2592 623 2628 ΑΒΕ.
644 2594 737 2629 Ven.
894 2600 910 2619 e
929 2599 1013 2629 sunt
1035 2595 1202 2630 tredecim
1219 2595 1268 2639 hi,
1286 2595 1606 2642 proceleumaticus

152 2650 350 2691 temporum
371 2646 517 2681 totidem
537 2650 577 2680 ut
601 2646 745 2681 Valeria
765 2659 806 2682 ex
826 2647 962 2683 duobus
978 2647 1160 2694 pirricliiis
1179 2652 1335 2695 quatuor
1355 2648 1511 2682 brevium
1530 2647 1603 2693 syl-

151 2698 327 2733 labarum.
358 2698 440 2734 huz'c
469 2700 670 2734 contrarius
697 2703 748 2734 est
774 2701 991 2746 dispondius,
1014 2701 1219 2747 dispondius
1247 2713 1289 2736 ex
1320 2701 1456 2736 duabus
1481 2712 1523 2734 ex
1549 2701 1603 2734 di-

149 2753 311 2798 spondeis
330 2751 377 2787 Β.
472 2749 488 2776 f
505 2751 663 2787 totidem
685 2753 913 2800 temporum]
940 2758 1140 2800 temporum
1162 2755 1306 2790 totidem
1325 2754 1418 2789 A.C.
1506 2759 1527 2786 g
1546 2751 1602 2787 di-

150 2803 354 2853 spondeus]
378 2805 583 2852 dispondius
601 2806 806 2851 dispondius
817 2805 862 2841 A.
972 2804 993 2831 h
1014 2805 1185 2842 brevibus
1206 2808 1264 2854 ut]
1287 2806 1445 2842 brevibus
1466 2810 1600 2851 tempo-

151 2870 229 2893 rum
265 2859 419 2905 quinque
447 2858 537 2893 A.B.
580 2862 777 2905 temporum
809 2859 962 2905 quinque
988 2863 1027 2894 ut
1058 2859 1289 2895 Demodocus
1321 2858 1523 2895 Stesichoro
1552 2858 1597 2892 C.

150 2909 160 2937 i
183 2911 340 2947 brevibus
360 2923 434 2947 om.
457 2912 502 2947 A.

807 2980 952 3019 3K2
