1962 3355
345 201 435 248 156

845 199 1004 246 ,Marii
1032 199 1279 247 Victorini

1589 214 1686 245 LIB.
1711 214 1787 244 111.

341 338 494 367 suram
534 322 793 377 revertitur,
831 330 884 366 ut
920 322 1159 383 utrimque
1198 320 1463 382 legentibus
1507 319 1674 364 herous
1713 317 1788 373 sit,

342 414 511 458 neque,
537 406 590 442 ut
615 396 890 459 superiores,
915 413 1063 458 genus
1100 395 1237 441 metri
1277 402 1444 450 mutet,
1475 394 1638 456 quales
1664 392 1789 456 apud

342 473 593 536 Virgilium
621 472 932 534 reperiuntur,

409 547 560 594 IVIusa
585 547 700 594 mihi
723 564 893 593 causas
915 562 1123 592 memora
1148 562 1239 608 qno
1263 544 1458 590 numine
1482 543 1608 599 lceso,

345 625 486 679 Item,

410 700 518 761 Ipse
542 699 672 744 dedit
697 697 885 753 Moeris,
908 703 1174 743 nascuntur·
1191 695 1407 758 plurima
1430 695 1604 741 Ponto.

308 794 327 820 4
345 777 504 838 AEque
530 775 654 820 enim
684 783 729 819 et
748 774 793 818 in
821 790 1004 818 reversu
1030 772 1243 819 lectionis
1280 788 1374 817 suae
1411 770 1607 817 heroum
1636 780 1792 818 custo-

345 852 481 897 diunt
507 860 737 895 metrum:
775 848 855 901 sic,

415 926 549 971 Laeso
573 925 767 970 numine
790 942 879 986 quo
903 940 1109 969 memora
1135 940 1305 970 causas
1329 922 1445 968 mihi
1470 922 1635 970 lMusa.

345 1001 486 1056 Item,

411 1076 566 1121 Ponto
584 1074 799 1136 plurima
824 1080 1100 1129 nascuntur,
1125 1073 1304 1120 Moeris
1329 1074 1459 1120 dedit
1483 1075 1596 1136 ipse.

307 1167 324 1198 5
344 1152 432 1198 Est
453 1151 595 1196 etiam
622 1150 747 1195 aliud
773 1150 997 1212 reciproci
1023 1168 1187 1213 genus,
1204 1150 1329 1212 quod
1351 1169 1447 1197 non
1474 1169 1558 1215 per
1582 1151 1792 1214 singulos

344 1244 500 1273 versus
526 1226 660 1283 redit,
681 1226 761 1272 sed
788 1244 871 1289 per
895 1235 1049 1272 totum
1076 1227 1294 1289 elegum:
1332 1234 1595 1288 tamquam,

475 1303 687 1349 Icarium
711 1302 869 1348 IVotas
892 1309 945 1348 ut
970 1301 1431 1368 confidensflamine
1453 1310 1634 1360 tranat,

544 1377 734 1424 Caerula
759 1385 1005 1425 verrentes
1028 1379 1097 1425 sic
1101 1376 1252 1442 freta
1277 1378 1529 1426 Nereides.

345 1454 393 1500 Si
420 1454 644 1509 revolvas,
665 1454 825 1516 elegus
851 1454 938 1500 erit
962 1454 1129 1500 eodem
1156 1453 1315 1510 modo,

475 1529 710 1575 Nereides
713 1528 863 1593 freta
886 1531 955 1576 sic
977 1536 1222 1577 verr-entes
1246 1529 1438 1585 caerula,
1463 1535 1632 1575 tranat

540 1605 759 1652 Flanzine
784 1604 1022 1670 confidens
1044 1613 1098 1653 ut
1115 1606 1276 1652 [Vetus
1301 1606 1530 1652 Icarium.

344 1683 418 1728 Ita
455 1681 665 1727 medium
692 1683 887 1728 verbum
927 1689 1093 1728 tranat
1126 1681 1257 1727 alteri
1295 1681 1558 1727 detractum
1594 1689 1639 1726 et
1665 1681 1795 1726 alteri

345 1757 574 1813 additum,
589 1757 763 1803 variata
782 1759 882 1803 vice
908 1767 1260 1821 pentametrum
1288 1756 1400 1803 facit
1425 1758 1482 1803 de
1503 1758 1796 1814 hexametro,

345 1843 388 1879 et
414 1833 742 1879 hexametrum
771 1833 828 1878 de
856 1843 1166 1895 pentametro.

564 1991 696 2042 CAP.
728 1991 892 2042 VIII.
960 1993 1045 2043 De
1072 2001 1378 2044 tetrametro
1404 2010 1575 2044 versu.

412 2088 504 2134 Sed
532 2097 581 2134 ut
606 2089 662 2134 ad
689 2089 984 2152 propositum
1011 2107 1171 2136 versus
1197 2090 1461 2136 hexametri
1487 2089 1700 2135 ordinem
1729 2106 1799 2135 re-

347 2163 499 2220 deam,
523 2163 719 2210 decurso
742 2174 1039 2228 pentametro
1066 2166 1226 2223 heroo,
1246 2183 1539 2227 consequens
1565 2174 1635 2211 est
1659 2174 1799 2211 tetra-

349 2247 552 2284 metrum
579 2240 676 2301 ejus
703 2240 938 2295 inducere,
964 2258 1107 2303 quem
1132 2241 1453 2288 Archilochus
1477 2240 1714 2286 divulsum
1739 2241 1798 2286 ab

406 2381 440 2416 5.
462 2369 640 2418 Icarium]
666 2371 790 2407 Habes
807 2372 900 2408 libro
917 2374 1037 2421 primo

352 2422 584 2471 Anthologiae
591 2435 752 2471 epigram
759 2434 897 2460 matum
910 2426 970 2474 huj
977 2438 1038 2461 us-

351 2473 474 2510 modi:
505 2478 712 2522 Ἱπποκράτης
739 2479 821 2524 φάος
848 2482 882 2520 ἦν
901 2494 974 2525 μερο
963 2479 1039 2513 ’πων

351 2528 406 2562 καὶ
425 2529 525 2562 σώετο
544 2534 628 2562 λαων
653 2525 658 2577 Ι
683 2527 775 2563 ἔθνεα
793 2531 848 2564 καὶ
867 2535 975 2566 νεκύων
1004 2535 1039 2573 ἦν

351 2581 466 2620 σπάνις
486 2583 528 2614 εἶν
546 2581 629 2626 ἀῖδῃ.
678 2579 715 2615 Sl
735 2593 756 2616 a
776 2581 875 2617 fine
869 2582 1036 2631 Incipias,

351 2631 516 2681 ejusdem
537 2632 682 2681 generis
696 2632 880 2668 distichon
895 2647 1037 2670 rursum

353 2683 517 2726 habebis,
556 2692 593 2719 et
624 2685 786 2733 ejusdem
829 2687 1037 2723 sententiae.

353 2737 435 2773 Nec
461 2735 643 2785 Philelphi
673 2736 859 2773 distichon
890 2747 1038 2786 praeter-

354 2789 429 2832 ibo,
450 2789 550 2838 quod
574 2797 611 2824 ut
632 2802 736 2825 verso
766 2788 907 2831 ordine,
928 2791 1040 2826 etiam

354 2854 457 2878 versa
474 2841 661 2877 sententia
680 2841 836 2890 legitur:
860 2842 959 2877 Laus
980 2848 1042 2878 tua

354 2907 421 2929 non
455 2900 517 2929 tua
545 2894 658 2941 fraus
690 2896 804 2929 virtus
841 2906 910 2928 non
942 2898 1042 2941 copia

1106 2385 1225 2408 rerum
1249 2370 1255 2422 Ι
1282 2373 1464 2408 Scandere
1483 2376 1518 2407 te
1538 2371 1634 2420 fecit
1655 2372 1720 2407 hoc
1739 2374 1798 2407 cle-

1106 2438 1166 2461 cus
1186 2427 1365 2461 eximium.
1415 2423 1646 2471 Hujusmodi
1673 2437 1799 2461 versus

1106 2477 1314 2527 reciprocos
1346 2478 1392 2514 ab
1426 2479 1517 2514 ociis
1555 2477 1707 2513 curiosis
1741 2477 1798 2513 in-

1107 2539 1236 2567 ventos
1283 2530 1335 2566 ait
1373 2530 1576 2566 Diomedes
1623 2530 1686 2566 lib.
1726 2531 1798 2567 111.

1110 2585 1163 2632 [p.
1187 2584 1296 2631 515.]
1321 2583 1498 2619 COMM.

1160 2635 1211 2672 ib.
1215 2637 1372 2685 flamine
1387 2637 1528 2683 tranat]
1545 2636 1707 2671 Flamine
1724 2641 1799 2671 tra-

1108 2695 1173 2724 nat
1208 2689 1261 2724 vel
1303 2694 1465 2732 tranant,
1502 2697 1542 2724 ut
1559 2687 1672 2747 ‘apud
1706 2689 1799 2724 Dio-

1109 2741 1267 2784 medem,
1301 2741 1361 2790 qui
1394 2742 1464 2777 hoo
1495 2740 1725 2790 reciprocum
1761 2749 1801 2776 ut

1110 2795 1336 2830 neotericum
1377 2793 1529 2830 adducit
1562 2801 1673 2842 atque
1705 2793 1800 2829 hanc

1110 2845 1363 2882 inventionem
1384 2859 1464 2883 esse
1493 2846 1545 2882 ait
1563 2845 1699 2882 curiosi
1719 2845 1800 2881 otii.

1111 2898 1308 2934 CAMER.
