2003 3350
577 584 1171 650 PRAEFATIO.

149 957 245 1030 IN
283 984 372 1029 hac
408 984 828 1047 grammaticorum
868 983 1151 1030 Latinorum
1192 983 1273 1046 qui
1314 1001 1412 1029 rem
1454 984 1613 1030 metri-

145 1077 250 1106 cam
294 1069 557 1106 tractarunt
597 1059 805 1105 editione
847 1059 1120 1105 adornanda
1166 1076 1264 1104 non
1313 1059 1440 1105 aliud
1492 1059 1610 1105 mihi

145 1135 394 1181 consilium
422 1136 513 1181 fuit
538 1153 682 1197 quam
709 1143 763 1180 ut
787 1143 1064 1180 contextum
1100 1151 1281 1188 eorum,
1306 1152 1612 1196 quacumque

144 1211 203 1256 de
242 1228 382 1256 causa
419 1211 545 1256 vitiis
582 1210 762 1272 ubique
801 1218 1080 1266 scatentem,
1121 1210 1404 1256 lectionibus
1442 1229 1613 1257 manu-

145 1287 428 1350 scriptorum
468 1286 705 1343 codicum,
737 1303 855 1347 quas
898 1295 1071 1348 praesto
1112 1286 1364 1340 habebam,
1404 1286 1611 1347 adjutus,

142 1363 303 1424 paullo
330 1362 718 1418 emendatiorem,
743 1379 885 1424 quam
915 1371 1052 1408 antea
1076 1362 1330 1416 ferebatur,
1356 1362 1608 1408 efficerem.

144 1437 327 1483 Eorum
355 1438 572 1483 codicum
612 1438 836 1493 indicem,
865 1455 958 1483 una
996 1455 1106 1483 cum
1145 1437 1316 1483 notitia
1343 1437 1606 1483 editionum

142 1521 370 1569 veterum,
395 1531 510 1576 quas
537 1514 769 1570 consului,
803 1513 961 1559 statim
991 1514 1256 1575 subjiciam,
1280 1514 1411 1577 prius
1446 1523 1609 1560 tamen

143 1589 327 1634 monito
362 1590 552 1645 lectore,
589 1589 856 1652 interpretis
896 1607 972 1635 me
1004 1589 1213 1636 officium
1248 1607 1341 1635 non
1383 1590 1611 1652 attigisse,

141 1663 434 1725 conjecturas
457 1674 613 1710 autem
644 1665 739 1710 sive
760 1665 959 1711 aliorum
988 1666 1083 1711 sive
1103 1682 1232 1710 meas
1266 1682 1455 1727 perraro
1480 1683 1611 1711 com-

143 1757 443 1786 memorasse.
516 1740 724 1786 Minime
761 1750 921 1787 autem
962 1759 1038 1787 me
1074 1741 1198 1802 fugit
1235 1741 1320 1786 hos
1358 1742 1607 1804 scriptores

142 1816 304 1862 multis
341 1817 388 1862 in
421 1816 535 1861 locis
571 1826 736 1861 mutua
767 1817 1020 1863 collatione
1053 1817 1226 1863 rectius
1260 1835 1397 1880 posse
1434 1817 1609 1862 consti-

141 1891 209 1936 tui
230 1908 238 1936 :
277 1907 388 1936 nam
417 1907 540 1953 saepe
565 1890 752 1947 accidit,
776 1900 844 1947 ut,
865 1891 979 1937 dum
1008 1892 1123 1937 alter
1148 1892 1350 1937 alterum
1371 1891 1607 1938 describat

141 1975 222 2011 aut
269 1966 511 2028 compilet,
558 1966 606 2011 in
655 1966 744 2012 hoc
793 1967 1022 2012 sinceram
1072 1967 1275 2030 reperias
1325 1967 1604 2030 scripturam

139 2058 283 2104 quam
336 2042 382 2086 in
434 2042 515 2086 illo
564 2042 772 2104 corrupit
818 2042 993 2087 librarii
1044 2042 1309 2089 oscitantia.
1379 2043 1606 2105 Exempli

139 2118 315 2180 gratia:
352 2118 486 2163 Atilii
526 2118 854 2185 Fortunatiani
900 2135 996 2163 non
1041 2117 1186 2163 modo
1227 2119 1485 2164 sententias
1528 2118 1607 2164 sed

139 2194 238 2257 ipsa
265 2193 408 2239 etiam
436 2195 576 2239 verba
613 2193 740 2239 haud
778 2200 880 2240 rairo
906 2202 1155 2240 mutuatur
1191 2194 1376 2240 Marius
1401 2194 1606 2241 Victori-

139 2288 254 2324 nus3
291 2270 452 2325 veluti,
479 2287 584 2331 quae
612 2270 756 2316 habet
779 2270 955 2316 Atilius
981 2288 1027 2333 p.
1048 2271 1087 2316 Ι.
1115 2288 1155 2316 c.
1177 2281 1217 2316 1.
1243 2271 1407 2317 eadem
1437 2289 1608 2334 prope-

140 2345 336 2392 modum
363 2345 444 2391 dat
468 2345 741 2391 Victorinus
768 2346 848 2391 lib.
879 2346 945 2392 II.
972 2364 1012 2392 c.
1042 2355 1085 2403 8,
1117 2354 1206 2404 17.,
1232 2348 1313 2393 ubi
1343 2366 1427 2411 pro
1446 2353 1608 2409 posset

139 2430 185 2467 et
225 2421 391 2467 melior
431 2439 490 2466 ex
530 2421 679 2466 Atilio
721 2422 1048 2485 reponendum
1090 2430 1255 2484 potest
1297 2432 1343 2469 et
1385 2423 1604 2470 mollior:

139 2507 301 2544 contra
325 2515 384 2543 ex
410 2498 656 2544 Victorino
681 2516 767 2561 pro
793 2505 839 2544 et
864 2499 954 2545 duo
980 2499 1122 2546 habet
1151 2500 1197 2546 in
1224 2501 1375 2546 Atilio
1401 2503 1603 2564 refingas

138 2579 194 2619 ut
217 2574 308 2619 duo
333 2573 521 2620 habeat.
592 2574 650 2619 In
677 2574 842 2619 eodem
865 2575 998 2620 Atilii
1027 2576 1132 2622 loco
1158 2575 1195 2621 is
1221 2576 1301 2637 qui
1328 2576 1510 2639 primus
1539 2575 1606 2621 af-

139 2647 284 2694 fertur
307 2658 459 2712 poetae
484 2649 741 2695 versiculus
767 2659 975 2696 correcte
1001 2651 1174 2697 citatur
1194 2669 1219 2696 a
1242 2651 1483 2697 Diomede
1509 2652 1603 2698 III.

139 2732 218 2780 34,
239 2733 320 2770 31.
392 2723 485 2770 Sed
513 2724 613 2770 haec
639 2725 825 2787 longius
852 2727 1069 2788 persequi
1098 2727 1223 2773 nolo.
1291 2728 1489 2790 Pergam
1518 2744 1604 2790 po-

139 2800 232 2846 tius
269 2799 327 2845 ad
356 2801 778 2847 commemoranda
802 2801 1011 2848 subsidia
1036 2803 1210 2864 quibus
1249 2803 1296 2848 in
1340 2803 1431 2848 hoc
1463 2819 1603 2865 opere

140 2875 468 2922 concinnando
492 2877 629 2923 nobis
653 2876 744 2923 frui
769 2877 985 2940 contigit.

830 2969 860 2998 A
887 2962 914 2998 2
