<?xml version="1.0" encoding="UTF-8"?>
<!DOCTYPE html PUBLIC "-//W3C//DTD XHTML 1.0 Transitional//EN"
    "http://www.w3.org/TR/xhtml1/DTD/xhtml1-transitional.dtd">
<html xmlns="http://www.w3.org/1999/xhtml" xml:lang="en" lang="en">
 <head>
  <title>
</title>
<meta http-equiv="Content-Type" content="text/html;charset=utf-8" />
  <meta name='ocr-system' content='tesseract 3.04.00' />
  <meta name='ocr-capabilities' content='ocr_page ocr_carea ocr_par ocr_line ocrx_word'/>
</head>
<body>
  <div class='ocr_page' id='page_1' title='image "./scriptoreslatini00gaisuoft/scriptoreslatini00gaisuoft_0528.png"; bbox 0 0 1962 3355; ppageno 0'>
   <div class='ocr_carea' id='block_1_1' title="bbox 359 152 1810 206">
    <p class='ocr_par' dir='ltr' id='par_1_1' title="bbox 359 152 1810 206">
     <span class='ocr_line' id='line_1_1' title="bbox 359 152 1810 206; baseline 0.004 -7"><span class='ocrx_word' id='word_1_1' title='bbox 359 161 454 199; x_wconf 87' lang='lat'><strong>510</strong></span> <span class='ocrx_word' id='word_1_2' title='bbox 957 152 1210 199; x_wconf 81' lang='lat' dir='ltr'><strong>Diomedis</strong></span> <span class='ocrx_word' id='word_1_3' title='bbox 1613 172 1709 203; x_wconf 78' lang='lat' dir='ltr'><strong>Lm.</strong></span> <span class='ocrx_word' id='word_1_4' title='bbox 1738 174 1810 206; x_wconf 91' lang='lat'><strong>111.</strong></span> 
     </span>
    </p>
   </div>
   <div class='ocr_carea' id='block_1_2' title="bbox 253 273 1813 2304">
    <p class='ocr_par' dir='ltr' id='par_1_2' title="bbox 439 273 1682 331">
     <span class='ocr_line' id='line_1_2' title="bbox 439 273 1682 331; baseline 0.002 -17"><span class='ocrx_word' id='word_1_5' title='bbox 439 274 510 314; x_wconf 80' lang='lat' dir='ltr'><strong>Tu</strong></span> <span class='ocrx_word' id='word_1_6' title='bbox 529 273 589 327; x_wconf 69' lang='lat' dir='ltr'><strong>ozel</strong></span> <span class='ocrx_word' id='word_1_7' title='bbox 611 273 846 329; x_wconf 68' lang='lat' dir='ltr'><strong>quaesie}ris{</strong></span> <span class='ocrx_word' id='word_1_8' title='bbox 867 275 972 315; x_wconf 81' lang='lat' dir='ltr'><strong>scire</strong></span> <span class='ocrx_word' id='word_1_9' title='bbox 992 275 1148 330; x_wconf 55' lang='lat' dir='ltr'><strong>‘nelsasl</strong></span> <span class='ocrx_word' id='word_1_10' title='bbox 1171 274 1304 330; x_wconf 83' lang='lat' dir='ltr'><strong>iquem</strong></span> <span class='ocrx_word' id='word_1_11' title='bbox 1324 276 1435 329; x_wconf 42' lang='lat' dir='ltr'><strong>mihi)</strong></span> <span class='ocrx_word' id='word_1_12' title='bbox 1453 289 1570 331; x_wconf 82' lang='lat' dir='ltr'><strong>quem</strong></span> <span class='ocrx_word' id='word_1_13' title='bbox 1593 277 1682 316; x_wconf 78' lang='lat' dir='ltr'><strong>tibi.</strong></span> 
     </span>
    </p>

    <p class='ocr_par' dir='ltr' id='par_1_3' title="bbox 302 335 1811 412">
     <span class='ocr_line' id='line_1_3' title="bbox 302 335 1811 412; baseline 0.002 -19"><span class='ocrx_word' id='word_1_14' title='bbox 302 370 338 392; x_wconf 76' lang='grc' dir='ltr'><em>η</em></span> <span class='ocrx_word' id='word_1_15' title='bbox 425 335 726 394; x_wconf 83' lang='lat' dir='ltr'><strong>Duodecima</strong></span> <span class='ocrx_word' id='word_1_16' title='bbox 751 348 855 405; x_wconf 91' lang='lat' dir='ltr'><strong>ode,</strong></span> <span class='ocrx_word' id='word_1_17' title='bbox 875 347 1077 405; x_wconf 61' lang='grc' dir='ltr'>«Ῑὸίκωλος,</span> <span class='ocrx_word' id='word_1_18' title='bbox 1097 349 1394 412; x_wconf 85' lang='lat' dir='ltr'><strong>Sapphicum</strong></span> <span class='ocrx_word' id='word_1_19' title='bbox 1423 359 1625 395; x_wconf 87' lang='lat' dir='ltr'><strong>metrum</strong></span> <span class='ocrx_word' id='word_1_20' title='bbox 1654 349 1811 407; x_wconf 90' lang='lat' dir='ltr'><strong>habet,</strong></span> 
     </span>
    </p>

    <p class='ocr_par' dir='ltr' id='par_1_4' title="bbox 359 423 1432 555">
     <span class='ocr_line' id='line_1_4' title="bbox 359 423 1291 486; baseline 0 -17"><span class='ocrx_word' id='word_1_21' title='bbox 359 423 503 485; x_wconf 89' lang='lat' dir='ltr'><strong>quod,</strong></span> <span class='ocrx_word' id='word_1_22' title='bbox 529 432 579 468; x_wconf 91' lang='lat' dir='ltr'><strong>ut</strong></span> <span class='ocrx_word' id='word_1_23' title='bbox 611 441 751 486; x_wconf 82' lang='lat' dir='ltr'><strong>supra</strong></span> <span class='ocrx_word' id='word_1_24' title='bbox 783 423 1008 478; x_wconf 84' lang='lat' dir='ltr'><strong>diximus,</strong></span> <span class='ocrx_word' id='word_1_25' title='bbox 1037 424 1291 478; x_wconf 82' lang='lat' dir='ltr'>scanditur,</span> 
     </span>
     <span class='ocr_line' id='line_1_5' title="bbox 532 499 1432 555; baseline 0 -15"><span class='ocrx_word' id='word_1_26' title='bbox 532 501 660 547; x_wconf 77' lang='lat' dir='ltr'><strong>Quem</strong></span> <span class='ocrx_word' id='word_1_27' title='bbox 682 499 832 554; x_wconf 63' lang='lat' dir='ltr'><strong>vijrum</strong></span> <span class='ocrx_word' id='word_1_28' title='bbox 853 506 928 540; x_wconf 84' lang='lat' dir='ltr'><strong>aut</strong></span> <span class='ocrx_word' id='word_1_29' title='bbox 948 500 1093 555; x_wconf 47' lang='lat' dir='ltr'><strong>he&#39;sroa}</strong></span> <span class='ocrx_word' id='word_1_30' title='bbox 1117 500 1221 555; x_wconf 66' lang='lat' dir='ltr'><strong>lyra]</strong></span> <span class='ocrx_word' id='word_1_31' title='bbox 1247 501 1311 540; x_wconf 80' lang='lat' dir='ltr'><strong>vel</strong></span> <span class='ocrx_word' id='word_1_32' title='bbox 1329 502 1432 541; x_wconf 79' lang='lat' dir='ltr'><strong>acri.</strong></span> 
     </span>
    </p>

    <p class='ocr_par' dir='ltr' id='par_1_5' title="bbox 300 572 1813 788">
     <span class='ocr_line' id='line_1_6' title="bbox 300 572 1813 636; baseline 0.004 -19"><span class='ocrx_word' id='word_1_33' title='bbox 300 593 336 622; x_wconf 83' lang='lat'><strong>13</strong></span> <span class='ocrx_word' id='word_1_34' title='bbox 423 572 583 619; x_wconf 90' lang='lat' dir='ltr'><strong>Tertia</strong></span> <span class='ocrx_word' id='word_1_35' title='bbox 608 573 794 619; x_wconf 89' lang='lat' dir='ltr'><strong>decima</strong></span> <span class='ocrx_word' id='word_1_36' title='bbox 819 573 907 618; x_wconf 92' lang='lat' dir='ltr'><strong>ode</strong></span> <span class='ocrx_word' id='word_1_37' title='bbox 930 573 1296 636; x_wconf 84' lang='lat' dir='ltr'><strong>Asclepiadeum</strong></span> <span class='ocrx_word' id='word_1_38' title='bbox 1335 583 1539 622; x_wconf 87' lang='lat' dir='ltr'><strong>metrum</strong></span> <span class='ocrx_word' id='word_1_39' title='bbox 1582 575 1740 633; x_wconf 87' lang='lat' dir='ltr'><strong>habet,</strong></span> <span class='ocrx_word' id='word_1_40' title='bbox 1766 586 1813 623; x_wconf 87' lang='lat' dir='ltr'><strong>et</strong></span> 
     </span>
     <span class='ocr_line' id='line_1_7' title="bbox 356 648 1813 717; baseline 0.004 -24"><span class='ocrx_word' id='word_1_41' title='bbox 356 665 440 711; x_wconf 88' lang='lat' dir='ltr'><strong>per</strong></span> <span class='ocrx_word' id='word_1_42' title='bbox 465 648 600 694; x_wconf 88' lang='lat' dir='ltr'><strong>binos</strong></span> <span class='ocrx_word' id='word_1_43' title='bbox 628 665 784 694; x_wconf 89' lang='lat' dir='ltr'><strong>versus</strong></span> <span class='ocrx_word' id='word_1_44' title='bbox 811 648 1064 695; x_wconf 79' lang='lat' dir='ltr'><strong>scanditur.</strong></span> <span class='ocrx_word' id='word_1_45' title='bbox 1134 650 1269 696; x_wconf 84' lang='lat' dir='ltr'><strong>Alter</strong></span> <span class='ocrx_word' id='word_1_46' title='bbox 1305 651 1706 713; x_wconf 77' lang='lat' dir='ltr'><strong>penthemimeres</strong></span> <span class='ocrx_word' id='word_1_47' title='bbox 1731 671 1813 717; x_wconf 83' lang='lat' dir='ltr'><strong>ap-</strong></span> 
     </span>
     <span class='ocr_line' id='line_1_8' title="bbox 358 723 1189 788; baseline 0.001 -18"><span class='ocrx_word' id='word_1_48' title='bbox 358 725 575 788; x_wconf 88' lang='lat' dir='ltr'><strong>pellatur,</strong></span> <span class='ocrx_word' id='word_1_49' title='bbox 601 723 854 787; x_wconf 86' lang='lat' dir='ltr'><strong>spondeus,</strong></span> <span class='ocrx_word' id='word_1_50' title='bbox 880 724 1055 788; x_wconf 81' lang='lat' dir='ltr'>dactyli</span> <span class='ocrx_word' id='word_1_51' title='bbox 1081 724 1189 781; x_wconf 90' lang='lat' dir='ltr'><strong>duo,</strong></span> 
     </span>
    </p>

    <p class='ocr_par' dir='ltr' id='par_1_6' title="bbox 359 800 1193 936">
     <span class='ocr_line' id='line_1_9' title="bbox 585 800 1185 858; baseline 0.002 -17"><span class='ocrx_word' id='word_1_52' title='bbox 585 801 691 841; x_wconf 74' lang='lat' dir='ltr'><strong>Cum</strong></span> <span class='ocrx_word' id='word_1_53' title='bbox 713 805 765 854; x_wconf 46' lang='lat' dir='ltr'><strong>taj</strong></span> <span class='ocrx_word' id='word_1_54' title='bbox 792 801 941 855; x_wconf 45' lang='lat' dir='ltr'><strong>Lydia,</strong></span> <span class='ocrx_word' id='word_1_55' title='bbox 966 800 985 829; x_wconf 87' lang='lat' dir='ltr'>k</span> <span class='ocrx_word' id='word_1_56' title='bbox 1001 802 1185 858; x_wconf 78' lang='lat' dir='ltr'><strong>Telephi.</strong></span> 
     </span>
     <span class='ocr_line' id='line_1_10' title="bbox 359 872 1193 936; baseline 0.005 -19"><span class='ocrx_word' id='word_1_57' title='bbox 359 872 520 934; x_wconf 83' lang='lat' dir='ltr'><strong>[Alter</strong></span> <span class='ocrx_word' id='word_1_58' title='bbox 546 881 597 918; x_wconf 90' lang='lat' dir='ltr'><strong>ut</strong></span> <span class='ocrx_word' id='word_1_59' title='bbox 620 872 773 936; x_wconf 89' lang='lat' dir='ltr'><strong>prima</strong></span> <span class='ocrx_word' id='word_1_60' title='bbox 797 873 886 919; x_wconf 92' lang='lat' dir='ltr'><strong>ode</strong></span> <span class='ocrx_word' id='word_1_61' title='bbox 911 874 1193 936; x_wconf 67' lang='lat' dir='ltr'><strong>scanditur]</strong></span> 
     </span>
    </p>

    <p class='ocr_par' dir='ltr' id='par_1_7' title="bbox 298 947 1813 1312">
     <span class='ocr_line' id='line_1_11' title="bbox 298 947 1811 1015; baseline 0.005 -23"><span class='ocrx_word' id='word_1_62' title='bbox 298 975 336 1002; x_wconf 81' lang='lat'><strong>14</strong></span> <span class='ocrx_word' id='word_1_63' title='bbox 423 948 603 1000; x_wconf 86' lang='lat' dir='ltr'><strong>Quarta</strong></span> <span class='ocrx_word' id='word_1_64' title='bbox 642 947 828 995; x_wconf 90' lang='lat' dir='ltr'><strong>decima</strong></span> <span class='ocrx_word' id='word_1_65' title='bbox 864 949 953 996; x_wconf 90' lang='lat' dir='ltr'><strong>ode</strong></span> <span class='ocrx_word' id='word_1_66' title='bbox 989 950 1357 1015; x_wconf 87' lang='lat' dir='ltr'><strong>Asclepiadeum</strong></span> <span class='ocrx_word' id='word_1_67' title='bbox 1411 960 1613 998; x_wconf 89' lang='lat' dir='ltr'><strong>metrum</strong></span> <span class='ocrx_word' id='word_1_68' title='bbox 1654 953 1811 1009; x_wconf 89' lang='lat' dir='ltr'><strong>habet,</strong></span> 
     </span>
     <span class='ocr_line' id='line_1_12' title="bbox 354 1027 1812 1092; baseline 0.005 -22"><span class='ocrx_word' id='word_1_69' title='bbox 354 1035 401 1071; x_wconf 89' lang='lat' dir='ltr'><strong>et</strong></span> <span class='ocrx_word' id='word_1_70' title='bbox 436 1042 520 1089; x_wconf 90' lang='lat' dir='ltr'><strong>per</strong></span> <span class='ocrx_word' id='word_1_71' title='bbox 554 1034 808 1088; x_wconf 89' lang='lat' dir='ltr'><strong>quaternos</strong></span> <span class='ocrx_word' id='word_1_72' title='bbox 834 1043 994 1072; x_wconf 87' lang='lat' dir='ltr'><strong>versus</strong></span> <span class='ocrx_word' id='word_1_73' title='bbox 1029 1027 1284 1085; x_wconf 82' lang='lat' dir='ltr'><strong>scanditur,</strong></span> <span class='ocrx_word' id='word_1_74' title='bbox 1308 1027 1439 1085; x_wconf 90' lang='lat' dir='ltr'><strong>lduo,</strong></span> <span class='ocrx_word' id='word_1_75' title='bbox 1464 1029 1544 1092; x_wconf 86' lang='lat' dir='ltr'><strong>qui</strong></span> <span class='ocrx_word' id='word_1_76' title='bbox 1569 1035 1812 1091; x_wconf 78' lang='grc' dir='ltr'>πενθημιμε-</span> 
     </span>
     <span class='ocr_line' id='line_1_13' title="bbox 352 1102 1813 1166; baseline 0.005 -20"><span class='ocrx_word' id='word_1_77' title='bbox 352 1108 434 1165; x_wconf 61' lang='lat' dir='ltr'><strong>pei}</strong></span> <span class='ocrx_word' id='word_1_78' title='bbox 465 1102 777 1166; x_wconf 76' lang='lat' dir='ltr'><strong>appellantur,</strong></span> <span class='ocrx_word' id='word_1_79' title='bbox 815 1111 904 1148; x_wconf 76' lang='lat' dir='ltr'><strong>met</strong></span> <span class='ocrx_word' id='word_1_80' title='bbox 939 1102 1033 1149; x_wconf 88' lang='lat' dir='ltr'><strong>duo</strong></span> <span class='ocrx_word' id='word_1_81' title='bbox 1065 1104 1143 1166; x_wconf 82' lang='lat' dir='ltr'><strong>qui</strong></span> <span class='ocrx_word' id='word_1_82' title='bbox 1179 1103 1345 1151; x_wconf 65' lang='grc' dir='ltr'><strong>ὃιποδιάι</strong></span> <span class='ocrx_word' id='word_1_83' title='bbox 1382 1105 1618 1152; x_wconf 64' lang='lat' dir='ltr'><strong>Bam-mm}</strong></span> <span class='ocrx_word' id='word_1_84' title='bbox 1646 1107 1813 1154; x_wconf 84' lang='lat' dir='ltr'><strong>dicun-</strong></span> 
     </span>
     <span class='ocr_line' id='line_1_14' title="bbox 353 1179 1812 1247; baseline 0.003 -23"><span class='ocrx_word' id='word_1_85' title='bbox 353 1188 444 1234; x_wconf 88' lang='lat' dir='ltr'><strong>tur,</strong></span> <span class='ocrx_word' id='word_1_86' title='bbox 472 1179 552 1235; x_wconf 87' lang='lat' dir='ltr'><strong>sic,</strong></span> <span class='ocrx_word' id='word_1_87' title='bbox 578 1179 832 1243; x_wconf 88' lang='lat' dir='ltr'><strong>spondeus,</strong></span> <span class='ocrx_word' id='word_1_88' title='bbox 858 1180 1090 1243; x_wconf 86' lang='lat' dir='ltr'><strong>dactylus,</strong></span> <span class='ocrx_word' id='word_1_89' title='bbox 1124 1181 1344 1245; x_wconf 77' lang='lat' dir='ltr'><strong>semipes,</strong></span> <span class='ocrx_word' id='word_1_90' title='bbox 1379 1181 1612 1245; x_wconf 87' lang='lat' dir='ltr'><strong>dactylus,</strong></span> <span class='ocrx_word' id='word_1_91' title='bbox 1648 1183 1812 1247; x_wconf 90' lang='lat' dir='ltr'><strong>dacty-</strong></span> 
     </span>
     <span class='ocr_line' id='line_1_15' title="bbox 354 1255 443 1312; baseline 0 -12"><span class='ocrx_word' id='word_1_92' title='bbox 354 1255 443 1312; x_wconf 90' lang='lat' dir='ltr'><strong>lus,</strong></span> 
     </span>
    </p>

    <p class='ocr_par' dir='ltr' id='par_1_8' title="bbox 527 1332 1344 1387">
     <span class='ocr_line' id='line_1_16' title="bbox 527 1332 1344 1387; baseline 0.005 -17"><span class='ocrx_word' id='word_1_93' title='bbox 527 1332 562 1371; x_wconf 90' lang='lat'><em>0</em></span> <span class='ocrx_word' id='word_1_94' title='bbox 579 1332 712 1386; x_wconf 37' lang='lat' dir='ltr'><strong>nalvis</strong></span> <span class='ocrx_word' id='word_1_95' title='bbox 734 1334 935 1387; x_wconf 64' lang='lat' dir='ltr'><strong>resep-ent,</strong></span> <span class='ocrx_word' id='word_1_96' title='bbox 958 1334 1004 1372; x_wconf 82' lang='lat' dir='ltr'><strong>in</strong></span> <span class='ocrx_word' id='word_1_97' title='bbox 1027 1345 1149 1386; x_wconf 55' lang='lat' dir='ltr'><strong>mare}</strong></span> <span class='ocrx_word' id='word_1_98' title='bbox 1175 1339 1211 1374; x_wconf 84' lang='lat' dir='ltr'><strong>te</strong></span> <span class='ocrx_word' id='word_1_99' title='bbox 1235 1335 1344 1374; x_wconf 72' lang='lat' dir='ltr'><strong>novi.</strong></span> 
     </span>
    </p>

    <p class='ocr_par' dir='ltr' id='par_1_9' title="bbox 298 1405 1811 1699">
     <span class='ocr_line' id='line_1_17' title="bbox 298 1405 1811 1473; baseline 0.003 -23"><span class='ocrx_word' id='word_1_100' title='bbox 298 1430 332 1462; x_wconf 86' lang='lat'><strong>¹5</strong></span> <span class='ocrx_word' id='word_1_101' title='bbox 420 1405 631 1458; x_wconf 64' lang='lat' dir='ltr'><strong>”Quinta</strong></span> <span class='ocrx_word' id='word_1_102' title='bbox 666 1406 851 1452; x_wconf 87' lang='lat' dir='ltr'><strong>decima</strong></span> <span class='ocrx_word' id='word_1_103' title='bbox 893 1406 981 1452; x_wconf 91' lang='lat' dir='ltr'><strong>ode</strong></span> <span class='ocrx_word' id='word_1_104' title='bbox 1023 1407 1148 1454; x_wconf 91' lang='lat' dir='ltr'><strong>idem</strong></span> <span class='ocrx_word' id='word_1_105' title='bbox 1195 1416 1398 1454; x_wconf 88' lang='lat' dir='ltr'><strong>metrum</strong></span> <span class='ocrx_word' id='word_1_106' title='bbox 1447 1408 1604 1464; x_wconf 88' lang='lat' dir='ltr'><strong>habet,</strong></span> <span class='ocrx_word' id='word_1_107' title='bbox 1642 1417 1688 1455; x_wconf 88' lang='lat' dir='ltr'><strong>et</strong></span> <span class='ocrx_word' id='word_1_108' title='bbox 1729 1427 1811 1473; x_wconf 92' lang='lat' dir='ltr'><strong>per</strong></span> 
     </span>
     <span class='ocr_line' id='line_1_18' title="bbox 353 1482 1806 1547; baseline 0.003 -20"><span class='ocrx_word' id='word_1_109' title='bbox 353 1491 606 1544; x_wconf 84' lang='lat' dir='ltr'><strong>quaternos</strong></span> <span class='ocrx_word' id='word_1_110' title='bbox 632 1500 792 1529; x_wconf 89' lang='lat' dir='ltr'><strong>versus</strong></span> <span class='ocrx_word' id='word_1_111' title='bbox 818 1482 1072 1539; x_wconf 83' lang='lat' dir='ltr'><strong>scanditur,</strong></span> <span class='ocrx_word' id='word_1_112' title='bbox 1100 1483 1176 1529; x_wconf 87' lang='lat' dir='ltr'><strong>scd</strong></span> <span class='ocrx_word' id='word_1_113' title='bbox 1206 1493 1296 1530; x_wconf 84' lang='lat' dir='ltr'><strong>tres</strong></span> <span class='ocrx_word' id='word_1_114' title='bbox 1320 1489 1633 1547; x_wconf 75' lang='grc' dir='ltr'>πενθημιμερεῒς,</span> <span class='ocrx_word' id='word_1_115' title='bbox 1659 1503 1806 1532; x_wconf 91' lang='lat' dir='ltr'><strong>unum</strong></span> 
     </span>
     <span class='ocr_line' id='line_1_19' title="bbox 353 1557 1808 1626; baseline 0.003 -23"><span class='ocrx_word' id='word_1_116' title='bbox 353 1557 434 1620; x_wconf 92' lang='lat' dir='ltr'><strong>qui</strong></span> <span class='ocrx_word' id='word_1_117' title='bbox 471 1557 672 1621; x_wconf 88' lang='lat' dir='ltr'><strong>tripodia</strong></span> <span class='ocrx_word' id='word_1_118' title='bbox 708 1558 943 1622; x_wconf 86' lang='lat' dir='ltr'><strong>dactylice</strong></span> <span class='ocrx_word' id='word_1_119' title='bbox 980 1560 1255 1623; x_wconf 85' lang='lat' dir='ltr'><strong>appellatur,</strong></span> <span class='ocrx_word' id='word_1_120' title='bbox 1293 1561 1545 1624; x_wconf 78' lang='lat' dir='ltr'><strong>spondeuS,</strong></span> <span class='ocrx_word' id='word_1_121' title='bbox 1577 1561 1808 1626; x_wconf 86' lang='lat' dir='ltr'><strong>dactylus,</strong></span> 
     </span>
     <span class='ocr_line' id='line_1_20' title="bbox 354 1633 936 1699; baseline 0.002 -19"><span class='ocrx_word' id='word_1_122' title='bbox 354 1633 573 1698; x_wconf 89' lang='lat' dir='ltr'><strong>semipes,</strong></span> <span class='ocrx_word' id='word_1_123' title='bbox 597 1634 799 1699; x_wconf 88' lang='lat' dir='ltr'><strong>0dactyli</strong></span> <span class='ocrx_word' id='word_1_124' title='bbox 826 1635 936 1690; x_wconf 88' lang='lat' dir='ltr'><strong>duo,</strong></span> 
     </span>
    </p>

    <p class='ocr_par' dir='ltr' id='par_1_10' title="bbox 296 1709 1808 1850">
     <span class='ocr_line' id='line_1_21' title="bbox 523 1709 1479 1766; baseline 0.002 -16"><span class='ocrx_word' id='word_1_125' title='bbox 523 1711 688 1765; x_wconf 68' lang='lat' dir='ltr'><strong>Pastor}</strong></span> <span class='ocrx_word' id='word_1_126' title='bbox 709 1725 801 1750; x_wconf 78' lang='lat' dir='ltr'><strong>cum</strong></span> <span class='ocrx_word' id='word_1_127' title='bbox 824 1709 1024 1765; x_wconf 36' lang='lat' dir='ltr'><strong>trahelretl</strong></span> <span class='ocrx_word' id='word_1_128' title='bbox 1040 1712 1263 1766; x_wconf 63' lang='lat' dir='ltr'><strong>perstem}</strong></span> <span class='ocrx_word' id='word_1_129' title='bbox 1286 1713 1479 1753; x_wconf 72' lang='lat' dir='ltr'><strong>navibus.</strong></span> 
     </span>
     <span class='ocr_line' id='line_1_22' title="bbox 296 1772 1808 1850; baseline 0.004 -22"><span class='ocrx_word' id='word_1_130' title='bbox 296 1772 337 1836; x_wconf 50' lang='lat'><strong>15</strong></span> <span class='ocrx_word' id='word_1_131' title='bbox 420 1783 564 1829; x_wconf 84' lang='lat' dir='ltr'><strong>Sexta</strong></span> <span class='ocrx_word' id='word_1_132' title='bbox 600 1782 786 1830; x_wconf 89' lang='lat' dir='ltr'><strong>decima</strong></span> <span class='ocrx_word' id='word_1_133' title='bbox 818 1783 906 1829; x_wconf 91' lang='lat' dir='ltr'><strong>ode</strong></span> <span class='ocrx_word' id='word_1_134' title='bbox 943 1784 1192 1830; x_wconf 87' lang='lat' dir='ltr'><strong>Alcaicum</strong></span> <span class='ocrx_word' id='word_1_135' title='bbox 1235 1795 1441 1831; x_wconf 87' lang='lat' dir='ltr'><strong>metrum</strong></span> <span class='ocrx_word' id='word_1_136' title='bbox 1486 1786 1643 1844; x_wconf 90' lang='lat' dir='ltr'><strong>habet,</strong></span> <span class='ocrx_word' id='word_1_137' title='bbox 1682 1788 1808 1850; x_wconf 89' lang='lat' dir='ltr'><strong>quod</strong></span> 
     </span>
    </p>

    <p class='ocr_par' dir='ltr' id='par_1_11' title="bbox 253 1845 1809 1925">
     <span class='ocr_line' id='line_1_23' title="bbox 253 1845 1809 1925; baseline 0.003 -20"><span class='ocrx_word' id='word_1_138' title='bbox 253 1845 260 1850; x_wconf 58' lang='lat'><strong>.</strong></span> <span class='ocrx_word' id='word_1_139' title='bbox 352 1869 406 1906; x_wconf 91' lang='lat' dir='ltr'><strong>ut</strong></span> <span class='ocrx_word' id='word_1_140' title='bbox 430 1877 569 1924; x_wconf 86' lang='lat' dir='ltr'><strong>supra</strong></span> <span class='ocrx_word' id='word_1_141' title='bbox 594 1860 819 1915; x_wconf 82' lang='lat' dir='ltr'><strong>diximus,</strong></span> <span class='ocrx_word' id='word_1_142' title='bbox 846 1860 1087 1907; x_wconf 85' lang='lat' dir='ltr'><strong>scanditur</strong></span> <span class='ocrx_word' id='word_1_143' title='bbox 1112 1861 1194 1919; x_wconf 91' lang='lat' dir='ltr'><strong>sic,</strong></span> <span class='ocrx_word' id='word_1_144' title='bbox 1222 1861 1409 1925; x_wconf 87' lang='lat' dir='ltr'><strong>hippius</strong></span> <span class='ocrx_word' id='word_1_145' title='bbox 1435 1862 1616 1920; x_wconf 90' lang='lat' dir='ltr'><strong>tertius,</strong></span> <span class='ocrx_word' id='word_1_146' title='bbox 1642 1864 1809 1910; x_wconf 80' lang='lat' dir='ltr'><strong>Psemi-</strong></span> 
     </span>
    </p>

    <p class='ocr_par' dir='ltr' id='par_1_12' title="bbox 353 1936 1021 2000">
     <span class='ocr_line' id='line_1_24' title="bbox 353 1936 1021 2000; baseline 0.001 -18"><span class='ocrx_word' id='word_1_147' title='bbox 353 1954 450 2000; x_wconf 89' lang='lat' dir='ltr'><strong>pes,</strong></span> <span class='ocrx_word' id='word_1_148' title='bbox 474 1936 794 1994; x_wconf 86' lang='lat' dir='ltr'><strong>choriambus,</strong></span> <span class='ocrx_word' id='word_1_149' title='bbox 819 1937 1021 1994; x_wconf 89' lang='lat' dir='ltr'><strong>iambus,</strong></span> 
     </span>
    </p>

    <p class='ocr_par' dir='ltr' id='par_1_13' title="bbox 526 2014 1301 2070">
     <span class='ocr_line' id='line_1_25' title="bbox 526 2014 1301 2070; baseline 0.003 -17"><span class='ocrx_word' id='word_1_150' title='bbox 526 2014 562 2053; x_wconf 90' lang='grc' dir='ltr'>Ο</span> <span class='ocrx_word' id='word_1_151' title='bbox 582 2019 714 2054; x_wconf 78' lang='lat' dir='ltr'><strong>matre</strong></span> <span class='ocrx_word' id='word_1_152' title='bbox 727 2014 1041 2070; x_wconf 62' lang='lat' dir='ltr'><strong>pullchrczlfilia</strong></span> <span class='ocrx_word' id='word_1_153' title='bbox 1059 2016 1301 2070; x_wconf 77' lang='lat' dir='ltr'><strong>pulchrior.</strong></span> 
     </span>
    </p>

    <p class='ocr_par' dir='ltr' id='par_1_14' title="bbox 353 2085 1807 2146">
     <span class='ocr_line' id='line_1_26' title="bbox 353 2085 1807 2146; baseline 0.003 -15"><span class='ocrx_word' id='word_1_154' title='bbox 353 2085 476 2132; x_wconf 73' lang='lat' dir='ltr'><strong>quii</strong></span> <span class='ocrx_word' id='word_1_155' title='bbox 515 2086 580 2132; x_wconf 90' lang='lat' dir='ltr'><strong>sic</strong></span> <span class='ocrx_word' id='word_1_156' title='bbox 616 2086 848 2133; x_wconf 88' lang='lat' dir='ltr'><strong>scandunt</strong></span> <span class='ocrx_word' id='word_1_157' title='bbox 883 2105 942 2134; x_wconf 86' lang='lat' dir='ltr'><strong>ex</strong></span> <span class='ocrx_word' id='word_1_158' title='bbox 974 2088 1178 2135; x_wconf 89' lang='lat' dir='ltr'><strong>Alcaicis</strong></span> <span class='ocrx_word' id='word_1_159' title='bbox 1217 2089 1381 2146; x_wconf 83' lang='lat' dir='ltr'><strong>tribus,</strong></span> <span class='ocrx_word' id='word_1_160' title='bbox 1405 2098 1450 2135; x_wconf 86' lang='lat' dir='ltr'><strong>et</strong></span> <span class='ocrx_word' id='word_1_161' title='bbox 1475 2099 1661 2136; x_wconf 89' lang='lat' dir='ltr'><strong>constat</strong></span> <span class='ocrx_word' id='word_1_162' title='bbox 1686 2107 1807 2136; x_wconf 92' lang='lat' dir='ltr'><strong>unus</strong></span> 
     </span>
    </p>

    <p class='ocr_par' dir='ltr' id='par_1_15' title="bbox 354 2156 1804 2226">
     <span class='ocr_line' id='line_1_27' title="bbox 354 2156 1804 2226; baseline 0.004 -19"><span class='ocrx_word' id='word_1_163' title='bbox 354 2156 412 2208; x_wconf 82' lang='lat' dir='ltr'><strong>ex</strong></span> <span class='ocrx_word' id='word_1_164' title='bbox 435 2162 814 2226; x_wconf 87' lang='lat' dir='ltr'><strong>penthemimere</strong></span> <span class='ocrx_word' id='word_1_165' title='bbox 840 2163 1081 2221; x_wconf 82' lang='lat' dir='ltr'><strong>riambica,</strong></span> <span class='ocrx_word' id='word_1_166' title='bbox 1106 2175 1152 2211; x_wconf 92' lang='lat' dir='ltr'><strong>et</strong></span> <span class='ocrx_word' id='word_1_167' title='bbox 1176 2165 1379 2211; x_wconf 89' lang='lat' dir='ltr'><strong>dimetro</strong></span> <span class='ocrx_word' id='word_1_168' title='bbox 1406 2166 1562 2212; x_wconf 90' lang='lat' dir='ltr'><strong>heroo.</strong></span> <span class='ocrx_word' id='word_1_169' title='bbox 1621 2166 1804 2213; x_wconf 87' lang='lat' dir='ltr'><strong>Eodem</strong></span> 
     </span>
    </p>

    <p class='ocr_par' dir='ltr' id='par_1_16' title="bbox 357 2238 1805 2304">
     <span class='ocr_line' id='line_1_28' title="bbox 357 2238 1805 2304; baseline 0.003 -20"><span class='ocrx_word' id='word_1_170' title='bbox 357 2238 499 2284; x_wconf 88' lang='lat' dir='ltr'><strong>modo</strong></span> <span class='ocrx_word' id='word_1_171' title='bbox 524 2247 596 2284; x_wconf 91' lang='lat' dir='ltr'><strong>Set</strong></span> <span class='ocrx_word' id='word_1_172' title='bbox 620 2239 747 2285; x_wconf 85' lang='lat' dir='ltr'><strong>alter.</strong></span> <span class='ocrx_word' id='word_1_173' title='bbox 816 2240 1003 2286; x_wconf 89' lang='lat' dir='ltr'><strong>Tertius</strong></span> <span class='ocrx_word' id='word_1_174' title='bbox 1033 2258 1141 2286; x_wconf 90' lang='lat' dir='ltr'><strong>vero</strong></span> <span class='ocrx_word' id='word_1_175' title='bbox 1177 2259 1234 2287; x_wconf 87' lang='lat' dir='ltr'><strong>ex</strong></span> <span class='ocrx_word' id='word_1_176' title='bbox 1268 2241 1452 2288; x_wconf 91' lang='lat' dir='ltr'><strong>duobus</strong></span> <span class='ocrx_word' id='word_1_177' title='bbox 1489 2242 1688 2304; x_wconf 87' lang='lat' dir='ltr'><strong>epitritis</strong></span> <span class='ocrx_word' id='word_1_178' title='bbox 1715 2252 1805 2288; x_wconf 89' lang='lat' dir='ltr'><strong>ter-</strong></span> 
     </span>
    </p>
   </div>
   <div class='ocr_carea' id='block_1_3' title="bbox 352 2395 1808 2922">
    <p class='ocr_par' dir='ltr' id='par_1_17' title="bbox 352 2395 1808 2922">
     <span class='ocr_line' id='line_1_29' title="bbox 356 2395 1808 2449; baseline 0.004 -18"><span class='ocrx_word' id='word_1_179' title='bbox 356 2395 508 2445; x_wconf 74' lang='lat' dir='ltr'><strong>dactyli]</strong></span> <span class='ocrx_word' id='word_1_180' title='bbox 542 2399 687 2443; x_wconf 78' lang='lat' dir='ltr'><strong>semipes</strong></span> <span class='ocrx_word' id='word_1_181' title='bbox 717 2399 882 2445; x_wconf 77' lang='lat' dir='ltr'><strong>dactylus</strong></span> <span class='ocrx_word' id='word_1_182' title='bbox 913 2400 1059 2445; x_wconf 78' lang='lat' dir='ltr'><strong>semipes</strong></span> <span class='ocrx_word' id='word_1_183' title='bbox 1089 2399 1254 2445; x_wconf 78' lang='lat' dir='ltr'><strong>dactylus</strong></span> <span class='ocrx_word' id='word_1_184' title='bbox 1286 2400 1329 2435; x_wconf 86' lang='lat' dir='ltr'><strong>A.</strong></span> <span class='ocrx_word' id='word_1_185' title='bbox 1363 2401 1528 2448; x_wconf 76' lang='lat' dir='ltr'><strong>dactylus</strong></span> <span class='ocrx_word' id='word_1_186' title='bbox 1559 2402 1706 2449; x_wconf 79' lang='lat' dir='ltr'><strong>semipes</strong></span> <span class='ocrx_word' id='word_1_187' title='bbox 1738 2404 1808 2439; x_wconf 79' lang='lat' dir='ltr'><strong>duo</strong></span> 
     </span>
     <span class='ocr_line' id='line_1_30' title="bbox 352 2450 1805 2501; baseline 0.005 -17"><span class='ocrx_word' id='word_1_188' title='bbox 352 2450 492 2495; x_wconf 71' lang='lat' dir='ltr'><strong>dactyli</strong></span> <span class='ocrx_word' id='word_1_189' title='bbox 510 2462 583 2485; x_wconf 89' lang='lat' dir='ltr'><strong>om.</strong></span> <span class='ocrx_word' id='word_1_190' title='bbox 609 2450 702 2485; x_wconf 78' lang='lat' dir='ltr'><strong>Ven.</strong></span> <span class='ocrx_word' id='word_1_191' title='bbox 858 2450 867 2477; x_wconf 86' lang='lat' dir='ltr'><strong>i</strong></span> <span class='ocrx_word' id='word_1_192' title='bbox 889 2462 998 2499; x_wconf 86' lang='lat' dir='ltr'><strong>quem</strong></span> <span class='ocrx_word' id='word_1_193' title='bbox 1021 2451 1089 2486; x_wconf 85' lang='lat' dir='ltr'><strong>tibi</strong></span> <span class='ocrx_word' id='word_1_194' title='bbox 1109 2464 1170 2487; x_wconf 87' lang='lat' dir='ltr'><strong>x11</strong></span> <span class='ocrx_word' id='word_1_195' title='bbox 1192 2452 1261 2488; x_wconf 87' lang='lat' dir='ltr'><strong>ode</strong></span> <span class='ocrx_word' id='word_1_196' title='bbox 1281 2454 1420 2500; x_wconf 79' lang='grc' dir='ltr'>δῖκωλος]</span> <span class='ocrx_word' id='word_1_197' title='bbox 1443 2466 1546 2501; x_wconf 76' lang='lat' dir='ltr'><strong>quem</strong></span> <span class='ocrx_word' id='word_1_198' title='bbox 1568 2455 1656 2490; x_wconf 72' lang='lat' dir='ltr'><strong>mihi</strong></span> <span class='ocrx_word' id='word_1_199' title='bbox 1675 2456 1805 2491; x_wconf 81' lang='lat' dir='ltr'><strong>duode-</strong></span> 
     </span>
     <span class='ocr_line' id='line_1_31' title="bbox 355 2501 1807 2555; baseline 0.006 -19"><span class='ocrx_word' id='word_1_200' title='bbox 355 2503 449 2537; x_wconf 83' lang='lat' dir='ltr'><strong>cima</strong></span> <span class='ocrx_word' id='word_1_201' title='bbox 469 2503 534 2537; x_wconf 81' lang='lat' dir='ltr'><strong>ode</strong></span> <span class='ocrx_word' id='word_1_202' title='bbox 554 2503 777 2537; x_wconf 80' lang='lat' dir='ltr'><strong>tetracholon</strong></span> <span class='ocrx_word' id='word_1_203' title='bbox 796 2504 841 2539; x_wconf 91' lang='lat' dir='ltr'><strong>A.</strong></span> <span class='ocrx_word' id='word_1_204' title='bbox 975 2501 987 2537; x_wconf 87' lang='lat' dir='ltr'>j</span> <span class='ocrx_word' id='word_1_205' title='bbox 1011 2506 1201 2540; x_wconf 77' lang='lat' dir='ltr'><strong>tetracolos</strong></span> <span class='ocrx_word' id='word_1_206' title='bbox 1220 2505 1316 2541; x_wconf 89' lang='lat' dir='ltr'><strong>Ven.</strong></span> <span class='ocrx_word' id='word_1_207' title='bbox 1459 2505 1480 2532; x_wconf 90' lang='lat' dir='ltr'><strong>k</strong></span> <span class='ocrx_word' id='word_1_208' title='bbox 1503 2507 1643 2554; x_wconf 77' lang='lat' dir='ltr'><strong>telephi.</strong></span> <span class='ocrx_word' id='word_1_209' title='bbox 1676 2515 1807 2555; x_wconf 79' lang='lat' dir='ltr'><strong>quarta</strong></span> 
     </span>
     <span class='ocr_line' id='line_1_32' title="bbox 355 2556 1806 2607; baseline 0.005 -17"><span class='ocrx_word' id='word_1_210' title='bbox 355 2556 492 2590; x_wconf 82' lang='lat' dir='ltr'><strong>decima</strong></span> <span class='ocrx_word' id='word_1_211' title='bbox 521 2557 586 2590; x_wconf 83' lang='lat' dir='ltr'><strong>ode</strong></span> <span class='ocrx_word' id='word_1_212' title='bbox 615 2557 879 2602; x_wconf 68' lang='lat' dir='ltr'><strong>asclepiadeum</strong></span> <span class='ocrx_word' id='word_1_213' title='bbox 903 2562 1056 2592; x_wconf 83' lang='lat' dir='ltr'><strong>metrum</strong></span> <span class='ocrx_word' id='word_1_214' title='bbox 1078 2558 1183 2593; x_wconf 81' lang='lat' dir='ltr'><strong>habet</strong></span> <span class='ocrx_word' id='word_1_215' title='bbox 1203 2559 1248 2595; x_wconf 84' lang='lat' dir='ltr'><strong>A.</strong></span> <span class='ocrx_word' id='word_1_216' title='bbox 1269 2559 1365 2595; x_wconf 77' lang='lat' dir='ltr'><strong>Ven.</strong></span> <span class='ocrx_word' id='word_1_217' title='bbox 1508 2559 1519 2586; x_wconf 91' lang='lat' dir='ltr'><strong>l</strong></span> <span class='ocrx_word' id='word_1_218' title='bbox 1538 2560 1648 2607; x_wconf 85' lang='lat' dir='ltr'><strong>duos]</strong></span> <span class='ocrx_word' id='word_1_219' title='bbox 1672 2562 1742 2596; x_wconf 75' lang='lat' dir='ltr'><strong>duo</strong></span> <span class='ocrx_word' id='word_1_220' title='bbox 1762 2563 1806 2598; x_wconf 89' lang='lat' dir='ltr'><strong>A.</strong></span> 
     </span>
     <span class='ocr_line' id='line_1_33' title="bbox 355 2606 1806 2662; baseline 0.005 -19"><span class='ocrx_word' id='word_1_221' title='bbox 355 2614 387 2633; x_wconf 88' lang='lat' dir='ltr'><strong>m</strong></span> <span class='ocrx_word' id='word_1_222' title='bbox 407 2615 444 2643; x_wconf 84' lang='lat' dir='ltr'><strong>et</strong></span> <span class='ocrx_word' id='word_1_223' title='bbox 463 2607 555 2644; x_wconf 91' lang='lat' dir='ltr'><strong>duos</strong></span> <span class='ocrx_word' id='word_1_224' title='bbox 575 2606 637 2656; x_wconf 86' lang='lat' dir='ltr'><strong>qui</strong></span> <span class='ocrx_word' id='word_1_225' title='bbox 657 2611 788 2644; x_wconf 74' lang='grc' dir='ltr'><strong>διποδίαι</strong></span> <span class='ocrx_word' id='word_1_226' title='bbox 809 2611 1001 2645; x_wconf 78' lang='grc' dir='ltr'>δακτυλικαὶ</span> <span class='ocrx_word' id='word_1_227' title='bbox 1022 2609 1250 2659; x_wconf 84' lang='lat' dir='ltr'><strong>differenter]</strong></span> <span class='ocrx_word' id='word_1_228' title='bbox 1275 2618 1309 2647; x_wconf 76' lang='lat' dir='ltr'><strong>et</strong></span> <span class='ocrx_word' id='word_1_229' title='bbox 1328 2614 1398 2648; x_wconf 80' lang='lat' dir='ltr'><strong>(luo</strong></span> <span class='ocrx_word' id='word_1_230' title='bbox 1419 2615 1479 2659; x_wconf 80' lang='lat' dir='ltr'><strong>qui</strong></span> <span class='ocrx_word' id='word_1_231' title='bbox 1505 2615 1660 2661; x_wconf 83' lang='lat' dir='ltr'><strong>tripodia</strong></span> <span class='ocrx_word' id='word_1_232' title='bbox 1681 2615 1806 2662; x_wconf 72' lang='lat' dir='ltr'><strong>dacty-</strong></span> 
     </span>
     <span class='ocr_line' id='line_1_34' title="bbox 357 2661 1805 2714; baseline 0.005 -18"><span class='ocrx_word' id='word_1_233' title='bbox 357 2662 416 2696; x_wconf 81' lang='lat' dir='ltr'><strong>lici</strong></span> <span class='ocrx_word' id='word_1_234' title='bbox 435 2662 605 2697; x_wconf 79' lang='lat' dir='ltr'><strong>dicuntur</strong></span> <span class='ocrx_word' id='word_1_235' title='bbox 622 2662 668 2697; x_wconf 89' lang='lat' dir='ltr'><strong>A.</strong></span> <span class='ocrx_word' id='word_1_236' title='bbox 691 2669 728 2697; x_wconf 88' lang='lat' dir='ltr'><strong>et</strong></span> <span class='ocrx_word' id='word_1_237' title='bbox 747 2661 821 2697; x_wconf 88' lang='lat' dir='ltr'><strong>fere</strong></span> <span class='ocrx_word' id='word_1_238' title='bbox 844 2663 939 2697; x_wconf 82' lang='lat' dir='ltr'><strong>Ven.</strong></span> <span class='ocrx_word' id='word_1_239' title='bbox 1103 2671 1121 2689; x_wconf 74' lang='grc' dir='ltr'><strong>Β</strong></span> <span class='ocrx_word' id='word_1_240' title='bbox 1145 2665 1289 2701; x_wconf 86' lang='lat' dir='ltr'><strong>Caetera</strong></span> <span class='ocrx_word' id='word_1_241' title='bbox 1308 2674 1349 2702; x_wconf 87' lang='lat' dir='ltr'><strong>ut</strong></span> <span class='ocrx_word' id='word_1_242' title='bbox 1369 2666 1516 2714; x_wconf 86' lang='lat' dir='ltr'><strong>quinta]</strong></span> <span class='ocrx_word' id='word_1_243' title='bbox 1548 2679 1622 2703; x_wconf 88' lang='lat' dir='ltr'><strong>om.</strong></span> <span class='ocrx_word' id='word_1_244' title='bbox 1643 2668 1688 2703; x_wconf 89' lang='lat' dir='ltr'><strong>A.</strong></span> <span class='ocrx_word' id='word_1_245' title='bbox 1710 2667 1805 2704; x_wconf 86' lang='lat' dir='ltr'><strong>Ven.</strong></span> 
     </span>
     <span class='ocr_line' id='line_1_35' title="bbox 356 2715 1806 2767; baseline 0.006 -19"><span class='ocrx_word' id='word_1_246' title='bbox 356 2720 375 2740; x_wconf 89' lang='lat'><strong>0</strong></span> <span class='ocrx_word' id='word_1_247' title='bbox 395 2715 558 2761; x_wconf 75' lang='lat' dir='ltr'><strong>dactylus</strong></span> <span class='ocrx_word' id='word_1_248' title='bbox 577 2727 656 2750; x_wconf 82' lang='lat' dir='ltr'><strong>cum</strong></span> <span class='ocrx_word' id='word_1_249' title='bbox 673 2720 799 2762; x_wconf 80' lang='lat' dir='ltr'><strong>pastor</strong></span> <span class='ocrx_word' id='word_1_250' title='bbox 818 2716 863 2751; x_wconf 93' lang='lat' dir='ltr'><strong>A.</strong></span> <span class='ocrx_word' id='word_1_251' title='bbox 1028 2723 1048 2750; x_wconf 91' lang='lat' dir='ltr'>P</span> <span class='ocrx_word' id='word_1_252' title='bbox 1069 2716 1227 2766; x_wconf 84' lang='lat' dir='ltr'><strong>semipes</strong></span> <span class='ocrx_word' id='word_1_253' title='bbox 1248 2718 1484 2755; x_wconf 84' lang='lat' dir='ltr'><strong>choriambus</strong></span> <span class='ocrx_word' id='word_1_254' title='bbox 1504 2720 1666 2767; x_wconf 84' lang='lat' dir='ltr'><strong>iambus]</strong></span> <span class='ocrx_word' id='word_1_255' title='bbox 1690 2721 1806 2756; x_wconf 79' lang='lat' dir='ltr'><strong>chori-</strong></span> 
     </span>
     <span class='ocr_line' id='line_1_36' title="bbox 356 2767 1807 2819; baseline 0.004 -16"><span class='ocrx_word' id='word_1_256' title='bbox 356 2769 480 2803; x_wconf 79' lang='lat' dir='ltr'><strong>ambus</strong></span> <span class='ocrx_word' id='word_1_257' title='bbox 501 2768 639 2804; x_wconf 78' lang='lat' dir='ltr'><strong>badiius</strong></span> <span class='ocrx_word' id='word_1_258' title='bbox 657 2769 701 2804; x_wconf 82' lang='lat' dir='ltr'><strong>A.</strong></span> <span class='ocrx_word' id='word_1_259' title='bbox 838 2774 858 2802; x_wconf 76' lang='lat' dir='ltr'>Q</span> <span class='ocrx_word' id='word_1_260' title='bbox 877 2767 992 2804; x_wconf 85' lang='lat' dir='ltr'><strong>Aliter</strong></span> <span class='ocrx_word' id='word_1_261' title='bbox 1012 2768 1063 2806; x_wconf 84' lang='lat' dir='ltr'><strong>sic</strong></span> <span class='ocrx_word' id='word_1_262' title='bbox 1084 2771 1289 2819; x_wconf 83' lang='lat' dir='ltr'><strong>scanditur]</strong></span> <span class='ocrx_word' id='word_1_263' title='bbox 1313 2774 1378 2808; x_wconf 83' lang='lat' dir='ltr'><strong>alii</strong></span> <span class='ocrx_word' id='word_1_264' title='bbox 1402 2775 1451 2808; x_wconf 82' lang='lat' dir='ltr'><strong>sic</strong></span> <span class='ocrx_word' id='word_1_265' title='bbox 1469 2775 1646 2809; x_wconf 78' lang='lat' dir='ltr'><strong>scandunt</strong></span> <span class='ocrx_word' id='word_1_266' title='bbox 1665 2773 1711 2808; x_wconf 91' lang='lat' dir='ltr'><strong>A.</strong></span> <span class='ocrx_word' id='word_1_267' title='bbox 1742 2775 1807 2809; x_wconf 80' lang='lat' dir='ltr'><strong>alii</strong></span> 
     </span>
     <span class='ocr_line' id='line_1_37' title="bbox 354 2821 1804 2873; baseline 0.004 -17"><span class='ocrx_word' id='word_1_268' title='bbox 354 2822 404 2856; x_wconf 88' lang='lat' dir='ltr'><strong>sic</strong></span> <span class='ocrx_word' id='word_1_269' title='bbox 421 2822 643 2857; x_wconf 76' lang='lat' dir='ltr'><strong>scanduntur</strong></span> <span class='ocrx_word' id='word_1_270' title='bbox 663 2822 757 2857; x_wconf 88' lang='lat' dir='ltr'><strong>Ven.</strong></span> <span class='ocrx_word' id='word_1_271' title='bbox 890 2828 905 2847; x_wconf 88' lang='lat' dir='ltr'><strong>r</strong></span> <span class='ocrx_word' id='word_1_272' title='bbox 925 2821 1083 2859; x_wconf 85' lang='lat' dir='ltr'><strong>iambica</strong></span> <span class='ocrx_word' id='word_1_273' title='bbox 1101 2832 1138 2859; x_wconf 87' lang='lat' dir='ltr'><strong>et</strong></span> <span class='ocrx_word' id='word_1_274' title='bbox 1158 2823 1315 2861; x_wconf 84' lang='lat' dir='ltr'><strong>dimetro</strong></span> <span class='ocrx_word' id='word_1_275' title='bbox 1335 2826 1503 2873; x_wconf 86' lang='lat' dir='ltr'><strong>heroico]</strong></span> <span class='ocrx_word' id='word_1_276' title='bbox 1526 2827 1676 2862; x_wconf 69' lang='lat' dir='ltr'><strong>iambico</strong></span> <span class='ocrx_word' id='word_1_277' title='bbox 1697 2832 1730 2862; x_wconf 86' lang='lat' dir='ltr'><strong>et</strong></span> <span class='ocrx_word' id='word_1_278' title='bbox 1750 2829 1804 2862; x_wconf 83' lang='grc' dir='ltr'><strong>(Ιὶ-</strong></span> 
     </span>
     <span class='ocr_line' id='line_1_38' title="bbox 357 2874 1270 2922; baseline 0.004 -13"><span class='ocrx_word' id='word_1_279' title='bbox 357 2879 469 2910; x_wconf 83' lang='lat' dir='ltr'><strong>metro</strong></span> <span class='ocrx_word' id='word_1_280' title='bbox 489 2875 596 2910; x_wconf 84' lang='lat' dir='ltr'><strong>heroo</strong></span> <span class='ocrx_word' id='word_1_281' title='bbox 613 2875 658 2910; x_wconf 90' lang='lat' dir='ltr'><strong>A.</strong></span> <span class='ocrx_word' id='word_1_282' title='bbox 822 2880 836 2899; x_wconf 81' lang='lat' dir='ltr'><strong>s</strong></span> <span class='ocrx_word' id='word_1_283' title='bbox 858 2883 896 2910; x_wconf 89' lang='lat' dir='ltr'><strong>et</strong></span> <span class='ocrx_word' id='word_1_284' title='bbox 916 2874 1024 2922; x_wconf 82' lang='lat' dir='ltr'><strong>alter]</strong></span> <span class='ocrx_word' id='word_1_285' title='bbox 1049 2889 1091 2911; x_wconf 72' lang='lat' dir='ltr'><strong>er</strong></span> <span class='ocrx_word' id='word_1_286' title='bbox 1111 2878 1206 2913; x_wconf 82' lang='lat' dir='ltr'><strong>alter</strong></span> <span class='ocrx_word' id='word_1_287' title='bbox 1225 2879 1270 2913; x_wconf 89' lang='lat' dir='ltr'><strong>A.</strong></span> 
     </span>
    </p>
   </div>
  </div>
 </body>
</html>
