1962 3355
151 228 258 259 CAP.
282 222 323 258 1.
349 210 434 258 De
458 210 679 258 connexis
701 210 829 256 inter
846 225 898 256 se
915 215 1058 272 atque
1083 209 1360 255 inconnexis
1383 211 1460 271 (gc.
1505 217 1592 254 201

149 334 430 390 consideres,
456 333 514 379 ab
550 332 694 377 heroo
727 329 945 377 traducta
981 338 1107 386 sunt,
1144 341 1192 375 et
1228 327 1537 382 mehercules,
1563 327 1599 372 si

149 410 253 472 quis
277 419 501 456 excutere
523 408 711 472 penitus
736 408 862 465 velit,
886 407 1108 462 inveniet,
1134 415 1186 452 ut
1213 423 1350 468 supra
1376 404 1600 457 diximus,

148 486 311 532 omnia
335 503 504 549 genera
530 486 588 530 ab
615 485 891 530 hexametro
916 484 1061 529 heroo
1086 491 1133 528 et
1157 481 1371 528 trimetro
1394 480 1601 526 iambico

147 562 369 619 derivata,
396 580 502 609 cum
530 571 577 607 et
600 561 861 607 iambicum
892 559 1022 606 heroi
1061 559 1118 605 sit
1151 557 1488 612 traductivum,
1514 573 1601 602 nec

149 638 403 700 quicquam
432 638 531 684 sine
557 638 629 684 his
663 654 746 701 per
775 654 822 683 se
858 653 995 700 posse
1021 634 1323 681 ¹·subsistere:
1362 632 1501 687 unde,
1525 639 1602 677 Sut

147 713 373 771 diximus,
412 714 516 760 haec
552 713 647 759 duo
684 721 850 769 metra,
889 722 940 758 ut
975 712 1207 757 elementa
1246 720 1506 756 ceterorum
1548 726 1601 754 ac

149 789 325 836 semina
368 789 585 835 habenda
632 789 803 835 merito
842 807 895 836 ac
933 787 1131 834 dicenda
1171 795 1295 833 sunt.
1368 785 1488 832 Haec
1536 784 1600 830 ita
1621 803 1657 831 41

147 865 293 912 videri
325 876 467 928 atque
503 883 617 920 esse,
647 875 701 912 ut
735 865 961 919 diximus,
991 864 1026 910 si
1063 863 1272 909 studiosa
1306 862 1602 924 contempla-

148 942 277 988 tione
323 943 542 1006 exempla
590 960 696 1005 quae
740 950 1071 1005 proponuntur
1108 939 1375 996 adverteris,
1411 941 1603 1002 ¹⁵appro-

147 1019 296 1064 babis.
366 1019 494 1064 Nam
523 1028 782 1064 metrorum
811 1017 987 1080 species
1013 1034 1121 1062 cum
1157 1015 1339 1079 generis
1365 1014 1433 1060 sui
1462 1013 1603 1077 privi-

147 1094 272 1156 legio
310 1094 544 1140 distinctae
574 1095 681 1149 sint,
706 1103 866 1139 tamen
905 1093 1088 1138 misceri
1125 1092 1247 1137 inter
1282 1109 1330 1136 se
1367 1100 1508 1152 atque
1533 1089 1602 1135 di-

146 1170 289 1216 versis
314 1171 589 1217 communia
615 1169 734 1215 effici
762 1187 815 1214 ea
840 1168 1059 1214 videlicet
1082 1168 1278 1224 ratione,
1296 1185 1390 1229 qua
1415 1174 1601 1220 cuncta,

147 1253 200 1291 ut
223 1245 402 1292 dictum
432 1257 517 1301 est,
544 1264 601 1292 ex
628 1245 791 1291 eadem
820 1243 1000 1306 origine
1026 1253 1170 1305 atque
1196 1260 1291 1289 uno
1326 1243 1458 1287 fonte
1482 1241 1602 1287 deri-

145 1331 329 1380 ventur,
375 1322 442 1368 sic
489 1320 907 1386 conprehenditur.
978 1320 1208 1382 Legimus
1267 1318 1391 1382 apud
1448 1318 1602 1364 Hora·
1621 1338 1661 1367 42

145 1407 283 1455 tium,

345 1474 429 1522 Sic
453 1481 498 1521 te
523 1474 632 1520 α’ἱυα
649 1480 821 1536 potens
851 1471 1015 1536 Cypri.

148 1551 260 1597 Hoc
307 1550 603 1614 Glyconium
653 1559 858 1596 metrum
908 1548 1096 1605 dicitur,
1134 1547 1261 1610 quod
1310 1555 1496 1593 constat
1543 1564 1600 1592 ex

147 1627 372 1692 spondeo,
414 1627 707 1680 choriambo,
744 1634 790 1671 et
833 1624 1002 1670 ultimo
1044 1624 1284 1669 utrochaeo
1318 1624 1387 1668 vel
1433 1624 1598 1669 eodem

148 1703 387 1768 sponde03
415 1721 672 1750 commune
692 1703 782 1748 hoc
809 1719 908 1747 esse
930 1718 1037 1748 cum
1061 1701 1204 1746 heroo
1224 1700 1454 1756 trimetro,
1475 1699 1601 1762 quod

147 1788 330 1826 constat
366 1798 425 1827 ex
462 1780 688 1844 spondeO,
718 1787 789 1825 vet
824 1778 1010 1825 duobus
1048 1777 1266 1841 dactylis,
1291 1777 1473 1824 cunctis
1512 1777 1601 1822 win

147 1866 373 1921 promptu
399 1865 484 1902 est.
555 1856 697 1910 Item,

346 1932 588 1979 Maecenas
612 1932 768 1978 atavis
793 1931 918 1977 edite
940 1930 1138 1993 regibus

149 2007 272 2070 apud
296 2008 498 2055 eundem
524 2008 741 2072 lyricum.
779 2007 890 2053 Hoc
906 2005 1274 2069 Asclepiadeum
1296 2014 1500 2051 metrum
1522 2022 1602 2067 ap-
1620 2022 1659 2051 43

146 2084 363 2148 pellatur,
383 2084 507 2148 quod
528 2093 714 2131 constat
737 2101 795 2130 ex
816 2082 1059 2146 disyllabis
1079 2081 1235 2145 primo
1251 2091 1297 2128 et
1315 2081 1497 2127 extimo
1521 2098 1602 2144 pe-

146 2159 301 2218 dibUS,
321 2161 518 2207 Xmediis
543 2161 727 2207 duobus
753 2158 1055 2207 choriambis.
1096 2158 1207 2204 Hoc
1233 2175 1423 2220 quoque
1448 2174 1533 2221 par
1555 2166 1603 2203 et

147 2254 405 2284 commune
424 2255 523 2284 esse
539 2246 852 2301 pentametro,
867 2235 908 2281 ei
926 2234 1192 2291 dumtaxat,
1212 2235 1285 2280 cui
1304 2234 1600 2298 penultimus

147 2323 414 2377 anapaestus
451 2323 536 2370 est,
571 2331 713 2359 nemo
747 2312 1030 2358 ydubitabit.
1101 2312 1205 2358 Pari
1231 2311 1400 2357 Zmodo
1436 2320 1483 2355 et
1508 2320 1601 2355 tro—
1619 2327 1662 2355 44

147 2389 365 2436 chaicum
392 2389 599 2436 iambico
623 2389 961 2435 communione
987 2388 1109 2434 inter
1127 2405 1205 2434 eos
1223 2386 1445 2433 tribrachi
1468 2385 1601 2449 pedis

147 2465 332 2513 misceri
357 2466 573 2530 reperies,
594 2465 675 2528 qui
700 2465 930 2511 divisione
957 2465 1243 2511 alternarum
1269 2463 1415 2509 iambi
1442 2471 1490 2508 et
1508 2472 1601 2508 tro—

147 2542 266 2590 chaei
290 2544 535 2606 longarum
564 2542 793 2598 subsistit,
818 2550 871 2587 ut
896 2550 980 2599 est,

284 2619 390 2665 Tibi
411 2625 547 2666 vetus
571 2635 660 2665 ara
685 2617 833 2665 caluit
858 2617 1135 2681 aborigineo
1158 2615 1346 2664 sacello.

200 2776 216 2795 1·
235 2770 458 2817 consistere]
484 2768 681 2806 subsistere
701 2770 741 2806 P.
881 2776 895 2794 s
917 2768 973 2815 ut]
997 2776 1035 2805 et
1056 2768 1096 2804 P.
1235 2768 1245 2788 t
1267 2765 1506 2816 approbabis]
1532 2778 1596 2813 ap-

146 2822 312 2871 probaris
325 2823 364 2858 P.
438 2829 460 2849 ¹¹
476 2822 877 2873 trochaeo—spondeo]
895 2821 985 2871 Leg.
1000 2819 1402 2870 iambo—pyrrhichio.
1473 2825 1493 2844 V
1507 2818 1597 2853 duo-

145 2876 233 2923 bus]
257 2883 296 2912 et
314 2875 459 2912 duobus
479 2877 522 2914 P.
672 2883 702 2902 W
719 2877 757 2912 in
779 2876 947 2925 promtu]
971 2876 1189 2924 inprfiptum
1211 2874 1250 2909 P.
1406 2878 1425 2897 Χ
1447 2870 1592 2917 mediis]

146 2929 302 2977 pedibus
324 2929 454 2966 mediis
475 2931 515 2966 P.
624 2937 643 2964 Y
663 2927 866 2976 dubitabit]
891 2927 1072 2965 dubitavit
1085 2927 1125 2963 P.
1237 2934 1255 2952 z
1276 2925 1405 2971 modo]
1430 2936 1510 2959 inor
1529 2923 1569 2959 P.

841 2990 928 3037 nd
