1962 3355
124 212 229 244 cAP.
256 206 299 243 8.
562 196 642 242 De
666 199 949 240 tetrametro
972 209 1127 238 versu.

1483 197 1571 247 157

125 319 401 364 hexametro
424 316 568 362 heroo
592 315 650 362 ad
673 313 882 378 epodum
902 323 1178 360 convertens
1199 309 1309 356 satis
1329 318 1572 372 acceptam

123 393 314 439 auribus
349 409 449 438 rem
486 402 786 438 commentus
820 398 904 435 est.
976 388 1112 434 Idem
1153 387 1294 433 etiam
1328 384 1575 447 jungendo

123 469 247 514 inter
283 486 331 514 se
372 467 568 523 diversa,
605 483 725 512 nova
774 474 922 511 metra
969 463 1235 526 conposuit,
1272 479 1377 524 quae
1419 461 1576 507 Graeci

126 544 291 589 σύνθετα
329 553 375 590 et
409 543 603 589 ἀσύνθετα
638 542 892 606 appellant.
959 539 1178 585 Ἀσύυθετα
1213 537 1433 599 equidem
1472 554 1576 598 quae

125 619 336 680 ejusdem
363 629 474 665 sunt
498 619 697 682 generis,
723 617 885 663 σύνθετα
908 633 1019 662 vero
1051 632 1155 677 quae
1189 631 1246 659 ex
1283 613 1467 659 diverso
1500 629 1577 658 co-

124 695 362 759 pulantur.
434 694 562 757 Ergo
587 702 858 740 tetrameter
883 693 978 739 sive
1003 709 1160 738 versus
1191 690 1288 736 sive
1315 689 1575 736 hexametri

127 771 256 816 heroi
282 779 411 816 tome
442 771 606 816 tertia:
643 786 750 816 nam
780 778 886 833 post
909 768 1026 814 duas
1056 767 1306 814 incisiones
1339 766 1438 827 ejus
1469 783 1576 829 pro-

125 846 268 910 prias,
321 845 368 891 id
420 857 490 893 est
542 846 953 910 penthemimeren
1009 853 1056 890 et
1113 842 1577 906 hephthemimeren‚

127 922 265 968 tertia
301 931 372 968 est
410 940 479 980 ea,
504 940 645 984 quam
689 922 925 978 βουκολικὴυ
961 920 1228 983 appellant;
1266 935 1370 981 quae
1412 926 1579 980 quarto

127 998 247 1062 pede
273 1015 460 1062 semper
485 1016 676 1044 sensum
703 997 954 1044 claudente
982 995 1304 1058 distinguitur,
1328 994 1529 1056 ideoque
1555 1012 1580 1040 a

130 1074 312 1120 Graecis
338 1075 404 1120 sic
430 1075 708 1138 appellatur,
733 1073 860 1136 quod
885 1071 1084 1119 bucolici
1119 1071 1339 1117 carminis
1370 1071 1472 1116 haec
1503 1070 1577 1116 lex

130 1151 204 1205 sit,
240 1160 294 1196 ut
317 1167 476 1195 versus
512 1151 611 1212 ejus
649 1168 702 1197 ea
742 1150 1068 1196 observatione
1108 1147 1350 1202 formetur,
1387 1156 1440 1192 ut
1472 1157 1580 1193 ante

128 1226 246 1272 duos
271 1225 464 1271 ultimos
489 1234 657 1287 quarto
681 1224 801 1288 pede
834 1225 1056 1270 terminet
1092 1233 1173 1269 aut
1199 1232 1380 1286 partem
1412 1224 1582 1269 oratio-

131 1301 202 1347 nis
228 1310 308 1347 aut
332 1318 540 1357 sensum,
564 1318 707 1363 quam
745 1301 899 1364 legem
936 1317 1018 1363 per
1050 1317 1192 1345 omne
1228 1317 1345 1362 opus
1381 1299 1450 1344 sui
1487 1316 1583 1345 car-

131 1377 273 1423 minis
288 1376 570 1423 Theocritus
595 1375 1158 1441 Syracusanus‚exceptis
1178 1375 1327 1421 tribus
1354 1383 1434 1420 aut
1449 1384 1584 1436 quat-

130 1462 238 1499 tuor
260 1453 407 1499 ferme
432 1453 658 1510 versibus,
685 1454 730 1510 (e
755 1453 927 1514 quibus
953 1460 1077 1506 sunt,

263 1528 487 1590 ἕἈμφῶες,
511 1529 728 1590 νεοτευχές,
754 1528 811 1576 ’ἔτι
834 1531 1054 1590 «γλυφάνοιο
1079 1535 1102 1565 g
1111 1526 1311 1573 ποτᾶσὸσν.

131 1605 212 1663 Et,

265 1689 348 1735 τοῖς
372 1683 412 1729 δὲ
435 1683 543 1743 μέτα
566 1681 759 1744 hypmezssq
782 1703 827 1727 τε
851 1680 988 1743 Ῑγέρων
1012 1678 1078 1726 καὶ
1101 1680 1227 1742 πέτρα
1249 1680 1473 1738 τέτυκται.)

133 1759 353 1805 custodit.
401 1759 467 1805 At
491 1769 650 1805 noster
675 1759 815 1805 Maro
841 1757 966 1804 haud
991 1757 1072 1813 ita,
1092 1755 1250 1818 kquod
1275 1765 1433 1801 utrum
1461 1772 1587 1800 scru-
1604 1796 1614 1804 .

134 1836 356 1898 pulosum
400 1853 455 1880 an
504 1852 847 1896 supervacuum
889 1832 1092 1883 duxerit,
1132 1832 1234 1894 ipse
1279 1830 1418 1883 norit,
1460 1829 1585 1892 quod

190 1983 207 2001 e
227 1976 325 2024 quae]
348 1974 497 2024 quidem
518 1987 599 2024 quae
620 1975 659 2010 P.

137 2030 233 2064 όσὲων
256 2029 293 2064 Ρ.

137 2094 242 2118 ‘tecua
260 2094 366 2131 ‘tyery
367 2089 419 2117 κῑε
439 2081 479 2116 Ρ.

770 1972 785 1998 f
801 1974 954 2022 ἀμφωες]
966 1977 1105 2050 ἰάμφῶα
1126 1972 1165 2007 P.

419 2026 601 2075 11’γριπειῖς]
627 2043 748 2075 τριπους
770 2027 810 2062 P.
966 2027 1090 2073 ῙὙέρων
1109 2026 1164 2060 καὶ
1183 2026 1287 2071 πέτρα,
1307 2023 1482 2068 τέτυκται]
1504 2039 1591 2071 γερον

590 2078 610 2105 k
631 2080 746 2128 quod]
769 2079 832 2128 qui
853 2079 892 2114 P.

1281 1978 1302 2006 g
1320 1970 1486 2016 ποτοσδον]
1508 1986 1588 2005 ποτ-

194 2227 230 2252 2.
274 2214 452 2261 bucolici]
495 2212 675 2262 Exceptis
715 2212 830 2249 tribus

138 2276 202 2305 aut
221 2277 390 2318 quatuor,
405 2268 640 2303 observatum
660 2266 696 2302 in
716 2267 828 2303 buco-

138 2321 218 2358 licis
248 2320 453 2370 saepissiine
480 2320 530 2356 ita
556 2319 731 2369 componi
755 2332 831 2356 ver-

140 2387 201 2410 sus
231 2383 273 2410 ut
301 2381 432 2422 quarto
463 2386 609 2422 semper
636 2373 741 2422 pede,
769 2373 832 2421 qui

139 2427 358 2476 plerumque
370 2426 537 2476 dactylus
553 2435 661 2468 esset,
681 2427 831 2462 verbum

140 2479 332 2521 finiretur;
354 2480 417 2515 sed
440 2487 564 2515 tamen
587 2492 632 2515 ne
650 2479 832 2515 Theocri-

141 2542 202 2569 tus
240 2531 390 2581 quidem
428 2531 480 2568 ita
517 2540 734 2568 constanter
763 2532 834 2568 hoc

141 2585 361 2627 observavit,
384 2593 425 2621 ut
445 2598 520 2621 non
546 2584 617 2620 nisi
647 2585 686 2620 in
719 2585 833 2621 tribus

141 2646 206 2674 aut
238 2646 396 2687 quatuor
423 2637 583 2674 versibus
619 2637 833 2686 neglexerit,

143 2699 184 2727 ut
203 2690 294 2726 dicit
313 2691 448 2727 author
474 2699 611 2726 noster.
668 2690 768 2726 Nam
789 2690 834 2726 de

142 2743 262 2792 primo
286 2744 411 2779 statim
440 2743 579 2792 idyssio,
602 2743 703 2791 quod
731 2743 834 2792 pueri

142 2796 330 2845 quondam
388 2796 657 2836 ediscebamus‚
714 2796 836 2845 plures

144 2848 269 2884 statim
303 2857 520 2898 suppetunt,
553 2858 593 2885 ut
621 2848 703 2892 iste,
728 2854 837 2896 καρπῷ

144 2901 213 2943 ἕλιξ
232 2906 368 2937 εἱλεῖται
388 2903 603 2949 ἀγαλλομένα
617 2902 783 2950 κροκόεντι,
800 2909 838 2937 et

899 2212 961 2262 qui
982 2211 1109 2249 statim
1132 2212 1231 2248 hunc
1251 2211 1430 2260 sequitur,
1447 2210 1592 2247 ἔντοσθεν

899 2268 931 2301 δὲ
950 2269 1032 2313 γυνά
1051 2282 1098 2306 τις
1118 2268 1192 2301 θεων
1211 2263 1358 2313 ἄγαλμα
1381 2265 1589 2311 (δαίδαλμα)

1097 2319 1194 2355 Item
1216 2331 1300 2354 mox
1317 2326 1390 2354 tres
1408 2317 1591 2359 continui,

899 2373 1018 2407 Τυτθοιι
1039 2372 1094 2408 δ’“
1079 2387 1174 2407 οσσον
1193 2371 1317 2407 ἄπωθεν
1335 2374 1516 2419 αλιτρύτοιο
1535 2372 1594 2416 Ὑέ-

900 2440 1000 2473 ροντος
1023 2422 1028 2474 Ι
1054 2426 1216 2472 πυρναίαις
1244 2429 1457 2472 σταφυλαῒσι
1496 2424 1595 2458 καλὲν

901 2479 1047 2526 βέβριθεν
1066 2480 1161 2512 ἀλωὰ
1185 2475 1190 2527 Ι
1215 2480 1278 2512 τὰν
1301 2479 1404 2523 ὀλίγος
1430 2477 1478 2517 τὶς
1505 2480 1596 2523 κῶρος

902 2530 960 2589 ἐφ’.
993 2534 1191 2576 αἱμασιαισι
1219 2532 1400 2579 φυλάσσει.
1456 2528 1594 2564 Nullus

902 2582 1002 2619 enim
1035 2583 1166 2619 horum
1200 2583 1243 2619 iis
1271 2581 1401 2618 similis
1432 2594 1524 2630 quos
1550 2581 1595 2616 de

902 2636 1010 2672 initio
1034 2635 1143 2683 hujus
1173 2635 1287 2685 idyllii
1316 2635 1352 2671 in
1383 2633 1594 2683 exemplum

902 2689 1092 2725 adducens
1117 2677 1364 2725 Terentianus
1397 2687 1449 2723 sic
1483 2686 1595 2722 inter-

904 2750 1070 2792 pretatus
1107 2749 1191 2777 est.
1242 2742 1366 2777 Dulce
1399 2741 1462 2776 tibi
1489 2741 1596 2786 pinus

903 2796 1182 2838 submurmurat,
1222 2807 1264 2829 en
1314 2794 1376 2829 tibi
1415 2797 1543 2839 postor
1566 2789 1572 2840 Ι

906 2849 1079 2883 Proxima
1099 2847 1293 2894 fonticulis
1325 2851 1358 2881 et
1392 2850 1429 2879 tu
1460 2856 1597 2890 quoque

905 2902 1025 2936 dulcia
1041 2901 1183 2947 pangis,
1214 2898 1409 2935 CAMER.

899 2334 1067 2354 TeTvKTab.
