1962 3355
365 194 459 232 442
946 181 1202 229 Diomedis
1625 191 1721 223 LIB.
1741 190 1816 221 111.

367 306 470 353 θείων
514 328 559 353 τε
605 303 671 352 καὶ
713 308 876 368 ἡρωϊκῶν
924 303 990 350 καὶ
1036 302 1264 365 ἀνθρωπίνων
1307 300 1564 363 πραγμάτων.
1647 295 1818 342 Latine

368 383 510 447 paulo
543 382 844 428 communius
881 397 1069 427 carmen
1103 377 1336 424 kauditur.
1405 373 1535 436 Epos
1570 371 1816 418 ¹Latinum

370 458 550 522 primus
575 458 718 521 digne
754 457 938 521 scripsit
971 457 1025 509 is,
1061 453 1184 515 mqui
1222 469 1292 496 res
1330 449 1658 495 Romanorum
1684 461 1819 492 XVIII

370 534 649 597 complexus
697 542 767 579 est
825 533 971 587 libris,
1016 529 1097 592 qui
1145 538 1191 574 et
1237 526 1447 573 Annales
1507 524 1822 578 ”scribuntim

372 610 496 672 quod
547 609 865 672 0singulorum
914 606 1009 651 fere
1068 621 1298 650 annorum
1360 611 1490 648 actus
1537 600 1824 654 contineant,

371 687 525 733 Psicut
548 684 726 749 publici
763 683 967 736 annales,
993 698 1110 744 quos
1146 680 1395 744 pontifices
1432 677 1690 738 scribaeque
1715 693 1825 721 con-

373 762 541 808 ficiunt
565 760 665 805 qvel
692 758 941 812 Romanis,
968 757 1093 820 quod
1122 757 1446 802 Romanorum
1474 772 1544 800 res
1570 762 1723 816 gestas
1748 751 1827 797 de-

336 839 565 886 3clarant.
632 834 762 898 Epos
811 843 966 879 autem
1019 833 1295 896 appellatur,
1338 841 1390 878 ut
1431 830 1608 878 Graecis
1655 830 1827 893 placet,

375 912 506 974 Γ’γι-οιρέι
539 911 583 957 τὸ
613 911 774 957 ἕπεσθαι
809 910 844 956 ἒν
875 910 980 973 αὐτῷ
1016 910 1068 955 τὰ
1101 911 1186 966 ἑξῆς
1217 910 1316 970 μέρη
1347 915 1429 959 τοῖς
1456 907 1634 969 πρώτοις.
1704 905 1828 951 Prae-

375 988 514 1052 cipue
549 1005 660 1033 vero
702 987 978 1033 hexameter
1018 1003 1176 1031 versus
1210 1003 1322 1047 epos
1358 983 1544 1039 dicitur,
1580 981 1828 1044 Squoniam

377 1064 571 1127 quidem
603 1064 694 1110 hoc
724 1080 856 1109 versu
896 1063 1035 1108 verba
1066 1060 1275 1125 responsi
1313 1060 1360 1105 in
1398 1068 1634 1114 mutuam>
1658 1059 1734 1103 tut
1765 1057 1831 1102 sic

377 1140 592 1198 dixerim,
628 1138 1014 1202 consequentiam
1058 1138 1239 1198 primus
1280 1137 1414 1183 Deus
1453 1145 1580 1182 vates
1617 1151 1832 1197 compre-

378 1217 560 1273 hendit‚
584 1215 710 1262 unde
746 1224 908 1278 postea
934 1215 1125 1260 abusive
1150 1214 1361 1267 verbum,
1388 1221 1435 1257 et
1462 1211 1626 1257 solutae
1661 1209 1834 1256 oratio-

380 1294 450 1339 nis
476 1293 577 1357 ipsa
603 1292 831 1355 scriptura
857 1307 1164 1352 consequens,
1189 1290 1247 1335 ab
1273 1288 1374 1335 aliis
1400 1305 1511 1352 epos
1537 1287 1734 1334 dictum.

340 1389 361 1418 4
443 1368 643 1432 Ῥαψῳδῖα
677 1367 880 1413 ‘'d-icitur·
916 1367 1085 1413 Graece
1118 1367 1309 1422 ποιήσεως
1339 1365 1470 1427 μέρος,
1505 1363 1660 1426 aliqua
1694 1361 1835 1426 parti-

380 1445 485 1491 cula
525 1443 728 1490 discreta
776 1452 917 1504 atquc
958 1441 1171 1495 divulsa;
1213 1441 1340 1487 dicta
1383 1441 1528 1502 thapa
1571 1439 1615 1485 τὸ
1658 1443 1834 1502 ῥάπτειν,

381 1520 507 1584 quod
550 1537 707 1566 versus
750 1519 798 1565 in
848 1536 993 1564 unum
1040 1518 1258 1563 volumen
1298 1518 1426 1564 velut
1463 1526 1750 1563 consuantur
1790 1525 1836 1562 et

434 1684 456 1711 k
477 1684 643 1731 auditur]
665 1686 768 1720 audit
790 1685 941 1720 Santen.
963 1684 1115 1719 Terent.
1139 1684 1261 1718 Maur.
1282 1696 1317 1731 p.
1342 1694 1386 1729 23
1400 1695 1430 1718 1.
1554 1681 1565 1708 l
1587 1681 1736 1728 Latine]
1762 1682 1838 1717 La-

383 1742 496 1775 tinum
520 1739 615 1774 A.B.
648 1738 795 1773 Latium
817 1738 860 1772 C.
1014 1744 1045 1762 m
1075 1736 1221 1785 scripsit
1250 1735 1375 1771 Livius
1405 1735 1434 1771 is
1464 1734 1526 1783 qui
1555 1735 1834 1781 Romanorum]

382 1793 521 1828 scribsit
553 1792 709 1838 (scripsit
736 1791 845 1836 ΒΕ.)
879 1791 906 1825 is
936 1791 1073 1836 quires
1100 1791 1346 1825 Romanorum
1375 1789 1469 1824 AB.
1502 1790 1563 1835 qui
1594 1789 1639 1823 R.
1666 1792 1768 1835 gesta
1794 1787 1838 1824 C.

381 1846 472 1881 Non
496 1845 542 1881 de
562 1843 666 1880 Livio
687 1843 751 1879 sed
773 1843 818 1879 de
840 1843 966 1879 Ennio
988 1842 1046 1890 agi
1067 1842 1157 1878 vidit
1179 1841 1344 1877 Vossius.
1376 1842 1447 1877 Pro
1468 1853 1574 1877 xv111
1597 1842 1655 1878 Sc.
1677 1843 1712 1877 in
1733 1842 1837 1889 quin-

383 1900 495 1934 decim
605 1904 625 1922 n
645 1896 918 1944 inscribuntur]
943 1896 1147 1931 scribuntur
1165 1896 1307 1932 ΑΒΕ.
1330 1896 1426 1930 Ven.
1541 1901 1559 1920 0
1580 1893 1654 1930 fere
1673 1893 1840 1944 singulo-

384 1952 483 1998 rum]
508 1951 728 1997 singulorum
739 1949 826 1998 fere
842 1950 984 1985 A.B.C.
1095 1955 1114 1983 P
1131 1950 1184 1985 sic
1206 1949 1310 1997 puta]
1333 1950 1423 1983 sicut
1441 1949 1575 1995 publici
1598 1948 1756 1995 (puplici
1770 1946 1838 1994 A.)

384 2004 477 2041 AB.
507 2006 599 2039 sicut
614 2002 689 2051 pptz·
708 2005 749 2039 C.
779 2005 870 2038 sicut
885 2007 979 2050 puta
1000 2002 1098 2039 Ven.
1209 2009 1230 2036 q
1250 2002 1295 2038 de
1315 2001 1497 2037 Romanis
1513 2001 1574 2050 qui
1596 1999 1763 2050 quidem]
1786 2001 1842 2036 vel

388 2058 561 2093 Romanis
581 2057 675 2104 quod
695 2056 789 2092 AB.
819 2056 916 2091 Tum
939 2060 1097 2102 regestas
1116 2056 1279 2091 declarat
1298 2055 1345 2090 Β.
1378 2055 1440 2090 De
1460 2055 1636 2090 Romanis
1656 2055 1749 2101 quod
1768 2053 1843 2089 Ro-

386 2122 572 2146 manorum
602 2122 656 2145 res
683 2115 802 2156 gestas
821 2110 984 2144 declarat
1003 2110 1044 2144 C.
1075 2110 1118 2144 (Ie
1140 2109 1314 2144 Romanis
1333 2109 1474 2154 quidem
1495 2107 1589 2143 Ven.
1638 2107 1673 2141 V
1675 2107 1761 2142 erba
1781 2105 1843 2141 illa

387 2164 443 2199 vel
465 2164 638 2198 Romanis
657 2170 730 2198 etc.
753 2161 911 2198 delenda
930 2169 1058 2198 censet
1075 2160 1269 2210 Scioppius
1286 2160 1395 2209 Susp.
1414 2160 1536 2196 Lectt.
1550 2161 1598 2196 V.
1618 2172 1675 2195 10.
1694 2173 1729 2218 p.
1751 2159 1840 2195 262.

386 2224 429 2251 ut
447 2215 608 2264 glossam
631 2225 856 2263 reSlpoentla.
1013 2221 1027 2239 Γ
1047 2217 1134 2261 παρὰ
1159 2215 1194 2249 τὸ
1214 2213 1276 2249 ἕπω
1297 2229 1333 2249 το
1353 2214 1449 2260 λε’γω.
1482 2212 1633 2261 Proprle
1654 2225 1753 2248 enlm
1774 2228 1828 2247 ewa
1818 2228 1843 2253 ς

389 2276 446 2304 est
465 2267 618 2315 ἔμμετρος
645 2275 680 2302 λα
668 2268 736 2314 ἄγος
763 2267 818 2302 vel
845 2267 941 2302 ἀκόλο
945 2267 1025 2312 ιθος]
1054 2279 1149 2313 para
1177 2272 1212 2301 to
1235 2278 1333 2312 epese
1359 2278 1401 2301 en
1427 2270 1513 2301 aulo
1543 2268 1595 2300 ita
1619 2277 1698 2300 eaes
1722 2267 1844 2300 metris

383 2326 510 2369 protys
530 2321 573 2355 A.
606 2320 844 2369 Repetuntur
865 2320 941 2355 haec
962 2318 998 2354 in
1018 2320 1114 2354 AB.
1136 2327 1220 2367 post
1239 2319 1409 2354 volabant
1429 2318 1503 2354 sic:
1532 2324 1666 2365 parato
1686 2330 1766 2365 epes
1786 2318 1845 2353 the

390 2387 433 2410 en
455 2379 541 2409 auto
560 2375 633 2408 icta
653 2385 731 2408 ea’es
746 2385 840 2407 mere
854 2377 889 2407 to
911 2374 938 2406 is
954 2373 1103 2418 protois.
1133 2372 1178 2407 In
1195 2372 1241 2407 Β.
1255 2370 1306 2407 sic
1323 2387 1329 2406 :
1359 2384 1453 2418 para
1470 2376 1504 2406 to
1520 2384 1642 2418 epesae
1662 2383 1704 2406 ae
1719 2375 1842 2407 naute.

390 2429 443 2462 ita
474 2438 516 2461 ex
551 2438 586 2460 es
617 2427 757 2460 meretis
780 2430 916 2472 protys.
966 2423 1051 2459 Vid.
1089 2425 1242 2459 Santen.
1277 2423 1322 2459 ad
1356 2424 1508 2460 Terent.
1539 2424 1662 2459 Maur.
1693 2436 1730 2472 p.
1756 2435 1844 2470 224.

389 2481 534 2515 ακλουθω
556 2478 650 2513 Ven.
788 2484 802 2502 s
832 2475 1008 2525 quoniam
1039 2477 1112 2512 hoc
1141 2489 1245 2512 versu
1267 2477 1375 2513 verba
1397 2478 1621 2526 respondent
1640 2484 1782 2519 mutuo,
1804 2485 1846 2513 ut

391 2531 443 2568 sic
480 2529 646 2566 dixerim.
696 2529 898 2565 Poematos
933 2530 1163 2565 characteres
1200 2538 1288 2565 sunt
1327 2530 1376 2572 hi,
1406 2532 1533 2577 μακρὲς,
1569 2532 1705 2578 βραχὺς,
1735 2530 1844 2575 μέσος,

391 2584 533 2632 ἅνθηρος]
564 2584 729 2630 quoniam
761 2584 898 2629 quidem
928 2582 992 2617 hoc
1017 2594 1119 2618 versu
1150 2584 1257 2618 verba
1287 2585 1442 2630 responsi
1477 2585 1510 2618 in
1542 2588 1703 2618 mutuam¹
1730 2587 1770 2618 ut
1797 2584 1847 2618 sic

391 2639 552 2673 dixerim.
603 2637 794 2671 Poematzis
822 2637 1023 2682 (poematos
1047 2635 1107 2682 B.)
1132 2640 1330 2672 caracteres
1358 2641 1440 2671 sunt
1461 2637 1497 2671 hi
1518 2636 1657 2672 brachis
1684 2636 1847 2671 machros

396 2692 550 2737 (macros
563 2689 624 2735 B.)
641 2689 732 2724 AB.
755 2690 922 2735 quoniam
937 2689 1168 2735 quidem—in
1187 2695 1351 2725 'mutuum
1367 2694 1408 2725 nt
1427 2692 1476 2725 sic
1491 2691 1652 2725 dixerim.
1670 2689 1848 2736 poematis

394 2744 451 2779 ch.
473 2743 516 2777 C.
626 2740 641 2766 t
660 2748 701 2776 ut
721 2740 772 2776 sic
792 2740 962 2788 dixerim]
987 2747 1028 2777 ut
1047 2743 1095 2776 sic
1115 2744 1261 2777 dixerim
1280 2744 1577 2789 consequentiam.
1604 2743 1743 2789 primus
1762 2742 1848 2776 deus

393 2801 492 2832 vates
520 2802 590 2831 etc.
620 2795 662 2830 A.
689 2793 759 2829 loc.
787 2805 857 2829 sec.
1022 2801 1042 2819 v
1071 2796 1203 2831 (licitur
1227 2796 1378 2838 ποιήσεως
1402 2796 1544 2842 aliqua]
1577 2796 1710 2830 dicitur
1733 2806 1848 2840 graece

388 2848 541 2897 pijeseos
559 2859 672 2882 *meros
692 2848 815 2893 aliqua
833 2846 921 2882 AC.
1087 2854 1113 2871 w
1133 2850 1220 2895 παρὰ
1241 2849 1275 2883 τὶ
1296 2849 1444 2894 ῥάπτειν]
1465 2861 1557 2894 para
1580 2853 1615 2882 to
1634 2849 1735 2893 aptin
1755 2848 1845 2882 A.C.

390 2915 485 2948 para
507 2906 542 2936 to
557 2901 689 2947 paptin
708 2900 753 2935 Β.
