1962 3355
346 242 433 279 122
853 232 1013 280 Marii
1042 233 1095 280 V
1090 233 1283 280 ictor-ini
1619 248 1714 279 ΜΒ.
1742 249 1797 278 11.

343 354 511 400 minori
550 363 707 400 autem
735 353 886 400 Pintcr
910 354 1042 400 initia
1068 372 1257 418 ponere,
1282 364 1327 400 et
1353 372 1516 401 cavere
1541 372 1601 399 ne
1626 354 1672 399 in
1702 370 1798 398 me-

342 430 517 476 dietate
563 431 831 476 collocetur.
902 430 1092 493 Recipit
1143 431 1231 476 hoc
1286 441 1487 476 metrum
1537 429 1797 476 trochaicas

342 513 519 568 masos,
544 511 589 557 id
613 521 683 557 est
708 511 948 574 duplicem
976 512 1255 569 trochaeum,
1279 513 1359 574 qui
1386 511 1585 557 totidem
1612 520 1798 573 tempo-

344 605 446 633 rum
473 597 559 644 est,
577 588 699 633 sicut
715 596 786 633 ¹'et
806 587 1030 633 iambicas
1057 589 1191 633 bases
1217 587 1619 633 Schoriambicum
1644 595 1691 632 et
1716 604 1798 631 an-

343 664 656 726 tispasticum‚
681 663 806 724 quod
840 663 939 707 fieri
966 663 1147 717 dicunt,
1181 662 1258 708 sed
1286 671 1334 708 et
1357 671 1542 719 vocant,
1567 663 1671 708 κατὰ
1693 684 1799 722 συμ-

308 759 319 787 7
342 742 516 784 πάθειαν.
586 738 816 783 Similiter
840 746 1133 800 anapaestum
1159 747 1205 783 et
1229 738 1559 801 pyrrhichium
1586 738 1797 799 gemina-

342 824 413 860 tos
447 815 628 877 recipit,
667 814 861 874 adaeque
900 821 947 858 et
986 814 1258 877 tribrachyn
1298 831 1407 860 cum
1448 814 1673 867 trochaeo,
1714 831 1796 860 seu

342 899 504 935 contra
540 898 724 934 mutato
759 889 867 944 situ,
900 889 1098 934 sociatos
1129 889 1380 936 dumtaxat
1413 889 1636 947 admittit,
1671 890 1797 952 quod

343 966 409 1018 fit,
457 973 511 1009 ut
558 981 696 1027 supra
744 963 1054 1021 ostendimus,
1100 983 1208 1011 cum
1259 967 1411 1028 longas
1460 966 1704 1011 solvuntur
1751 965 1797 1010 in

343 1042 517 1094 breves,
552 1040 696 1086 etiam
737 1040 782 1084 in
826 1039 1065 1086 trochaica
1102 1041 1451 1104 conjugatione,
1480 1059 1624 1103 quam
1661 1040 1798 1086 fami—

342 1117 516 1162 liariter
544 1115 759 1178 suscipit,
784 1133 889 1178 quae
926 1115 1196 1179 conjugatio
1232 1117 1403 1181 pedem
1441 1117 1798 1180 tetrasyllabum

339 1193 673 1248 ditrochaeum,
700 1191 744 1237 id
782 1201 852 1237 est
883 1192 1124 1255 duplicem
1162 1194 1440 1250 trochaeum,
1466 1210 1606 1256 quem
1637 1192 1801 1238 dicho-

341 1269 462 1314 rium
490 1268 535 1313 in
558 1267 756 1313 Oratore
776 1267 942 1314 Cicero
968 1277 1125 1314 noster
1144 1270 1365 1334 appellat,
1385 1270 1541 1316 efficit.
1580 1269 1798 1316 Ionicum

341 1355 542 1391 metrum
571 1345 764 1406 quidam
800 1347 850 1390 ta
887 1363 1056 1409 genere
1082 1345 1334 1392 hominum
1360 1345 1643 1392 vocabulum
1672 1361 1802 1390 acce-

340 1422 465 1485 pisse
489 1421 837 1477 existimarunt,
863 1421 988 1483 quod
1016 1421 1061 1466 in
1089 1422 1318 1484 rhythmo
1342 1431 1389 1468 et
1413 1422 1523 1467 satis
1560 1421 1797 1484 prolixum

340 1508 386 1544 et
413 1499 523 1544 satis
552 1499 709 1555 molle,
736 1498 858 1544 sicut
882 1497 1092 1559 ejusdem
1116 1498 1268 1561 gentis
1289 1498 1506 1544 homines
1527 1497 1801 1543 adseveran-

302 1594 320 1621 s
341 1584 429 1620 tur.
501 1573 754 1620 Scanditur
778 1583 935 1620 autem
970 1592 1050 1637 per
1075 1573 1318 1637 dipodias:
1356 1574 1442 1620 erit
1479 1573 1622 1636 igitur
1658 1571 1800 1632 liujus

342 1659 694 1696 monometrum
722 1650 1034 1695 acatalectum
1063 1650 1170 1706 tale,

470 1726 685 1773 Plzoebus
710 1744 873 1773 comes.

342 1803 817 1866 Hypercatalectum‚

472 1879 576 1924 Per
600 1878 896 1925 vLezccadice.

338 1955 611 2002 Dimetrum
641 1963 818 2011 autem,

471 2032 676 2078 Hostem
702 2038 867 2095 tegere
892 2039 961 2078 est
977 2039 1203 2094 paratus.

340 2107 499 2167 Hujus
527 2108 1010 2171 brachycatalectum²

475 2184 619 2230 Veris
645 2202 775 2231 coma
781 2184 990 2249 florens.

299 2281 318 2310 9
337 2259 625 2304 Trimetrum
653 2276 763 2305 vero
787 2261 1115 2317 acatalectum‚

470 2333 676 2381 Hostem
701 2342 864 2399 tegere
889 2343 959 2382 est
978 2344 1186 2399 paratus
1212 2344 1257 2383 et
1279 2343 1378 2383 stat
1401 2337 1514 2399 ipse.

341 2411 501 2472 Hujus
530 2411 986 2475 hypercatalectum‚

475 2487 582 2533 Lea?
605 2487 820 2551 hcecficit
843 2489 956 2535 olim
974 2506 1241 2551 puerorum
1267 2488 1524 2551 Stephano.

338 2563 688 2610 Tetrametrum
717 2573 875 2611 autem
905 2566 1385 2629 brachycatalectum,
1410 2575 1476 2620 ut,

471 2638 674 2686 Hostem
699 2647 864 2704 tegere
889 2649 958 2687 est
976 2648 1186 2704 paratus
1209 2650 1238 2670 w
1250 2648 1295 2688 et
1318 2648 1417 2688 stat
1441 2643 1542 2704 ipse
1566 2643 1734 2689 nudus.

392 2788 411 2815 P
433 2779 545 2829 intra]
569 2780 666 2817 inter
685 2782 728 2817 P.
803 2789 823 2816 q
843 2783 966 2830 bases]
993 2784 1088 2819 basis
1112 2785 1151 2820 1’.
1173 2793 1210 2820 et
1231 2784 1295 2821 inf.
1380 2794 1392 2812 ¹·
1413 2785 1585 2832 iambica]
1609 2795 1646 2823 et
1666 2787 1795 2824 iambi-

337 2847 398 2869 cas
419 2834 459 2869 P.
554 2840 568 2859 S
589 2833 877 2870 choriambicum
900 2845 936 2871 et
957 2838 1235 2884 anapaesticam]
1260 2837 1551 2874 choriambicum
1574 2847 1610 2875 et
1629 2839 1795 2889 antispa-

338 2887 471 2923 sticum
498 2886 538 2922 P.
676 2886 690 2912 ἵ
708 2900 729 2922 a
744 2889 898 2937 genere]
923 2902 1058 2938 genere
1079 2890 1117 2925 P.
1266 2897 1284 2915 v
1305 2890 1517 2939 Leucadiae]
1543 2892 1732 2929 Leucadia
1753 2894 1794 2930 P.

337 2947 365 2964 w
387 2947 443 2975 est
463 2941 517 2987 et]
543 2948 582 2976 et
601 2947 676 2976 stat
697 2940 737 2976 P.
