1962 3355
344 172 439 219 260
905 175 1065 221 ,Marii
1087 175 1245 222 Plotiz'

538 300 666 357 Χαῖρε
689 295 785 350 ἄναξ
809 295 921 358 ἕταρε
949 297 1088 352 ζαθέας
1111 299 1247 359 μάκαρ
1272 296 1395 353 ἥβας.

343 369 513 416 Latina
551 371 769 434 exempla
797 371 896 417 haec
923 382 1058 418 sunt:
1098 379 1323 433 quattuor
1358 371 1534 434 dactyli
1571 381 1618 418 et
1653 391 1794 437 spon-

340 445 471 503 deus,
498 455 552 492 ut
576 455 659 503 est,

511 521 724 562 iFulmine
745 537 903 578 magna
923 523 1167 576 Jovisfierz't
1186 523 1341 577 oppida
1355 523 1536 578 grandi.

278 604 320 636 49
339 603 562 656 quattuor
606 595 781 659 dactyli
831 607 878 640 et
924 595 1212 658 pariambus,
1259 596 1305 641 id
1353 605 1423 642 est
1477 597 1794 660 pyrrhichiuS,

339 669 396 715 ku
497 680 514 716 t

403 681 420 716 t
444 689 492 716 es
507 707 604 790 jpse
618 742 742 791 pater
763 742 876 776 tuam
897 737 1098 791 ‘Iuppiter
1117 738 1234 792 erige
1254 738 1429 778 domum.

335 827 558 879 quattuor
583 818 759 882 dactyli
787 828 833 864 et
858 819 1110 875 trochaeus,
1139 830 1203 874 ut,

507 895 770 935 Culminibus
791 897 1001 950 crepitans
1022 903 1143 937 sonat
1161 897 1335 937 horrida
1351 898 1539 954 grando.

335 976 558 1029 quattuor
582 967 757 1030 dactyli
785 978 832 1014 et
857 969 1058 1024 iambus,
1084 983 1138 1015 ut
1162 981 1246 1024 est,

505 1044 717 1098 Agricolis
739 1043 850 1084 dedit
871 1046 1009 1084 omnia
1032 1045 1171 1085 dulcia
1194 1047 1330 1086 Ceres.

337 1114 470 1160 Huic
506 1126 671 1173 metro,
696 1115 742 1161 id
777 1126 847 1162 est
884 1116 1102 1174 SimmiO,
1128 1128 1330 1164 metrum
1358 1118 1603 1164 AEolicum
1630 1118 1793 1181 dacty-

335 1189 477 1236 licum
523 1191 818 1255 Sapphicum
856 1193 1142 1239 contrarium
1179 1205 1261 1240 est.
1331 1194 1458 1239 Nam
1502 1194 1731 1257 incipiens
1765 1213 1791 1240 a

333 1266 454 1329 pede
478 1267 711 1330 disyllabo
747 1268 919 1314 desinit
956 1269 1001 1314 in
1036 1268 1266 1333 ¹dactylos
1292 1280 1528 1331 quattuor,
1555 1270 1675 1316 sicut
1709 1288 1790 1316 ex-

333 1343 502 1406 emplis
527 1343 819 1390 docebimus.

273 1497 314 1527 50
392 1484 476 1530 De
499 1493 648 1532 metro
673 1486 876 1534 AEolz’eo
902 1488 1140 1550 Sapphico
1160 1495 1458 1550 pentametro
1485 1488 1731 1551 dactylico.

396 1572 621 1619 Metram
644 1574 901 1621 AEolicum
928 1575 1220 1638 Sapphicum
1251 1586 1281 1604 ¹¹³
1300 1585 1649 1639 pentametrum
1679 1593 1789 1621 con-

331 1656 436 1703 stat,
463 1649 584 1694 sicut
619 1650 735 1705 dixi,
761 1652 915 1714 primo
950 1652 1068 1714 pede
1103 1652 1336 1716 disyllabo
1366 1652 1594 1713 quolibet,
1621 1652 1786 1697 ceteris

330 1734 555 1786 quattuor
592 1726 808 1789 dactylis.
898 1727 1040 1774 Unde
1082 1729 1262 1791 primus
1305 1746 1386 1791 pes
1425 1732 1524 1789 ejus
1565 1736 1789 1790 quattuor

329 1800 573 1847 schemata
610 1802 767 1857 habet,
807 1804 929 1850 sicut
965 1804 1154 1850 Simmii
1193 1804 1330 1849 metri
1373 1822 1454 1867 pes
1488 1804 1788 1861 novissimus,

328 1877 455 1938 quod
498 1879 732 1941 exemplis
771 1879 955 1926 Latinis
994 1881 1186 1942 quidem
1228 1890 1452 1943 quattuor
1492 1880 1786 1936 docebimus,

328 1971 436 1998 nam
482 1954 734 2001 nGraecum
775 1974 922 2002 unum
962 1957 1158 2021 repperi.
1243 1957 1466 2003 Graecum
1510 1957 1783 2019 exemplum

329 2029 421 2075 hoc
447 2040 533 2086 est,

526 2106 741 2167 θἸ-Ιράμαν
764 2110 837 2168 μὲν
859 2110 932 2170 ἐγὼ
958 2110 1078 2164 σέθεν,
1103 2108 1230 2163 Ἀτθὶ,
1256 2111 1383 2154 πάλαι
1407 2109 1523 2154 πόκα.

269 2194 305 2224 51
326 2181 499 2227 Latina
524 2184 746 2245 exempla
782 2184 882 2230 haec
915 2195 1039 2240 sunt,
1066 2185 1318 2248 spondeUS‚
1344 2194 1567 2246 quattuor
1591 2185 1784 2248 dactyli,

328 2267 379 2303 ut
405 2267 490 2314 est,

499 2333 534 2372 Ο
553 2335 707 2388 regina
728 2349 876 2374 novam
897 2337 964 2375 cui
985 2336 1156 2376 condere
1177 2336 1390 2390 Juppz'ter.

325 2405 617 2460 Pariambus,
659 2406 704 2452 id
753 2417 823 2454 est
869 2409 1188 2472 pyrrhichius,
1230 2408 1406 2471 dactyli
1453 2420 1691 2472 quattuor,
1730 2422 1784 2458 ut

326 2490 398 2527 est

401 2518 413 2536 ³
495 2547 609 2587 Erat
630 2548 862 2589 Hectoreus
884 2550 1068 2590 tumulus
1088 2549 1287 2604 rapidum
1304 2565 1447 2606 prope.

377 2678 387 2705 i
408 2681 587 2727 Fulmine]
598 2681 755 2730 flamine
775 2681 821 2718 L.
914 2681 934 2708 k
956 2692 996 2719 ut
1014 2684 1100 2732 Ipse
1123 2690 1226 2732 pater
1240 2682 1416 2732 Juppiter
1431 2686 1549 2732 tuam]
1575 2694 1615 2722 ut
1634 2695 1690 2723 est
1709 2689 1783 2734 ipse

319 2738 428 2780 pater
449 2739 548 2769 tuam
569 2734 715 2781 Jupiter
733 2734 780 2771 L.
926 2734 937 2762 l
957 2735 1122 2785 dactylos
1141 2736 1226 2782 1111]
1250 2735 1311 2771 Sic
1330 2736 1378 2774 L.
1401 2746 1576 2785 quattuor
1596 2752 1670 2775 om.
1690 2739 1781 2776 Put-

323 2786 462 2823 schius.
642 2794 672 2812 m
691 2795 969 2836 pentametrum
989 2788 1146 2834 constat]
1170 2788 1229 2825 Sic
1246 2788 1292 2825 L.
1315 2795 1455 2826 constat
1474 2804 1549 2828 om.
1570 2791 1780 2829 Pntschius.

323 2845 344 2864 Π
366 2840 527 2875 Graecum
547 2852 620 2876 om.
643 2840 688 2875 L.
784 2847 802 2867 0
822 2844 1689 2881 HPANANMENETcoCffGNATelHAAHTOPA.
1720 2845 1782 2882 Sic

323 2891 369 2928 L.
398 2891 566 2942 Reposui
582 2894 687 2937 Ἀτθὶ,
705 2893 804 2942 quod
825 2893 915 2930 latet
937 2895 973 2930 in
994 2911 1080 2939 ατει,
1103 2908 1168 2944 pro
1191 2896 1416 2935 Putschiano
1436 2897 1511 2934 ἅτε.
