<?xml version="1.0" encoding="UTF-8"?>
<!DOCTYPE html PUBLIC "-//W3C//DTD XHTML 1.0 Transitional//EN"
    "http://www.w3.org/TR/xhtml1/DTD/xhtml1-transitional.dtd">
<html xmlns="http://www.w3.org/1999/xhtml" xml:lang="en" lang="en">
 <head>
  <title>
</title>
<meta http-equiv="Content-Type" content="text/html;charset=utf-8" />
  <meta name='ocr-system' content='tesseract 3.04.00' />
  <meta name='ocr-capabilities' content='ocr_page ocr_carea ocr_par ocr_line ocrx_word'/>
</head>
<body>
  <div class='ocr_page' id='page_1' title='image "./scriptoreslatini00gaisuoft_0547.png"; bbox 0 0 1962 3355; ppageno 0'>
   <div class='ocr_carea' id='block_1_1' title="bbox 143 153 1597 219">
    <p class='ocr_par' dir='ltr' id='par_1_1' title="bbox 143 153 1597 219">
     <span class='ocr_line' id='line_1_1' title="bbox 143 153 1597 219; baseline 0.004 -27"><span class='ocrx_word' id='word_1_1' title='bbox 143 165 238 192; x_wconf 77' lang='lat' dir='ltr'>CAP.</span> <span class='ocrx_word' id='word_1_2' title='bbox 262 166 292 193; x_wconf 95' lang='lat'>1.</span> <span class='ocrx_word' id='word_1_3' title='bbox 724 153 792 194; x_wconf 85' lang='lat' dir='ltr'>De</span> <span class='ocrx_word' id='word_1_4' title='bbox 812 156 1010 219; x_wconf 45' lang='lat' dir='ltr'>syllabae</span> <span class='ocrx_word' id='word_1_5' title='bbox 1072 187 1075 189; x_wconf 88' lang='lat'>.</span> <span class='ocrx_word' id='word_1_6' title='bbox 1514 157 1597 200; x_wconf 67' lang='lat'>529</span> 
     </span>
    </p>
   </div>
   <div class='ocr_carea' id='block_1_2' title="bbox 132 264 1648 1397">
    <p class='ocr_par' dir='ltr' id='par_1_2' title="bbox 132 264 1648 1397">
     <span class='ocr_line' id='line_1_2' title="bbox 141 264 1632 321; baseline 0.003 -17"><span class='ocrx_word' id='word_1_7' title='bbox 141 275 307 315; x_wconf 69' lang='lat' dir='ltr'>namur,</span> <span class='ocrx_word' id='word_1_8' title='bbox 348 264 524 320; x_wconf 83' lang='lat' dir='ltr'>syllabas</span> <span class='ocrx_word' id='word_1_9' title='bbox 563 280 649 305; x_wconf 89' lang='lat' dir='ltr'>esse</span> <span class='ocrx_word' id='word_1_10' title='bbox 688 265 887 306; x_wconf 89' lang='lat' dir='ltr'>dicamus.</span> <span class='ocrx_word' id='word_1_11' title='bbox 969 265 1146 321; x_wconf 86' lang='lat' dir='ltr'>Syllabis</span> <span class='ocrx_word' id='word_1_12' title='bbox 1188 280 1283 306; x_wconf 88' lang='lat' dir='ltr'>vero</span> <span class='ocrx_word' id='word_1_13' title='bbox 1322 267 1596 308; x_wconf 84' lang='lat' dir='ltr'>conficiuntur</span> <span class='ocrx_word' id='word_1_14' title='bbox 1617 282 1632 303; x_wconf 88' lang='lat'><strong>2</strong></span> 
     </span>
     <span class='ocr_line' id='line_1_3' title="bbox 139 331 1631 389; baseline 0.002 -18"><span class='ocrx_word' id='word_1_15' title='bbox 139 331 281 385; x_wconf 88' lang='lat' dir='ltr'>pedes,</span> <span class='ocrx_word' id='word_1_16' title='bbox 303 347 399 388; x_wconf 88' lang='lat' dir='ltr'>quae</span> <span class='ocrx_word' id='word_1_17' title='bbox 424 332 558 388; x_wconf 86' lang='lat' dir='ltr'>prima</span> <span class='ocrx_word' id='word_1_18' title='bbox 578 332 696 387; x_wconf 83' lang='lat' dir='ltr'>quasi</span> <span class='ocrx_word' id='word_1_19' title='bbox 722 343 852 374; x_wconf 86' lang='lat' dir='ltr'>metra</span> <span class='ocrx_word' id='word_1_20' title='bbox 872 333 1080 388; x_wconf 85' lang='lat' dir='ltr'>appellare</span> <span class='ocrx_word' id='word_1_21' title='bbox 1107 348 1340 389; x_wconf 76' lang='lat' dir='ltr'>possumus,</span> <span class='ocrx_word' id='word_1_22' title='bbox 1400 333 1595 389; x_wconf 86' lang='lat' dir='ltr'>fSyllaba</span> <span class='ocrx_word' id='word_1_23' title='bbox 1613 346 1631 375; x_wconf 82' lang='lat'><em>3</em></span> 
     </span>
     <span class='ocr_line' id='line_1_4' title="bbox 139 400 1595 455; baseline 0.003 -17"><span class='ocrx_word' id='word_1_24' title='bbox 139 413 211 453; x_wconf 88' lang='lat' dir='ltr'>pes</span> <span class='ocrx_word' id='word_1_25' title='bbox 246 409 287 439; x_wconf 88' lang='lat' dir='ltr'>et</span> <span class='ocrx_word' id='word_1_26' title='bbox 322 414 512 440; x_wconf 82' lang='lat' dir='ltr'>mensura</span> <span class='ocrx_word' id='word_1_27' title='bbox 545 409 716 449; x_wconf 87' lang='lat' dir='ltr'>constat,</span> <span class='ocrx_word' id='word_1_28' title='bbox 752 416 848 455; x_wconf 86' lang='lat' dir='ltr'>quae</span> <span class='ocrx_word' id='word_1_29' title='bbox 888 401 1034 442; x_wconf 88' lang='lat' dir='ltr'>Graece</span> <span class='ocrx_word' id='word_1_30' title='bbox 1069 410 1227 441; x_wconf 83' lang='lat' dir='ltr'>metron</span> <span class='ocrx_word' id='word_1_31' title='bbox 1260 400 1422 441; x_wconf 88' lang='lat' dir='ltr'>dicitur.</span> <span class='ocrx_word' id='word_1_32' title='bbox 1487 402 1595 442; x_wconf 85' lang='lat' dir='ltr'>Sunt</span> 
     </span>
     <span class='ocr_line' id='line_1_5' title="bbox 138 466 1631 524; baseline 0.003 -19"><span class='ocrx_word' id='word_1_33' title='bbox 138 475 276 506; x_wconf 86' lang='lat' dir='ltr'>autem</span> <span class='ocrx_word' id='word_1_34' title='bbox 295 466 462 522; x_wconf 83' lang='lat' dir='ltr'>syllabae</span> <span class='ocrx_word' id='word_1_35' title='bbox 478 467 651 523; x_wconf 75' lang='lat' dir='ltr'>gpartim</span> <span class='ocrx_word' id='word_1_36' title='bbox 669 467 820 522; x_wconf 85' lang='lat' dir='ltr'>longae,</span> <span class='ocrx_word' id='word_1_37' title='bbox 838 467 988 523; x_wconf 83' lang='lat' dir='ltr'>partim</span> <span class='ocrx_word' id='word_1_38' title='bbox 1006 468 1164 518; x_wconf 87' lang='lat' dir='ltr'>breves,</span> <span class='ocrx_word' id='word_1_39' title='bbox 1179 467 1327 524; x_wconf 87' lang='lat' dir='ltr'>partim</span> <span class='ocrx_word' id='word_1_40' title='bbox 1343 483 1591 509; x_wconf 88' lang='lat' dir='ltr'>communes.</span> <span class='ocrx_word' id='word_1_41' title='bbox 1612 489 1631 515; x_wconf 84' lang='lat'>4</span> 
     </span>
     <span class='ocr_line' id='line_1_6' title="bbox 139 533 1593 591; baseline 0.003 -19"><span class='ocrx_word' id='word_1_42' title='bbox 139 533 176 571; x_wconf 88' lang='grc' dir='ltr'><em>Α</em></span> <span class='ocrx_word' id='word_1_43' title='bbox 203 533 406 587; x_wconf 87' lang='lat' dir='ltr'>producta</span> <span class='ocrx_word' id='word_1_44' title='bbox 427 534 591 589; x_wconf 86' lang='lat' dir='ltr'>longam</span> <span class='ocrx_word' id='word_1_45' title='bbox 622 534 819 591; x_wconf 82' lang='lat' dir='ltr'>syllabam</span> <span class='ocrx_word' id='word_1_46' title='bbox 841 535 950 583; x_wconf 89' lang='lat' dir='ltr'>facit,</span> <span class='ocrx_word' id='word_1_47' title='bbox 974 545 1021 575; x_wconf 91' lang='lat' dir='ltr'>ut</span> <span class='ocrx_word' id='word_1_48' title='bbox 1041 536 1152 576; x_wconf 79' lang='lat' dir='ltr'>ales:</span> <span class='ocrx_word' id='word_1_49' title='bbox 1183 550 1210 575; x_wconf 84' lang='grc' dir='ltr'><em>α</em></span> <span class='ocrx_word' id='word_1_50' title='bbox 1240 545 1428 591; x_wconf 88' lang='lat' dir='ltr'>correpta</span> <span class='ocrx_word' id='word_1_51' title='bbox 1459 535 1593 577; x_wconf 82' lang='lat' dir='ltr'>brevis</span> 
     </span>
     <span class='ocr_line' id='line_1_7' title="bbox 138 601 1627 657; baseline 0.003 -18"><span class='ocrx_word' id='word_1_52' title='bbox 138 610 212 648; x_wconf 90' lang='lat' dir='ltr'>est,</span> <span class='ocrx_word' id='word_1_53' title='bbox 237 610 282 640; x_wconf 85' lang='lat' dir='ltr'>ut</span> <span class='ocrx_word' id='word_1_54' title='bbox 303 616 432 643; x_wconf 82' lang='lat' dir='ltr'>amor.</span> <span class='ocrx_word' id='word_1_55' title='bbox 470 602 542 642; x_wconf 85' lang='lat' dir='ltr'>hE</span> <span class='ocrx_word' id='word_1_56' title='bbox 560 602 809 657; x_wconf 86' lang='lat' dir='ltr'>productum</span> <span class='ocrx_word' id='word_1_57' title='bbox 831 603 995 657; x_wconf 85' lang='lat' dir='ltr'>longam</span> <span class='ocrx_word' id='word_1_58' title='bbox 1018 601 1214 657; x_wconf 81' lang='lat' dir='ltr'>syllabam</span> <span class='ocrx_word' id='word_1_59' title='bbox 1238 602 1350 651; x_wconf 85' lang='lat' dir='ltr'>facit,</span> <span class='ocrx_word' id='word_1_60' title='bbox 1373 612 1420 643; x_wconf 89' lang='lat' dir='ltr'>ut</span> <span class='ocrx_word' id='word_1_61' title='bbox 1440 605 1540 644; x_wconf 79' lang='lat' dir='ltr'>emi:</span> <span class='ocrx_word' id='word_1_62' title='bbox 1572 619 1593 644; x_wconf 84' lang='lat' dir='ltr'>e</span> <span class='ocrx_word' id='word_1_63' title='bbox 1611 614 1627 644; x_wconf 82' lang='lat'>5</span> 
     </span>
     <span class='ocr_line' id='line_1_8' title="bbox 137 669 1629 725; baseline 0.003 -18"><span class='ocrx_word' id='word_1_64' title='bbox 137 678 372 722; x_wconf 83' lang='lat' dir='ltr'>correptum</span> <span class='ocrx_word' id='word_1_65' title='bbox 408 669 589 717; x_wconf 86' lang='lat' dir='ltr'>brevem,</span> <span class='ocrx_word' id='word_1_66' title='bbox 625 679 672 709; x_wconf 89' lang='lat' dir='ltr'>ut</span> <span class='ocrx_word' id='word_1_67' title='bbox 704 683 803 709; x_wconf 84' lang='lat' dir='ltr'>emo.</span> <span class='ocrx_word' id='word_1_68' title='bbox 864 671 895 709; x_wconf 95' lang='lat' dir='ltr'><em>I</em></span> <span class='ocrx_word' id='word_1_69' title='bbox 932 669 1182 724; x_wconf 90' lang='lat' dir='ltr'>productum</span> <span class='ocrx_word' id='word_1_70' title='bbox 1223 670 1392 725; x_wconf 83' lang='lat' dir='ltr'>longum</span> <span class='ocrx_word' id='word_1_71' title='bbox 1434 680 1509 719; x_wconf 89' lang='lat' dir='ltr'>est,</span> <span class='ocrx_word' id='word_1_72' title='bbox 1546 682 1591 712; x_wconf 86' lang='lat' dir='ltr'>ut</span> <span class='ocrx_word' id='word_1_73' title='bbox 1609 681 1629 711; x_wconf 90' lang='lat'>6</span> 
     </span>
     <span class='ocr_line' id='line_1_9' title="bbox 137 733 1627 792; baseline 0.004 -19"><span class='ocrx_word' id='word_1_74' title='bbox 137 735 268 774; x_wconf 79' lang='lat' dir='ltr'>Ilium</span> <span class='ocrx_word' id='word_1_75' title='bbox 283 752 296 775; x_wconf 93' lang='lat'><em>:</em></span> <span class='ocrx_word' id='word_1_76' title='bbox 327 737 342 774; x_wconf 68' lang='grc' dir='ltr'>ἑ</span> <span class='ocrx_word' id='word_1_77' title='bbox 363 746 598 791; x_wconf 84' lang='lat' dir='ltr'>correptum</span> <span class='ocrx_word' id='word_1_78' title='bbox 621 735 756 776; x_wconf 82' lang='lat' dir='ltr'>brevis</span> <span class='ocrx_word' id='word_1_79' title='bbox 777 745 851 786; x_wconf 85' lang='lat' dir='ltr'>est,</span> <span class='ocrx_word' id='word_1_80' title='bbox 874 746 921 776; x_wconf 93' lang='lat' dir='ltr'>ut</span> <span class='ocrx_word' id='word_1_81' title='bbox 941 738 1035 776; x_wconf 80' lang='lat' dir='ltr'>iter.</span> <span class='ocrx_word' id='word_1_82' title='bbox 1096 733 1151 777; x_wconf 86' lang='lat' dir='ltr'>iO</span> <span class='ocrx_word' id='word_1_83' title='bbox 1176 736 1426 792; x_wconf 88' lang='lat' dir='ltr'>productum</span> <span class='ocrx_word' id='word_1_84' title='bbox 1448 748 1522 788; x_wconf 89' lang='lat' dir='ltr'>est,</span> <span class='ocrx_word' id='word_1_85' title='bbox 1545 749 1591 779; x_wconf 90' lang='lat' dir='ltr'>ut</span> <span class='ocrx_word' id='word_1_86' title='bbox 1612 754 1627 785; x_wconf 86' lang='lat'><em>7</em></span> 
     </span>
     <span class='ocr_line' id='line_1_10' title="bbox 135 804 1628 859; baseline 0.003 -19"><span class='ocrx_word' id='word_1_87' title='bbox 135 815 250 841; x_wconf 79' lang='lat' dir='ltr'>omen</span> <span class='ocrx_word' id='word_1_88' title='bbox 265 818 278 841; x_wconf 92' lang='lat'>.·</span> <span class='ocrx_word' id='word_1_89' title='bbox 309 816 332 841; x_wconf 92' lang='lat' dir='ltr'>o</span> <span class='ocrx_word' id='word_1_90' title='bbox 352 812 586 858; x_wconf 86' lang='lat' dir='ltr'>correptum</span> <span class='ocrx_word' id='word_1_91' title='bbox 608 813 682 851; x_wconf 82' lang='lat' dir='ltr'>est,</span> <span class='ocrx_word' id='word_1_92' title='bbox 707 812 753 843; x_wconf 91' lang='lat' dir='ltr'>ut</span> <span class='ocrx_word' id='word_1_93' title='bbox 772 806 905 858; x_wconf 74' lang='lat' dir='ltr'>origo.</span> <span class='ocrx_word' id='word_1_94' title='bbox 957 805 999 845; x_wconf 89' lang='lat' dir='ltr'><strong><em>U</em></strong></span> <span class='ocrx_word' id='word_1_95' title='bbox 1015 804 1263 859; x_wconf 86' lang='lat' dir='ltr'>productum</span> <span class='ocrx_word' id='word_1_96' title='bbox 1287 814 1360 854; x_wconf 85' lang='lat' dir='ltr'>est,</span> <span class='ocrx_word' id='word_1_97' title='bbox 1386 814 1431 845; x_wconf 86' lang='lat' dir='ltr'>ut</span> <span class='ocrx_word' id='word_1_98' title='bbox 1453 820 1562 845; x_wconf 79' lang='lat' dir='ltr'>unus</span> <span class='ocrx_word' id='word_1_99' title='bbox 1576 823 1588 845; x_wconf 92' lang='lat'><em>:</em></span> <span class='ocrx_word' id='word_1_100' title='bbox 1609 811 1628 841; x_wconf 94' lang='lat'>8</span> 
     </span>
     <span class='ocr_line' id='line_1_11' title="bbox 135 871 1628 927; baseline 0.003 -19"><span class='ocrx_word' id='word_1_101' title='bbox 135 883 164 908; x_wconf 79' lang='lat' dir='ltr'><strong><em>u</em></strong></span> <span class='ocrx_word' id='word_1_102' title='bbox 185 880 435 924; x_wconf 85' lang='lat' dir='ltr'>correptum,</span> <span class='ocrx_word' id='word_1_103' title='bbox 459 880 505 910; x_wconf 89' lang='lat' dir='ltr'>ut</span> <span class='ocrx_word' id='word_1_104' title='bbox 525 872 702 911; x_wconf 74' lang='lat' dir='ltr'>utinam.</span> <span class='ocrx_word' id='word_1_105' title='bbox 765 871 828 911; x_wconf 84' lang='lat' dir='ltr'>Ut</span> <span class='ocrx_word' id='word_1_106' title='bbox 852 882 990 911; x_wconf 89' lang='lat' dir='ltr'>autem</span> <span class='ocrx_word' id='word_1_107' title='bbox 1022 871 1116 912; x_wconf 87' lang='lat' dir='ltr'>solae</span> <span class='ocrx_word' id='word_1_108' title='bbox 1146 886 1221 927; x_wconf 87' lang='lat' dir='ltr'>per</span> <span class='ocrx_word' id='word_1_109' title='bbox 1241 887 1282 912; x_wconf 85' lang='lat' dir='ltr'>se</span> <span class='ocrx_word' id='word_1_110' title='bbox 1304 872 1463 913; x_wconf 89' lang='lat' dir='ltr'>vocales</span> <span class='ocrx_word' id='word_1_111' title='bbox 1492 887 1581 927; x_wconf 88' lang='lat' dir='ltr'>pro·</span> <span class='ocrx_word' id='word_1_112' title='bbox 1608 887 1628 917; x_wconf 88' lang='lat'>9</span> 
     </span>
     <span class='ocr_line' id='line_1_12' title="bbox 135 935 1586 994; baseline 0.003 -18"><span class='ocrx_word' id='word_1_113' title='bbox 135 935 273 977; x_wconf 87' lang='lat' dir='ltr'>ductae</span> <span class='ocrx_word' id='word_1_114' title='bbox 294 936 472 992; x_wconf 76' lang='lat' dir='ltr'>klongas,</span> <span class='ocrx_word' id='word_1_115' title='bbox 487 948 685 993; x_wconf 81' lang='lat' dir='ltr'>correptae</span> <span class='ocrx_word' id='word_1_116' title='bbox 705 938 849 978; x_wconf 80' lang='lat' dir='ltr'>breves</span> <span class='ocrx_word' id='word_1_117' title='bbox 871 938 1046 994; x_wconf 85' lang='lat' dir='ltr'>syllabas</span> <span class='ocrx_word' id='word_1_118' title='bbox 1062 939 1241 979; x_wconf 87' lang='lat' dir='ltr'>faciunt:</span> <span class='ocrx_word' id='word_1_119' title='bbox 1275 939 1332 980; x_wconf 87' lang='lat' dir='ltr'>ita</span> <span class='ocrx_word' id='word_1_120' title='bbox 1352 940 1473 980; x_wconf 86' lang='lat' dir='ltr'>etiam</span> <span class='ocrx_word' id='word_1_121' title='bbox 1494 955 1586 980; x_wconf 89' lang='lat' dir='ltr'>cum</span> 
     </span>
     <span class='ocr_line' id='line_1_13' title="bbox 135 1003 1590 1062; baseline 0.003 -19"><span class='ocrx_word' id='word_1_122' title='bbox 135 1003 198 1043; x_wconf 87' lang='lat' dir='ltr'>his</span> <span class='ocrx_word' id='word_1_123' title='bbox 226 1003 236 1030; x_wconf 89' lang='lat'>1</span> <span class='ocrx_word' id='word_1_124' title='bbox 241 1004 398 1058; x_wconf 83' lang='lat' dir='ltr'>junctae</span> <span class='ocrx_word' id='word_1_125' title='bbox 419 1016 686 1046; x_wconf 84' lang='lat' dir='ltr'>consonantes</span> <span class='ocrx_word' id='word_1_126' title='bbox 709 1015 781 1046; x_wconf 88' lang='lat' dir='ltr'>aut</span> <span class='ocrx_word' id='word_1_127' title='bbox 811 1005 954 1061; x_wconf 86' lang='lat' dir='ltr'>longas</span> <span class='ocrx_word' id='word_1_128' title='bbox 975 1016 1047 1046; x_wconf 85' lang='lat' dir='ltr'>aut</span> <span class='ocrx_word' id='word_1_129' title='bbox 1067 1006 1211 1046; x_wconf 85' lang='lat' dir='ltr'>breves</span> <span class='ocrx_word' id='word_1_130' title='bbox 1242 1006 1418 1062; x_wconf 86' lang='lat' dir='ltr'>syllabas</span> <span class='ocrx_word' id='word_1_131' title='bbox 1449 1022 1590 1048; x_wconf 86' lang='lat' dir='ltr'>secun-</span> 
     </span>
     <span class='ocr_line' id='line_1_14' title="bbox 134 1070 1648 1130; baseline 0.001 -19"><span class='ocrx_word' id='word_1_132' title='bbox 134 1070 234 1111; x_wconf 89' lang='lat' dir='ltr'>dum</span> <span class='ocrx_word' id='word_1_133' title='bbox 256 1071 388 1126; x_wconf 85' lang='lat' dir='ltr'>legem</span> <span class='ocrx_word' id='word_1_134' title='bbox 410 1082 535 1127; x_wconf 89' lang='lat' dir='ltr'>atque</span> <span class='ocrx_word' id='word_1_135' title='bbox 559 1088 676 1113; x_wconf 88' lang='lat' dir='ltr'>usum</span> <span class='ocrx_word' id='word_1_136' title='bbox 699 1072 1043 1129; x_wconf 87' lang='lat' dir='ltr'>pronuntiationis</span> <span class='ocrx_word' id='word_1_137' title='bbox 1063 1073 1298 1114; x_wconf 86' lang='lat' dir='ltr'>informant.</span> <span class='ocrx_word' id='word_1_138' title='bbox 1342 1075 1368 1115; x_wconf 87' lang='lat' dir='ltr'>J</span> <span class='ocrx_word' id='word_1_139' title='bbox 1373 1085 1589 1130; x_wconf 84' lang='lat' dir='ltr'>unguntur</span> <span class='ocrx_word' id='word_1_140' title='bbox 1611 1092 1648 1113; x_wconf 90' lang='lat'>10</span> 
     </span>
     <span class='ocr_line' id='line_1_15' title="bbox 134 1138 1586 1196; baseline 0.003 -18"><span class='ocrx_word' id='word_1_141' title='bbox 134 1153 231 1178; x_wconf 84' lang='lat' dir='ltr'>vero</span> <span class='ocrx_word' id='word_1_142' title='bbox 250 1138 357 1178; x_wconf 88' lang='lat' dir='ltr'>inter</span> <span class='ocrx_word' id='word_1_143' title='bbox 376 1154 418 1179; x_wconf 91' lang='lat' dir='ltr'>se</span> <span class='ocrx_word' id='word_1_144' title='bbox 440 1139 588 1180; x_wconf 83' lang='lat' dir='ltr'>mbinae</span> <span class='ocrx_word' id='word_1_145' title='bbox 608 1139 780 1187; x_wconf 85' lang='lat' dir='ltr'>vocales,</span> <span class='ocrx_word' id='word_1_146' title='bbox 803 1154 907 1194; x_wconf 83' lang='lat' dir='ltr'>quas</span> <span class='ocrx_word' id='word_1_147' title='bbox 939 1139 1076 1180; x_wconf 88' lang='lat' dir='ltr'>Graeci</span> <span class='ocrx_word' id='word_1_148' title='bbox 1107 1139 1396 1196; x_wconf 86' lang='lat' dir='ltr'>diphthongon</span> <span class='ocrx_word' id='word_1_149' title='bbox 1424 1153 1586 1192; x_wconf 84' lang='lat' dir='ltr'>vocant,</span> 
     </span>
     <span class='ocr_line' id='line_1_16' title="bbox 132 1206 1642 1263; baseline 0.003 -18"><span class='ocrx_word' id='word_1_150' title='bbox 132 1220 196 1255; x_wconf 79' lang='lat' dir='ltr'>ae,</span> <span class='ocrx_word' id='word_1_151' title='bbox 217 1219 275 1255; x_wconf 83' lang='lat' dir='ltr'>oe,</span> <span class='ocrx_word' id='word_1_152' title='bbox 295 1220 367 1255; x_wconf 81' lang='lat' dir='ltr'>au,</span> <span class='ocrx_word' id='word_1_153' title='bbox 389 1221 454 1255; x_wconf 76' lang='lat' dir='ltr'>eu,</span> <span class='ocrx_word' id='word_1_154' title='bbox 476 1208 527 1256; x_wconf 77' lang='lat' dir='ltr'>ei,</span> <span class='ocrx_word' id='word_1_155' title='bbox 549 1208 583 1246; x_wconf 58' lang='grc' dir='ltr'>ἐπὶ</span> <span class='ocrx_word' id='word_1_156' title='bbox 599 1223 613 1252; x_wconf 91' lang='lat'>‚·</span> <span class='ocrx_word' id='word_1_157' title='bbox 644 1222 740 1262; x_wconf 84' lang='lat' dir='ltr'>quae</span> <span class='ocrx_word' id='word_1_158' title='bbox 771 1206 939 1263; x_wconf 82' lang='lat' dir='ltr'>syllabae</span> <span class='ocrx_word' id='word_1_159' title='bbox 970 1222 1129 1262; x_wconf 81' lang='lat' dir='ltr'>semper</span> <span class='ocrx_word' id='word_1_160' title='bbox 1159 1206 1294 1262; x_wconf 85' lang='lat' dir='ltr'>longae</span> <span class='ocrx_word' id='word_1_161' title='bbox 1324 1219 1435 1249; x_wconf 87' lang='lat' dir='ltr'>sunt.</span> <span class='ocrx_word' id='word_1_162' title='bbox 1497 1210 1588 1249; x_wconf 88' lang='lat' dir='ltr'>Ad-</span> <span class='ocrx_word' id='word_1_163' title='bbox 1609 1221 1642 1242; x_wconf 91' lang='lat'>11</span> 
     </span>
     <span class='ocr_line' id='line_1_17' title="bbox 132 1273 1587 1329; baseline 0.003 -16"><span class='ocrx_word' id='word_1_164' title='bbox 132 1274 339 1314; x_wconf 85' lang='lat' dir='ltr'>sociantur</span> <span class='ocrx_word' id='word_1_165' title='bbox 368 1273 509 1329; x_wconf 90' lang='lat' dir='ltr'>itaque</span> <span class='ocrx_word' id='word_1_166' title='bbox 539 1273 594 1314; x_wconf 87' lang='lat' dir='ltr'>sic</span> <span class='ocrx_word' id='word_1_167' title='bbox 624 1274 730 1314; x_wconf 90' lang='lat' dir='ltr'>inter</span> <span class='ocrx_word' id='word_1_168' title='bbox 761 1288 801 1313; x_wconf 90' lang='lat' dir='ltr'>se</span> <span class='ocrx_word' id='word_1_169' title='bbox 831 1273 990 1314; x_wconf 88' lang='lat' dir='ltr'>vocales</span> <span class='ocrx_word' id='word_1_170' title='bbox 1020 1273 1181 1324; x_wconf 84' lang='lat' dir='ltr'>litterae,</span> <span class='ocrx_word' id='word_1_171' title='bbox 1202 1274 1245 1314; x_wconf 92' lang='lat' dir='ltr'>id</span> <span class='ocrx_word' id='word_1_172' title='bbox 1275 1277 1385 1324; x_wconf 78' lang='lat' dir='ltr'>est‚z‘</span> <span class='ocrx_word' id='word_1_173' title='bbox 1413 1285 1454 1316; x_wconf 86' lang='lat' dir='ltr'>et</span> <span class='ocrx_word' id='word_1_174' title='bbox 1473 1291 1517 1325; x_wconf 83' lang='lat' dir='ltr'>u,</span> <span class='ocrx_word' id='word_1_175' title='bbox 1540 1286 1587 1317; x_wconf 91' lang='lat' dir='ltr'>ut</span> 
     </span>
     <span class='ocr_line' id='line_1_18' title="bbox 132 1340 1585 1397; baseline 0.001 -15"><span class='ocrx_word' id='word_1_176' title='bbox 132 1341 244 1396; x_wconf 86' lang='lat' dir='ltr'>prior</span> <span class='ocrx_word' id='word_1_177' title='bbox 274 1341 407 1382; x_wconf 86' lang='lat' dir='ltr'>littera</span> <span class='ocrx_word' id='word_1_178' title='bbox 434 1341 514 1382; x_wconf 91' lang='lat' dir='ltr'>vim</span> <span class='ocrx_word' id='word_1_179' title='bbox 548 1351 684 1382; x_wconf 86' lang='lat' dir='ltr'>teneat</span> <span class='ocrx_word' id='word_1_180' title='bbox 714 1340 986 1390; x_wconf 83' lang='lat' dir='ltr'>consonantis,</span> <span class='ocrx_word' id='word_1_181' title='bbox 1012 1350 1057 1381; x_wconf 88' lang='lat' dir='ltr'>ut</span> <span class='ocrx_word' id='word_1_182' title='bbox 1077 1341 1207 1390; x_wconf 78' lang='lat' dir='ltr'>szO,</span> <span class='ocrx_word' id='word_1_183' title='bbox 1231 1341 1373 1388; x_wconf 61' lang='lat' dir='ltr'>videm</span> <span class='ocrx_word' id='word_1_184' title='bbox 1408 1358 1585 1397; x_wconf 84' lang='lat' dir='ltr'>quarum</span> 
     </span>
    </p>
   </div>
   <div class='ocr_carea' id='block_1_3' title="bbox 125 1507 828 2882">
    <p class='ocr_par' dir='ltr' id='par_1_3' title="bbox 130 1507 828 1758">
     <span class='ocr_line' id='line_1_19' title="bbox 158 1507 825 1558; baseline -0.003 -12"><span class='ocrx_word' id='word_1_185' title='bbox 158 1507 173 1535; x_wconf 86' lang='lat' dir='ltr'><strong>f</strong></span> <span class='ocrx_word' id='word_1_186' title='bbox 191 1510 343 1558; x_wconf 75' lang='lat' dir='ltr'>Syllaba</span> <span class='ocrx_word' id='word_1_187' title='bbox 360 1510 438 1558; x_wconf 84' lang='lat' dir='ltr'>pes]</span> <span class='ocrx_word' id='word_1_188' title='bbox 459 1511 503 1546; x_wconf 93' lang='lat' dir='ltr'>In</span> <span class='ocrx_word' id='word_1_189' title='bbox 521 1510 649 1546; x_wconf 82' lang='lat' dir='ltr'>codice</span> <span class='ocrx_word' id='word_1_190' title='bbox 663 1509 825 1558; x_wconf 88' lang='lat' dir='ltr'>Guelph.</span> 
     </span>
     <span class='ocr_line' id='line_1_20' title="bbox 131 1563 828 1612; baseline -0.001 -14"><span class='ocrx_word' id='word_1_191' title='bbox 131 1575 264 1599; x_wconf 87' lang='lat' dir='ltr'>manus</span> <span class='ocrx_word' id='word_1_192' title='bbox 293 1563 446 1612; x_wconf 84' lang='lat' dir='ltr'>antiqua</span> <span class='ocrx_word' id='word_1_193' title='bbox 466 1576 531 1611; x_wconf 82' lang='lat' dir='ltr'>pes</span> <span class='ocrx_word' id='word_1_194' title='bbox 552 1563 646 1599; x_wconf 87' lang='lat' dir='ltr'>male</span> <span class='ocrx_word' id='word_1_195' title='bbox 672 1563 828 1598; x_wconf 83' lang='lat' dir='ltr'>mutavit</span> 
     </span>
     <span class='ocr_line' id='line_1_21' title="bbox 130 1616 825 1664; baseline 0 -13"><span class='ocrx_word' id='word_1_196' title='bbox 130 1616 168 1651; x_wconf 90' lang='lat' dir='ltr'>in</span> <span class='ocrx_word' id='word_1_197' title='bbox 211 1619 313 1664; x_wconf 83' lang='lat' dir='ltr'>pede.</span> <span class='ocrx_word' id='word_1_198' title='bbox 381 1616 532 1653; x_wconf 88' lang='lat' dir='ltr'>Fefellit</span> <span class='ocrx_word' id='word_1_199' title='bbox 578 1623 825 1652; x_wconf 83' lang='lat' dir='ltr'>correctorem</span> 
     </span>
     <span class='ocr_line' id='line_1_22' title="bbox 131 1669 826 1718; baseline 0.001 -15"><span class='ocrx_word' id='word_1_200' title='bbox 131 1681 203 1704; x_wconf 82' lang='lat' dir='ltr'>vox</span> <span class='ocrx_word' id='word_1_201' title='bbox 239 1670 379 1716; x_wconf 79' lang='lat' dir='ltr'>syllaba</span> <span class='ocrx_word' id='word_1_202' title='bbox 418 1682 507 1706; x_wconf 88' lang='lat' dir='ltr'>casu</span> <span class='ocrx_word' id='word_1_203' title='bbox 545 1678 651 1706; x_wconf 81' lang='lat' dir='ltr'>sexto</span> <span class='ocrx_word' id='word_1_204' title='bbox 690 1669 826 1718; x_wconf 84' lang='lat' dir='ltr'>accipi-</span> 
     </span>
     <span class='ocr_line' id='line_1_23' title="bbox 130 1721 428 1758; baseline 0.003 -1"><span class='ocrx_word' id='word_1_205' title='bbox 130 1721 240 1758; x_wconf 82' lang='lat' dir='ltr'>enda.</span> <span class='ocrx_word' id='word_1_206' title='bbox 273 1723 428 1758; x_wconf 88' lang='lat' dir='ltr'><strong>HEUS.</strong></span> 
     </span>
    </p>

    <p class='ocr_par' dir='ltr' id='par_1_4' title="bbox 127 1774 825 1916">
     <span class='ocr_line' id='line_1_24' title="bbox 185 1774 824 1823; baseline 0.003 -15"><span class='ocrx_word' id='word_1_207' title='bbox 185 1781 205 1808; x_wconf 89' lang='lat' dir='ltr'>g</span> <span class='ocrx_word' id='word_1_208' title='bbox 227 1777 363 1822; x_wconf 78' lang='lat' dir='ltr'>partim</span> <span class='ocrx_word' id='word_1_209' title='bbox 391 1776 520 1822; x_wconf 77' lang='lat' dir='ltr'>longoe]</span> <span class='ocrx_word' id='word_1_210' title='bbox 553 1775 638 1810; x_wconf 88' lang='lat' dir='ltr'>MS.</span> <span class='ocrx_word' id='word_1_211' title='bbox 661 1774 824 1823; x_wconf 84' lang='lat' dir='ltr'>Guelph.</span> 
     </span>
     <span class='ocr_line' id='line_1_25' title="bbox 127 1828 825 1875; baseline 0 -13"><span class='ocrx_word' id='word_1_212' title='bbox 127 1833 269 1874; x_wconf 82' lang='lat' dir='ltr'>partem</span> <span class='ocrx_word' id='word_1_213' title='bbox 291 1829 415 1874; x_wconf 79' lang='lat' dir='ltr'>Iongoe,</span> <span class='ocrx_word' id='word_1_214' title='bbox 432 1834 575 1875; x_wconf 79' lang='lat' dir='ltr'>partem</span> <span class='ocrx_word' id='word_1_215' title='bbox 597 1828 721 1868; x_wconf 76' lang='lat' dir='ltr'>brevis,</span> <span class='ocrx_word' id='word_1_216' title='bbox 738 1839 825 1874; x_wconf 81' lang='lat' dir='ltr'>par-</span> 
     </span>
     <span class='ocr_line' id='line_1_26' title="bbox 133 1881 613 1916; baseline 0 -1"><span class='ocrx_word' id='word_1_217' title='bbox 133 1886 200 1916; x_wconf 75' lang='lat' dir='ltr'>tem</span> <span class='ocrx_word' id='word_1_218' title='bbox 222 1882 425 1916; x_wconf 79' lang='lat' dir='ltr'>communis.</span> <span class='ocrx_word' id='word_1_219' title='bbox 459 1881 613 1916; x_wconf 83' lang='lat' dir='ltr'>HEUS.</span> 
     </span>
    </p>

    <p class='ocr_par' dir='ltr' id='par_1_5' title="bbox 127 1932 826 2341">
     <span class='ocr_line' id='line_1_27' title="bbox 186 1932 826 1981; baseline 0.002 -13"><span class='ocrx_word' id='word_1_220' title='bbox 186 1932 201 1954; x_wconf 73' lang='lat'>¹¹</span> <span class='ocrx_word' id='word_1_221' title='bbox 231 1934 264 1968; x_wconf 93' lang='lat' dir='ltr'><strong>E</strong></span> <span class='ocrx_word' id='word_1_222' title='bbox 288 1935 520 1981; x_wconf 76' lang='lat' dir='ltr'>productum]</span> <span class='ocrx_word' id='word_1_223' title='bbox 547 1935 743 1969; x_wconf 84' lang='lat' dir='ltr'>Corrector</span> <span class='ocrx_word' id='word_1_224' title='bbox 763 1945 826 1969; x_wconf 93' lang='lat' dir='ltr'>co-</span> 
     </span>
     <span class='ocr_line' id='line_1_28' title="bbox 129 1985 823 2035; baseline -0.001 -13"><span class='ocrx_word' id='word_1_225' title='bbox 129 1985 219 2023; x_wconf 84' lang='lat' dir='ltr'>dicis</span> <span class='ocrx_word' id='word_1_226' title='bbox 248 1986 408 2035; x_wconf 88' lang='lat' dir='ltr'>Guelph.</span> <span class='ocrx_word' id='word_1_227' title='bbox 437 1986 651 2022; x_wconf 83' lang='lat' dir='ltr'>emendavit</span> <span class='ocrx_word' id='word_1_228' title='bbox 678 1987 712 2022; x_wconf 92' lang='lat' dir='ltr'>E</span> <span class='ocrx_word' id='word_1_229' title='bbox 739 1998 823 2032; x_wconf 83' lang='lat' dir='ltr'>pro-</span> 
     </span>
     <span class='ocr_line' id='line_1_29' title="bbox 128 2038 824 2088; baseline 0 -14"><span class='ocrx_word' id='word_1_230' title='bbox 128 2041 250 2082; x_wconf 75' lang='lat' dir='ltr'>ducta,</span> <span class='ocrx_word' id='word_1_231' title='bbox 267 2048 304 2075; x_wconf 85' lang='lat' dir='ltr'>et</span> <span class='ocrx_word' id='word_1_232' title='bbox 325 2039 359 2075; x_wconf 90' lang='lat' dir='ltr'>in</span> <span class='ocrx_word' id='word_1_233' title='bbox 382 2040 621 2088; x_wconf 81' lang='lat' dir='ltr'>sequentibus</span> <span class='ocrx_word' id='word_1_234' title='bbox 642 2038 824 2081; x_wconf 86' lang='lat' dir='ltr'>similiter,</span> 
     </span>
     <span class='ocr_line' id='line_1_30' title="bbox 129 2093 824 2140; baseline -0.001 -13"><span class='ocrx_word' id='word_1_235' title='bbox 129 2105 150 2128; x_wconf 89' lang='lat' dir='ltr'>e</span> <span class='ocrx_word' id='word_1_236' title='bbox 169 2098 333 2140; x_wconf 79' lang='lat' dir='ltr'>correpta</span> <span class='ocrx_word' id='word_1_237' title='bbox 351 2114 398 2119; x_wconf 81' lang='lat'>-——</span> <span class='ocrx_word' id='word_1_238' title='bbox 414 2094 431 2128; x_wconf 97' lang='lat' dir='ltr'>I</span> <span class='ocrx_word' id='word_1_239' title='bbox 452 2095 631 2140; x_wconf 80' lang='lat' dir='ltr'>producta</span> <span class='ocrx_word' id='word_1_240' title='bbox 647 2113 700 2119; x_wconf 93' lang='lat'>-—</span> <span class='ocrx_word' id='word_1_241' title='bbox 715 2093 724 2127; x_wconf 90' lang='lat' dir='ltr'>i</span> <span class='ocrx_word' id='word_1_242' title='bbox 747 2104 824 2127; x_wconf 86' lang='lat' dir='ltr'>cor-</span> 
     </span>
     <span class='ocr_line' id='line_1_31' title="bbox 129 2147 824 2193; baseline -0.003 -12"><span class='ocrx_word' id='word_1_243' title='bbox 129 2152 232 2193; x_wconf 84' lang='lat' dir='ltr'>repta</span> <span class='ocrx_word' id='word_1_244' title='bbox 243 2167 297 2172; x_wconf 88' lang='lat'>——</span> <span class='ocrx_word' id='word_1_245' title='bbox 310 2147 345 2181; x_wconf 94' lang='grc' dir='ltr'>Ο</span> <span class='ocrx_word' id='word_1_246' title='bbox 363 2148 628 2193; x_wconf 77' lang='lat' dir='ltr'>producta—0</span> <span class='ocrx_word' id='word_1_247' title='bbox 648 2150 824 2192; x_wconf 81' lang='lat' dir='ltr'>correpta.</span> 
     </span>
     <span class='ocr_line' id='line_1_32' title="bbox 127 2198 823 2248; baseline -0.001 -14"><span class='ocrx_word' id='word_1_248' title='bbox 127 2199 180 2234; x_wconf 90' lang='lat' dir='ltr'>Et</span> <span class='ocrx_word' id='word_1_249' title='bbox 210 2211 339 2248; x_wconf 86' lang='lat' dir='ltr'>parum</span> <span class='ocrx_word' id='word_1_250' title='bbox 372 2199 489 2241; x_wconf 86' lang='lat' dir='ltr'>abest,</span> <span class='ocrx_word' id='word_1_251' title='bbox 512 2198 598 2248; x_wconf 87' lang='lat' dir='ltr'>quin</span> <span class='ocrx_word' id='word_1_252' title='bbox 630 2199 823 2241; x_wconf 79' lang='lat' dir='ltr'>affirmem,</span> 
     </span>
     <span class='ocr_line' id='line_1_33' title="bbox 127 2251 823 2288; baseline -0.001 -1"><span class='ocrx_word' id='word_1_253' title='bbox 127 2252 205 2288; x_wconf 89' lang='lat' dir='ltr'>haec</span> <span class='ocrx_word' id='word_1_254' title='bbox 225 2252 351 2287; x_wconf 88' lang='lat' dir='ltr'>omnia</span> <span class='ocrx_word' id='word_1_255' title='bbox 367 2252 539 2288; x_wconf 83' lang='lat' dir='ltr'>Mallium</span> <span class='ocrx_word' id='word_1_256' title='bbox 556 2251 736 2288; x_wconf 87' lang='lat' dir='ltr'>feminina</span> <span class='ocrx_word' id='word_1_257' title='bbox 749 2259 823 2286; x_wconf 87' lang='lat' dir='ltr'>ter-</span> 
     </span>
     <span class='ocr_line' id='line_1_34' title="bbox 128 2304 728 2341; baseline 0.002 -1"><span class='ocrx_word' id='word_1_258' title='bbox 128 2304 336 2341; x_wconf 84' lang='lat' dir='ltr'>minatione</span> <span class='ocrx_word' id='word_1_259' title='bbox 356 2305 541 2341; x_wconf 83' lang='lat' dir='ltr'>extulisse.</span> <span class='ocrx_word' id='word_1_260' title='bbox 572 2304 728 2341; x_wconf 87' lang='lat' dir='ltr'>HEUS.</span> 
     </span>
    </p>

    <p class='ocr_par' dir='ltr' id='par_1_6' title="bbox 125 2356 826 2882">
     <span class='ocr_line' id='line_1_35' title="bbox 183 2356 822 2406; baseline 0 -14"><span class='ocrx_word' id='word_1_261' title='bbox 183 2356 190 2384; x_wconf 85' lang='lat' dir='ltr'>i</span> <span class='ocrx_word' id='word_1_262' title='bbox 213 2358 248 2393; x_wconf 92' lang='lat' dir='ltr'>O</span> <span class='ocrx_word' id='word_1_263' title='bbox 265 2360 481 2404; x_wconf 74' lang='lat' dir='ltr'>productum</span> <span class='ocrx_word' id='word_1_264' title='bbox 506 2359 573 2406; x_wconf 84' lang='lat' dir='ltr'>est]</span> <span class='ocrx_word' id='word_1_265' title='bbox 598 2358 685 2394; x_wconf 86' lang='lat' dir='ltr'>MS.</span> <span class='ocrx_word' id='word_1_266' title='bbox 708 2356 822 2393; x_wconf 87' lang='lat' dir='ltr'>Paris.</span> 
     </span>
     <span class='ocr_line' id='line_1_36' title="bbox 128 2409 823 2458; baseline 0.001 -13"><span class='ocrx_word' id='word_1_267' title='bbox 128 2409 163 2446; x_wconf 92' lang='lat' dir='ltr'>O</span> <span class='ocrx_word' id='word_1_268' title='bbox 177 2412 395 2457; x_wconf 78' lang='lat' dir='ltr'>productum</span> <span class='ocrx_word' id='word_1_269' title='bbox 415 2412 560 2458; x_wconf 81' lang='lat' dir='ltr'>longum</span> <span class='ocrx_word' id='word_1_270' title='bbox 578 2416 640 2453; x_wconf 81' lang='lat' dir='ltr'>est,</span> <span class='ocrx_word' id='word_1_271' title='bbox 656 2423 698 2447; x_wconf 89' lang='lat' dir='ltr'>ac</span> <span class='ocrx_word' id='word_1_272' title='bbox 719 2410 823 2447; x_wconf 91' lang='lat' dir='ltr'>dein-</span> 
     </span>
     <span class='ocr_line' id='line_1_37' title="bbox 127 2464 822 2512; baseline 0.003 -13"><span class='ocrx_word' id='word_1_273' title='bbox 127 2475 241 2512; x_wconf 81' lang='lat' dir='ltr'>ceps:</span> <span class='ocrx_word' id='word_1_274' title='bbox 289 2476 311 2499; x_wconf 94' lang='lat' dir='ltr'>o</span> <span class='ocrx_word' id='word_1_275' title='bbox 344 2470 548 2511; x_wconf 81' lang='lat' dir='ltr'>correptum</span> <span class='ocrx_word' id='word_1_276' title='bbox 582 2465 694 2500; x_wconf 83' lang='lat' dir='ltr'>brevis</span> <span class='ocrx_word' id='word_1_277' title='bbox 712 2485 765 2491; x_wconf 92' lang='lat'>-—</span> <span class='ocrx_word' id='word_1_278' title='bbox 787 2464 822 2500; x_wconf 94' lang='lat' dir='ltr'><strong>U</strong></span> 
     </span>
     <span class='ocr_line' id='line_1_38' title="bbox 125 2517 823 2563; baseline 0.003 -12"><span class='ocrx_word' id='word_1_279' title='bbox 125 2517 341 2563; x_wconf 79' lang='lat' dir='ltr'>productum</span> <span class='ocrx_word' id='word_1_280' title='bbox 371 2517 517 2563; x_wconf 83' lang='lat' dir='ltr'>longum</span> <span class='ocrx_word' id='word_1_281' title='bbox 545 2522 597 2552; x_wconf 79' lang='lat' dir='ltr'>est</span> <span class='ocrx_word' id='word_1_282' title='bbox 614 2538 667 2545; x_wconf 88' lang='lat'>—</span> <span class='ocrx_word' id='word_1_283' title='bbox 688 2530 709 2553; x_wconf 91' lang='lat' dir='ltr'>u</span> <span class='ocrx_word' id='word_1_284' title='bbox 743 2530 823 2553; x_wconf 81' lang='lat' dir='ltr'>cor-</span> 
     </span>
     <span class='ocr_line' id='line_1_39' title="bbox 127 2569 826 2616; baseline 0.003 -12"><span class='ocrx_word' id='word_1_285' title='bbox 127 2574 268 2616; x_wconf 83' lang='lat' dir='ltr'>reptum</span> <span class='ocrx_word' id='word_1_286' title='bbox 303 2569 452 2605; x_wconf 82' lang='lat' dir='ltr'>brevem.</span> <span class='ocrx_word' id='word_1_287' title='bbox 525 2570 595 2606; x_wconf 85' lang='lat' dir='ltr'>Sed</span> <span class='ocrx_word' id='word_1_288' title='bbox 629 2569 826 2606; x_wconf 86' lang='lat' dir='ltr'>verisimile</span> 
     </span>
     <span class='ocr_line' id='line_1_40' title="bbox 128 2622 823 2670; baseline 0.003 -13"><span class='ocrx_word' id='word_1_289' title='bbox 128 2629 200 2663; x_wconf 87' lang='lat' dir='ltr'>est,</span> <span class='ocrx_word' id='word_1_290' title='bbox 222 2622 300 2657; x_wconf 88' lang='lat' dir='ltr'>haec</span> <span class='ocrx_word' id='word_1_291' title='bbox 329 2634 350 2657; x_wconf 84' lang='lat' dir='ltr'>a</span> <span class='ocrx_word' id='word_1_292' title='bbox 372 2630 588 2670; x_wconf 84' lang='lat' dir='ltr'>corruptore</span> <span class='ocrx_word' id='word_1_293' title='bbox 617 2622 823 2659; x_wconf 81' lang='lat' dir='ltr'>accessisse.</span> 
     </span>
     <span class='ocr_line' id='line_1_41' title="bbox 127 2674 823 2717; baseline 0 -6"><span class='ocrx_word' id='word_1_294' title='bbox 127 2676 180 2711; x_wconf 81' lang='lat' dir='ltr'>Et</span> <span class='ocrx_word' id='word_1_295' title='bbox 208 2674 358 2710; x_wconf 85' lang='lat' dir='ltr'>videant</span> <span class='ocrx_word' id='word_1_296' title='bbox 391 2674 586 2717; x_wconf 84' lang='lat' dir='ltr'>acutiores,</span> <span class='ocrx_word' id='word_1_297' title='bbox 616 2688 663 2711; x_wconf 89' lang='lat' dir='ltr'>an</span> <span class='ocrx_word' id='word_1_298' title='bbox 696 2676 823 2711; x_wconf 87' lang='lat' dir='ltr'>eadem</span> 
     </span>
     <span class='ocr_line' id='line_1_42' title="bbox 126 2726 822 2776; baseline 0 -13"><span class='ocrx_word' id='word_1_299' title='bbox 126 2726 376 2776; x_wconf 87' lang='lat' dir='ltr'>interpolandi</span> <span class='ocrx_word' id='word_1_300' title='bbox 401 2726 515 2764; x_wconf 90' lang='lat' dir='ltr'>libido</span> <span class='ocrx_word' id='word_1_301' title='bbox 541 2727 706 2776; x_wconf 86' lang='lat' dir='ltr'>pluribus</span> <span class='ocrx_word' id='word_1_302' title='bbox 732 2727 822 2764; x_wconf 90' lang='lat' dir='ltr'>locis</span> 
     </span>
     <span class='ocr_line' id='line_1_43' title="bbox 129 2779 822 2830; baseline -0.001 -13"><span class='ocrx_word' id='word_1_303' title='bbox 129 2782 311 2822; x_wconf 86' lang='lat' dir='ltr'>nocuerit,</span> <span class='ocrx_word' id='word_1_304' title='bbox 352 2779 579 2830; x_wconf 88' lang='lat' dir='ltr'>Malliusque</span> <span class='ocrx_word' id='word_1_305' title='bbox 626 2780 737 2817; x_wconf 82' lang='lat' dir='ltr'>etiam</span> <span class='ocrx_word' id='word_1_306' title='bbox 784 2781 822 2816; x_wconf 91' lang='lat' dir='ltr'>in</span> 
     </span>
     <span class='ocr_line' id='line_1_44' title="bbox 127 2832 823 2882; baseline -0.001 -13"><span class='ocrx_word' id='word_1_307' title='bbox 127 2832 421 2882; x_wconf 67' lang='lat' dir='ltr'>praecedentibus</span> <span class='ocrx_word' id='word_1_308' title='bbox 461 2833 663 2882; x_wconf 86' lang='lat' dir='ltr'>scripserit,</span> <span class='ocrx_word' id='word_1_309' title='bbox 697 2846 718 2870; x_wconf 90' lang='lat' dir='ltr'>a</span> <span class='ocrx_word' id='word_1_310' title='bbox 746 2845 823 2869; x_wconf 85' lang='lat' dir='ltr'>cor-</span> 
     </span>
    </p>
   </div>
   <div class='ocr_carea' id='block_1_4' title="bbox 875 1510 1583 2829">
    <p class='ocr_par' dir='ltr' id='par_1_7' title="bbox 883 1510 1583 1652">
     <span class='ocr_line' id='line_1_45' title="bbox 883 1510 1583 1558; baseline 0.004 -14"><span class='ocrx_word' id='word_1_311' title='bbox 883 1514 987 1556; x_wconf 75' lang='lat' dir='ltr'>repta</span> <span class='ocrx_word' id='word_1_312' title='bbox 1008 1514 1070 1550; x_wconf 77' lang='lat' dir='ltr'>est,</span> <span class='ocrx_word' id='word_1_313' title='bbox 1095 1515 1134 1545; x_wconf 80' lang='lat' dir='ltr'>ut</span> <span class='ocrx_word' id='word_1_314' title='bbox 1160 1521 1276 1545; x_wconf 86' lang='lat' dir='ltr'>amor.</span> <span class='ocrx_word' id='word_1_315' title='bbox 1297 1531 1350 1536; x_wconf 96' lang='lat'><strong>—</strong></span> <span class='ocrx_word' id='word_1_316' title='bbox 1372 1510 1583 1558; x_wconf 75' lang='lat' dir='ltr'>Iproducta</span> 
     </span>
     <span class='ocr_line' id='line_1_46' title="bbox 884 1561 1582 1611; baseline 0.004 -14"><span class='ocrx_word' id='word_1_317' title='bbox 884 1568 947 1603; x_wconf 81' lang='lat' dir='ltr'>est,</span> <span class='ocrx_word' id='word_1_318' title='bbox 979 1568 1020 1597; x_wconf 82' lang='lat' dir='ltr'>ut</span> <span class='ocrx_word' id='word_1_319' title='bbox 1050 1561 1185 1598; x_wconf 88' lang='lat' dir='ltr'>Ilium:</span> <span class='ocrx_word' id='word_1_320' title='bbox 1216 1562 1227 1598; x_wconf 92' lang='lat' dir='ltr'>i</span> <span class='ocrx_word' id='word_1_321' title='bbox 1256 1569 1421 1611; x_wconf 80' lang='lat' dir='ltr'>correpta</span> <span class='ocrx_word' id='word_1_322' title='bbox 1451 1570 1514 1607; x_wconf 82' lang='lat' dir='ltr'>est,</span> <span class='ocrx_word' id='word_1_323' title='bbox 1542 1571 1582 1600; x_wconf 84' lang='lat' dir='ltr'>ut</span> 
     </span>
     <span class='ocr_line' id='line_1_47' title="bbox 883 1614 1149 1652; baseline 0 -2"><span class='ocrx_word' id='word_1_324' title='bbox 883 1614 962 1652; x_wconf 89' lang='lat' dir='ltr'>iter.</span> <span class='ocrx_word' id='word_1_325' title='bbox 996 1615 1149 1651; x_wconf 90' lang='lat' dir='ltr'><strong>HEUS.</strong></span> 
     </span>
    </p>

    <p class='ocr_par' dir='ltr' id='par_1_8' title="bbox 882 1666 1582 1915">
     <span class='ocr_line' id='line_1_48' title="bbox 937 1666 1582 1716; baseline 0.006 -14"><span class='ocrx_word' id='word_1_326' title='bbox 937 1666 957 1693; x_wconf 90' lang='lat' dir='ltr'>k</span> <span class='ocrx_word' id='word_1_327' title='bbox 990 1669 1127 1714; x_wconf 85' lang='lat' dir='ltr'>longas,</span> <span class='ocrx_word' id='word_1_328' title='bbox 1153 1674 1324 1716; x_wconf 66' lang='lat' dir='ltr'>correptae</span> <span class='ocrx_word' id='word_1_329' title='bbox 1352 1670 1487 1716; x_wconf 70' lang='lat' dir='ltr'>breves]</span> <span class='ocrx_word' id='word_1_330' title='bbox 1524 1670 1582 1706; x_wconf 86' lang='lat' dir='ltr'>Ita</span> 
     </span>
     <span class='ocr_line' id='line_1_49' title="bbox 883 1720 1578 1764; baseline 0.003 -8"><span class='ocrx_word' id='word_1_331' title='bbox 883 1733 983 1756; x_wconf 87' lang='lat' dir='ltr'>nunc</span> <span class='ocrx_word' id='word_1_332' title='bbox 1004 1733 1023 1756; x_wconf 91' lang='lat' dir='ltr'>e</span> <span class='ocrx_word' id='word_1_333' title='bbox 1044 1721 1129 1756; x_wconf 86' lang='lat' dir='ltr'>MS.</span> <span class='ocrx_word' id='word_1_334' title='bbox 1147 1720 1261 1757; x_wconf 86' lang='lat' dir='ltr'>Paris.</span> <span class='ocrx_word' id='word_1_335' title='bbox 1283 1721 1578 1764; x_wconf 82' lang='lat' dir='ltr'>emendavimus,</span> 
     </span>
     <span class='ocr_line' id='line_1_50' title="bbox 882 1774 1578 1823; baseline 0.004 -15"><span class='ocrx_word' id='word_1_336' title='bbox 882 1786 997 1821; x_wconf 89' lang='lat' dir='ltr'>quum</span> <span class='ocrx_word' id='word_1_337' title='bbox 1019 1774 1056 1808; x_wconf 90' lang='lat' dir='ltr'>in</span> <span class='ocrx_word' id='word_1_338' title='bbox 1080 1774 1243 1823; x_wconf 86' lang='lat' dir='ltr'>Guelph.</span> <span class='ocrx_word' id='word_1_339' title='bbox 1265 1786 1459 1823; x_wconf 83' lang='lat' dir='ltr'>perperam</span> <span class='ocrx_word' id='word_1_340' title='bbox 1487 1775 1578 1811; x_wconf 89' lang='lat' dir='ltr'>scri-</span> 
     </span>
     <span class='ocr_line' id='line_1_51' title="bbox 883 1828 1581 1876; baseline 0.006 -16"><span class='ocrx_word' id='word_1_341' title='bbox 883 1834 988 1875; x_wconf 86' lang='lat' dir='ltr'>ptum</span> <span class='ocrx_word' id='word_1_342' title='bbox 1037 1834 1134 1862; x_wconf 81' lang='lat' dir='ltr'>esset</span> <span class='ocrx_word' id='word_1_343' title='bbox 1182 1828 1291 1874; x_wconf 82' lang='lat' dir='ltr'>longa</span> <span class='ocrx_word' id='word_1_344' title='bbox 1337 1829 1367 1862; x_wconf 72' lang='lat' dir='ltr'>si</span> <span class='ocrx_word' id='word_1_345' title='bbox 1410 1834 1581 1876; x_wconf 68' lang='lat' dir='ltr'>correpta?</span> 
     </span>
     <span class='ocr_line' id='line_1_52' title="bbox 884 1880 1200 1915; baseline 0.003 -1"><span class='ocrx_word' id='word_1_346' title='bbox 884 1880 1013 1915; x_wconf 73' lang='lat' dir='ltr'>breves.</span> <span class='ocrx_word' id='word_1_347' title='bbox 1046 1880 1200 1915; x_wconf 82' lang='lat' dir='ltr'>HEUS.</span> 
     </span>
    </p>

    <p class='ocr_par' dir='ltr' id='par_1_9' title="bbox 880 1930 1580 2233">
     <span class='ocr_line' id='line_1_53' title="bbox 935 1930 1580 1983; baseline 0.008 -17"><span class='ocrx_word' id='word_1_348' title='bbox 935 1930 1115 1978; x_wconf 77' lang='lat' dir='ltr'>ljunctae</span> <span class='ocrx_word' id='word_1_349' title='bbox 1152 1935 1402 1981; x_wconf 75' lang='lat' dir='ltr'>consonantes]</span> <span class='ocrx_word' id='word_1_350' title='bbox 1447 1934 1580 1983; x_wconf 84' lang='lat' dir='ltr'>Inepte</span> 
     </span>
     <span class='ocr_line' id='line_1_54' title="bbox 882 1985 1578 2034; baseline 0.003 -13"><span class='ocrx_word' id='word_1_351' title='bbox 882 1985 1045 2034; x_wconf 85' lang='lat' dir='ltr'>Guelph.</span> <span class='ocrx_word' id='word_1_352' title='bbox 1067 1985 1204 2021; x_wconf 83' lang='lat' dir='ltr'>codicis</span> <span class='ocrx_word' id='word_1_353' title='bbox 1234 1994 1420 2022; x_wconf 85' lang='lat' dir='ltr'>corrector</span> <span class='ocrx_word' id='word_1_354' title='bbox 1439 1987 1495 2023; x_wconf 88' lang='lat' dir='ltr'>his</span> <span class='ocrx_word' id='word_1_355' title='bbox 1525 1987 1578 2023; x_wconf 88' lang='lat' dir='ltr'>in-</span> 
     </span>
     <span class='ocr_line' id='line_1_55' title="bbox 881 2038 1578 2089; baseline 0.004 -16"><span class='ocrx_word' id='word_1_356' title='bbox 881 2038 1045 2087; x_wconf 82' lang='lat' dir='ltr'>terponit</span> <span class='ocrx_word' id='word_1_357' title='bbox 1074 2043 1149 2080; x_wconf 81' lang='lat' dir='ltr'>aut,</span> <span class='ocrx_word' id='word_1_358' title='bbox 1183 2038 1357 2087; x_wconf 83' lang='lat' dir='ltr'>idemque</span> <span class='ocrx_word' id='word_1_359' title='bbox 1387 2039 1423 2075; x_wconf 93' lang='lat' dir='ltr'>in</span> <span class='ocrx_word' id='word_1_360' title='bbox 1453 2041 1578 2089; x_wconf 84' lang='lat' dir='ltr'>proxi-</span> 
     </span>
     <span class='ocr_line' id='line_1_56' title="bbox 882 2090 1580 2140; baseline 0.004 -14"><span class='ocrx_word' id='word_1_361' title='bbox 882 2090 951 2127; x_wconf 87' lang='lat' dir='ltr'>mis</span> <span class='ocrx_word' id='word_1_362' title='bbox 971 2098 1057 2140; x_wconf 87' lang='lat' dir='ltr'>post</span> <span class='ocrx_word' id='word_1_363' title='bbox 1072 2091 1180 2127; x_wconf 88' lang='lat' dir='ltr'>verba</span> <span class='ocrx_word' id='word_1_364' title='bbox 1199 2097 1265 2127; x_wconf 76' lang='lat' dir='ltr'>aut</span> <span class='ocrx_word' id='word_1_365' title='bbox 1286 2093 1404 2128; x_wconf 73' lang='lat' dir='ltr'>breves</span> <span class='ocrx_word' id='word_1_366' title='bbox 1422 2094 1580 2140; x_wconf 77' lang='lat' dir='ltr'>syllabas</span> 
     </span>
     <span class='ocr_line' id='line_1_57' title="bbox 881 2144 1579 2194; baseline 0.004 -15"><span class='ocrx_word' id='word_1_367' title='bbox 881 2144 987 2180; x_wconf 60' lang='lat' dir='ltr'>haud&gt;</span> <span class='ocrx_word' id='word_1_368' title='bbox 1000 2145 1121 2180; x_wconf 88' lang='lat' dir='ltr'>minus</span> <span class='ocrx_word' id='word_1_369' title='bbox 1149 2145 1322 2194; x_wconf 87' lang='lat' dir='ltr'>imperite</span> <span class='ocrx_word' id='word_1_370' title='bbox 1338 2145 1492 2193; x_wconf 79' lang='lat' dir='ltr'>faciunt</span> <span class='ocrx_word' id='word_1_371' title='bbox 1521 2146 1579 2182; x_wconf 90' lang='lat' dir='ltr'>in-</span> 
     </span>
     <span class='ocr_line' id='line_1_58' title="bbox 880 2197 1199 2233; baseline 0 0"><span class='ocrx_word' id='word_1_372' title='bbox 880 2197 1010 2233; x_wconf 85' lang='lat' dir='ltr'>culcat.</span> <span class='ocrx_word' id='word_1_373' title='bbox 1043 2197 1199 2233; x_wconf 89' lang='lat' dir='ltr'>HEUS.</span> 
     </span>
    </p>

    <p class='ocr_par' dir='ltr' id='par_1_10' title="bbox 875 2251 1579 2829">
     <span class='ocr_line' id='line_1_59' title="bbox 934 2251 1579 2299; baseline 0.006 -15"><span class='ocrx_word' id='word_1_374' title='bbox 934 2257 965 2276; x_wconf 86' lang='lat'>111</span> <span class='ocrx_word' id='word_1_375' title='bbox 1003 2251 1091 2285; x_wconf 72' lang='lat' dir='ltr'>bina&gt;</span> <span class='ocrx_word' id='word_1_376' title='bbox 1137 2252 1287 2294; x_wconf 78' lang='lat' dir='ltr'>vocales,</span> <span class='ocrx_word' id='word_1_377' title='bbox 1328 2264 1417 2299; x_wconf 82' lang='lat' dir='ltr'>quas</span> <span class='ocrx_word' id='word_1_378' title='bbox 1465 2254 1579 2288; x_wconf 75' lang='lat' dir='ltr'>Groeci</span> 
     </span>
     <span class='ocr_line' id='line_1_60' title="bbox 880 2304 1579 2353; baseline 0.003 -14"><span class='ocrx_word' id='word_1_379' title='bbox 880 2304 1144 2351; x_wconf 78' lang='lat' dir='ltr'>diphthongon]</span> <span class='ocrx_word' id='word_1_380' title='bbox 1168 2304 1328 2353; x_wconf 88' lang='lat' dir='ltr'>Guelph.</span> <span class='ocrx_word' id='word_1_381' title='bbox 1351 2306 1430 2340; x_wconf 83' lang='lat' dir='ltr'>bine</span> <span class='ocrx_word' id='word_1_382' title='bbox 1445 2307 1579 2341; x_wconf 76' lang='lat' dir='ltr'>vocalis</span> 
     </span>
     <span class='ocr_line' id='line_1_61' title="bbox 881 2357 1576 2404; baseline 0.003 -12"><span class='ocrx_word' id='word_1_383' title='bbox 881 2370 970 2404; x_wconf 80' lang='lat' dir='ltr'>quas</span> <span class='ocrx_word' id='word_1_384' title='bbox 996 2359 1095 2403; x_wconf 66' lang='lat' dir='ltr'>greci</span> <span class='ocrx_word' id='word_1_385' title='bbox 1123 2359 1330 2404; x_wconf 79' lang='lat' dir='ltr'>diptongon.</span> <span class='ocrx_word' id='word_1_386' title='bbox 1378 2357 1492 2394; x_wconf 88' lang='lat' dir='ltr'>Paris.</span> <span class='ocrx_word' id='word_1_387' title='bbox 1523 2360 1576 2394; x_wconf 76' lang='lat' dir='ltr'>di-</span> 
     </span>
     <span class='ocr_line' id='line_1_62' title="bbox 875 2409 1575 2460; baseline 0.003 -15"><span class='ocrx_word' id='word_1_388' title='bbox 875 2411 1094 2457; x_wconf 72' lang='lat' dir='ltr'>phthongos,</span> <span class='ocrx_word' id='word_1_389' title='bbox 1121 2409 1245 2446; x_wconf 84' lang='lat' dir='ltr'>Etiam</span> <span class='ocrx_word' id='word_1_390' title='bbox 1261 2410 1347 2447; x_wconf 81' lang='lat' dir='ltr'>alibi</span> <span class='ocrx_word' id='word_1_391' title='bbox 1360 2412 1399 2446; x_wconf 89' lang='lat' dir='ltr'>in</span> <span class='ocrx_word' id='word_1_392' title='bbox 1413 2411 1575 2460; x_wconf 86' lang='lat' dir='ltr'>Guelph.</span> 
     </span>
     <span class='ocr_line' id='line_1_63' title="bbox 880 2462 1576 2514; baseline 0.003 -15"><span class='ocrx_word' id='word_1_393' title='bbox 880 2462 1050 2500; x_wconf 86' lang='lat' dir='ltr'>scribitur</span> <span class='ocrx_word' id='word_1_394' title='bbox 1070 2464 1278 2511; x_wconf 74' lang='lat' dir='ltr'>diplongon,</span> <span class='ocrx_word' id='word_1_395' title='bbox 1300 2472 1337 2500; x_wconf 84' lang='lat' dir='ltr'>et</span> <span class='ocrx_word' id='word_1_396' title='bbox 1358 2472 1483 2514; x_wconf 88' lang='lat' dir='ltr'>potest</span> <span class='ocrx_word' id='word_1_397' title='bbox 1506 2466 1576 2501; x_wconf 91' lang='lat' dir='ltr'>hoc</span> 
     </span>
     <span class='ocr_line' id='line_1_64' title="bbox 880 2515 1577 2566; baseline 0.003 -14"><span class='ocrx_word' id='word_1_398' title='bbox 880 2516 1101 2553; x_wconf 86' lang='lat' dir='ltr'>vocabulum</span> <span class='ocrx_word' id='word_1_399' title='bbox 1131 2515 1167 2552; x_wconf 90' lang='lat' dir='ltr'>in</span> <span class='ocrx_word' id='word_1_400' title='bbox 1195 2529 1330 2566; x_wconf 86' lang='lat' dir='ltr'>genere</span> <span class='ocrx_word' id='word_1_401' title='bbox 1361 2526 1494 2554; x_wconf 87' lang='lat' dir='ltr'>neutro</span> <span class='ocrx_word' id='word_1_402' title='bbox 1514 2531 1577 2554; x_wconf 85' lang='lat' dir='ltr'>ac-</span> 
     </span>
     <span class='ocr_line' id='line_1_65' title="bbox 879 2568 1575 2620; baseline 0.001 -14"><span class='ocrx_word' id='word_1_403' title='bbox 879 2578 1028 2619; x_wconf 89' lang='lat' dir='ltr'>ceptum</span> <span class='ocrx_word' id='word_1_404' title='bbox 1065 2568 1150 2606; x_wconf 85' lang='lat' dir='ltr'>vice</span> <span class='ocrx_word' id='word_1_405' title='bbox 1193 2569 1415 2606; x_wconf 85' lang='lat' dir='ltr'>substantivi</span> <span class='ocrx_word' id='word_1_406' title='bbox 1457 2571 1575 2620; x_wconf 85' lang='lat' dir='ltr'>fungi.</span> 
     </span>
     <span class='ocr_line' id='line_1_66' title="bbox 880 2622 1576 2672; baseline 0 -12"><span class='ocrx_word' id='word_1_407' title='bbox 880 2624 980 2661; x_wconf 84' lang='lat' dir='ltr'>Quia</span> <span class='ocrx_word' id='word_1_408' title='bbox 1017 2630 1142 2658; x_wconf 85' lang='lat' dir='ltr'>tamen</span> <span class='ocrx_word' id='word_1_409' title='bbox 1183 2622 1352 2659; x_wconf 87' lang='lat' dir='ltr'>librarius</span> <span class='ocrx_word' id='word_1_410' title='bbox 1390 2622 1458 2659; x_wconf 89' lang='lat' dir='ltr'>iste</span> <span class='ocrx_word' id='word_1_411' title='bbox 1492 2637 1576 2672; x_wconf 84' lang='lat' dir='ltr'>per-</span> 
     </span>
     <span class='ocr_line' id='line_1_67' title="bbox 882 2675 1575 2725; baseline 0 -14"><span class='ocrx_word' id='word_1_412' title='bbox 882 2675 1009 2712; x_wconf 83' lang='lat' dir='ltr'>multis</span> <span class='ocrx_word' id='word_1_413' title='bbox 1041 2675 1129 2711; x_wconf 89' lang='lat' dir='ltr'>locis</span> <span class='ocrx_word' id='word_1_414' title='bbox 1149 2689 1166 2711; x_wconf 78' lang='lat' dir='ltr'>s</span> <span class='ocrx_word' id='word_1_415' title='bbox 1187 2676 1296 2712; x_wconf 79' lang='lat' dir='ltr'>finale</span> <span class='ocrx_word' id='word_1_416' title='bbox 1322 2689 1514 2725; x_wconf 86' lang='lat' dir='ltr'>perperam</span> <span class='ocrx_word' id='word_1_417' title='bbox 1537 2676 1575 2711; x_wconf 91' lang='lat' dir='ltr'>in</span> 
     </span>
     <span class='ocr_line' id='line_1_68' title="bbox 878 2728 1576 2776; baseline 0 -12"><span class='ocrx_word' id='word_1_418' title='bbox 878 2741 901 2763; x_wconf 84' lang='lat' dir='ltr'>n</span> <span class='ocrx_word' id='word_1_419' title='bbox 936 2736 1067 2771; x_wconf 86' lang='lat' dir='ltr'>mutat,</span> <span class='ocrx_word' id='word_1_420' title='bbox 1102 2728 1213 2764; x_wconf 88' lang='lat' dir='ltr'>credo</span> <span class='ocrx_word' id='word_1_421' title='bbox 1246 2729 1420 2764; x_wconf 79' lang='lat' dir='ltr'>Mallium</span> <span class='ocrx_word' id='word_1_422' title='bbox 1461 2729 1576 2776; x_wconf 82' lang='lat' dir='ltr'>scrip-</span> 
     </span>
     <span class='ocr_line' id='line_1_69' title="bbox 879 2779 1575 2829; baseline 0 -13"><span class='ocrx_word' id='word_1_423' title='bbox 879 2781 968 2817; x_wconf 87' lang='lat' dir='ltr'>sisse</span> <span class='ocrx_word' id='word_1_424' title='bbox 1006 2781 1257 2829; x_wconf 78' lang='lat' dir='ltr'>diphthongos,</span> <span class='ocrx_word' id='word_1_425' title='bbox 1292 2789 1356 2817; x_wconf 89' lang='lat' dir='ltr'>aut</span> <span class='ocrx_word' id='word_1_426' title='bbox 1394 2779 1423 2817; x_wconf 89' lang='lat' dir='ltr'>si</span> <span class='ocrx_word' id='word_1_427' title='bbox 1459 2780 1575 2817; x_wconf 78' lang='lat' dir='ltr'>mavis</span> 
     </span>
    </p>
   </div>
   <div class='ocr_carea' id='block_1_5' title="bbox 878 2834 1267 2882">
    <p class='ocr_par' dir='ltr' id='par_1_11' title="bbox 878 2834 1267 2882">
     <span class='ocr_line' id='line_1_70' title="bbox 878 2834 1267 2882; baseline 0.003 -13"><span class='ocrx_word' id='word_1_428' title='bbox 878 2834 1077 2882; x_wconf 79' lang='grc' dir='ltr'><strong><em>ὃιφθόγγους.</em></strong></span> <span class='ocrx_word' id='word_1_429' title='bbox 1109 2834 1148 2870; x_wconf 90' lang='grc' dir='ltr'><em>Η</em></span> <span class='ocrx_word' id='word_1_430' title='bbox 1155 2835 1267 2871; x_wconf 87' lang='lat' dir='ltr'><strong>EUS.</strong></span> 
     </span>
    </p>
   </div>
   <div class='ocr_carea' id='block_1_6' title="bbox 839 2903 912 2935">
    <p class='ocr_par' dir='ltr' id='par_1_12' title="bbox 839 2903 912 2935">
     <span class='ocr_line' id='line_1_71' title="bbox 839 2903 912 2935; baseline 0.014 -1"><span class='ocrx_word' id='word_1_431' title='bbox 839 2903 912 2935; x_wconf 85' lang='lat' dir='ltr'>3Y</span> 
     </span>
    </p>
   </div>
  </div>
 </body>
</html>
