1962 3355
365 173 462 219 446
980 174 1228 221 Diomedis
1625 185 1720 216 LIB.
1742 185 1816 216 111.

367 294 509 340 chaeae
534 293 784 340 eomoediae
808 293 1076 341 charactere
1109 292 1445 355 compositum,
1470 298 1494 328 g
1502 290 1640 352 quale
1677 289 1820 352 scrip-

367 380 528 416 serunt
559 370 772 416 Lucilius
801 380 848 416 et
881 370 1109 416 Horatius
1143 377 1190 414 et
1226 367 1426 413 Persius.
1495 365 1561 411 Et
1584 365 1696 410 olim
1723 382 1822 410 car-

370 463 496 503 men,
521 446 647 508 quod
679 464 739 493 ex
767 446 904 492 variis
940 444 1239 509 poematibus
1276 441 1537 495 constabat,
1563 449 1719 504 satyra
1742 457 1823 485 vo-

369 522 579 576 cabatur,
599 522 761 584 gquale
778 521 1066 584 scripserunt
1082 518 1342 565 hPacuvius
1361 527 1408 564 et
1427 517 1628 564 Ennius.
1655 517 1822 579 Satyra

370 604 530 642 autem
557 595 697 652 dicta,
722 596 818 641 sive
854 614 880 641 a
904 595 1100 657 Satyris,
1127 593 1253 656 quod
1292 593 1509 640 similiter
1537 593 1582 639 in
1610 593 1700 638 hoc
1725 609 1824 637 car-

370 671 500 716 mine
535 671 744 717 ridiculae
775 689 844 716 res
881 669 1211 734 pudendaeque
1236 669 1472 724 dicuntur,
1498 686 1603 730 quae
1634 668 1764 713 velut
1799 684 1825 712 a

372 747 550 810 Satyris
584 748 885 810 proferuntur
909 756 956 793 et
979 749 1128 792 fiunt:
1167 746 1263 792 sive
1288 763 1313 791 a
1345 745 1520 808 isatyra
1544 745 1691 799 lance,
1717 761 1825 807 quae

371 824 538 869 referta
561 824 700 870 variis
735 824 992 886 multisque
1027 820 1358 886 primitiis,jin
1397 839 1525 867 sacro
1550 820 1674 884 apud
1710 819 1828 883 pris-

372 917 450 945 cos
485 899 594 945 Diis
633 900 934 955 inferebatur,
960 911 1005 945 et
1039 917 1064 944 a
1100 898 1233 962 copia
1260 916 1313 944 ac
1349 897 1624 944 ksaturitate
1659 896 1723 942 rei
1761 913 1833 941 sa—

371 985 475 1022 tura
501 977 783 1031 vocabatur;
821 976 954 1038 cujus
980 975 1163 1038 generis
1190 975 1398 1021 lancium
1429 974 1499 1020 let
1522 972 1749 1036 Virgilius
1783 972 1830 1018 in

374 1053 619 1116 Georgicis
645 1053 880 1107 meminit,
905 1070 1012 1099 cum
1041 1052 1131 1098 hoc
1157 1050 1300 1097 modo
1323 1050 1496 1106 mdicit,

548 1163 755 1203 Lancibus
777 1168 814 1202 et
831 1162 987 1217 pandis
989 1162 1220 1216 ficmantia
1241 1161 1453 1201 reddimus
1472 1165 1583 1200 emta.

374 1229 435 1274 et,

547 1285 783 1340 Lancesque
804 1290 841 1325 et
861 1284 1144 1338 Zibafiremus
1157 1300 1169 1323 :

377 1386 474 1432 sive
513 1403 538 1432 a
574 1385 780 1447 quodam
821 1403 990 1449 genere
1024 1384 1298 1440 farciminis,
1329 1382 1455 1446 quod
1496 1381 1658 1429 multis
1695 1383 1834 1427 rebus

340 1479 360 1510 6
377 1462 618 1518 refertum,
644 1471 879 1526 nsatyram
908 1461 1023 1507 dicit
1046 1461 1195 1507 Varro
1222 1460 1496 1506 vocitatum.
1550 1459 1638 1504 Est
1675 1467 1833 1504 autem

379 1539 470 1584 hoc
509 1538 717 1601 positum
759 1538 804 1583 in
850 1538 899 1584 II
936 1537 1058 1583 libro
1100 1536 1423 1582 Plautinarum
1467 1535 1833 1588 Quaestionum:

380 1615 565 1679 Satyra
589 1621 688 1660 oest
720 1632 814 1661 uva
842 1631 990 1677 passa
1024 1621 1069 1660 et
1093 1613 1290 1676 polenta
1317 1620 1363 1660 et
1396 1612 1585 1658 Pnuclei
1616 1611 1745 1674 pinei
1778 1626 1835 1657 6oe

381 1691 532 1737 mulso
574 1691 829 1753 consparsi.
899 1690 1003 1736 qu
1045 1690 1146 1736 haec
1187 1689 1263 1735 alii
1302 1688 1483 1734 addunt
1524 1697 1571 1734 et
1608 1687 1666 1734 de
1710 1687 1836 1733 malo

382 1767 559 1831 punico
596 1784 753 1829 grana.
823 1766 917 1813 Alii
956 1775 1115 1812 autem
1153 1765 1326 1813 dictam
1368 1773 1536 1827 putant
1569 1781 1593 1809 a
1628 1764 1731 1826 lege
1767 1780 1839 1808 sa-

382 1852 500 1906 tyra,
541 1860 645 1905 quae
706 1860 802 1888 uno
849 1852 1015 1906 rogatu
1065 1843 1214 1888 multa
1261 1841 1401 1887 simul
1451 1838 1837 1903 comprehendat,

383 1918 509 1981 quod
549 1918 729 1964 scilicet
754 1928 800 1964 et
830 1928 986 1983 satyra
1018 1919 1251 1966 rcarmina
1288 1918 1438 1964 multa
1474 1917 1613 1963 simul
1646 1925 1693 1962 et
1728 1933 1840 1979 poe-

386 2003 513 2040 mata
551 1994 1034 2057 comprehenduntur,
1074 1994 1231 2056 Scujus
1275 2002 1441 2058 satyrae
1477 1993 1592 2054 legis
1625 1991 1839 2039 Lucilius

385 2072 606 2117 meminit
631 2071 677 2117 in
703 2072 873 2135 primo,

501 2171 585 2210 Per
604 2177 792 2225 satyram
816 2172 1164 2225 oeclilemfitctam,
1185 2173 1256 2227 qui
1276 2171 1437 2226 legibus
1456 2170 1601 2210 solvat.

442 2359 463 2386 g
483 2352 606 2400 quale]
633 2355 756 2399 quales
774 2354 913 2390 A.B.C.
936 2355 1030 2390 Ven.
1195 2352 1216 2379 h
1236 2353 1433 2401 Pacuvius]
1461 2352 1541 2388 Vid.
1564 2353 1775 2389 Casaubon.
1798 2353 1844 2389 de

391 2406 468 2441 Sat.
491 2406 599 2441 Poes.
622 2407 671 2441 ΙΙ.
696 2419 729 2442 2.
752 2419 787 2454 p.
815 2407 899 2442 188.
1038 2405 1046 2433 i
1071 2419 1091 2442 a
1110 2415 1231 2454 satyra
1250 2406 1371 2454 lance]
1395 2412 1519 2453 satyra
1540 2419 1560 2441 a
1582 2407 1683 2441 lance
1701 2406 1843 2442 A.B.C.

391 2472 413 2494 α
432 2463 558 2494 satura
580 2460 680 2494 lance
702 2458 909 2507 Scioppius.
1030 2457 1042 2493 j
1064 2459 1100 2495 in
1123 2459 1235 2495 sacris
1256 2460 1399 2496 Cereris
1418 2460 1662 2506 inferebatur]
1688 2461 1723 2494 in
1743 2472 1844 2495 sacro

391 2513 489 2558 apud
514 2513 592 2558 pris
623 2513 737 2547 cordis
768 2512 881 2560 irffere
906 2513 951 2548 A.
984 2514 1017 2548 in
1043 2525 1144 2549 sacro
1171 2515 1268 2560 apud
1290 2515 1426 2560 priscos
1448 2515 1516 2549 diis
1538 2513 1585 2548 Β.
1616 2514 1652 2548 in
1679 2525 1782 2548 sacro
1803 2514 1845 2560 pi

391 2566 523 2600 scorclis
543 2564 763 2612 inferebatur
784 2566 827 2601 C.
858 2568 871 2600 ῖ
889 2567 998 2601 sacris
1011 2567 1184 2613 piscorclis
1204 2566 1424 2613 inferebatur
1444 2567 1539 2602 Ven.
1671 2564 1692 2591 k
1711 2565 1843 2601 saturi-

392 2618 487 2665 tate]
513 2631 556 2653 ac
573 2620 767 2653 saturitate
788 2619 878 2654 A.C.
1005 2617 1016 2645 1
1036 2624 1076 2654 ut
1102 2619 1271 2666 Virgilius
1292 2620 1334 2656 C.
1464 2626 1495 2645 m
1515 2618 1622 2666 dicit]
1647 2620 1779 2654 dicitur
1799 2619 1844 2654 B.

392 2677 412 2696 n
433 2680 591 2720 satyram
606 2672 722 2706 Varro
744 2671 897 2717 vocitat]
919 2677 1076 2719 satyram
1094 2674 1179 2708 <licit
1198 2673 1312 2708 Varro
1332 2675 1527 2709 vocitatum
1540 2672 1680 2708 A.B.C.
1750 2678 1768 2697 o
1789 2679 1847 2708 est

393 2724 456 2760 ubi
478 2724 601 2773 passa]
625 2730 676 2759 est
696 2737 763 2759 ava
779 2737 888 2772 passa
907 2725 1049 2762 A.B.C.
1214 2733 1233 2760 P
1264 2725 1385 2763 nuclei
1416 2725 1534 2775 pinei]
1567 2726 1673 2761 nuclei
1696 2725 1775 2772 pini
1803 2726 1845 2760 C.

393 2777 486 2813 Mox
517 2779 698 2824 consparsi
729 2778 822 2813 Ven.
858 2778 917 2814 Sc.
953 2791 1020 2828 pro
1054 2781 1242 2826 conspersi.
1364 2786 1384 2814 q
1417 2779 1463 2815 ad
1495 2779 1590 2826 haec]
1627 2779 1674 2813 ad
1706 2778 1770 2812 hoc
1801 2778 1844 2813 C.

394 2837 410 2855 ¹·
432 2830 614 2876 carmina]
639 2832 794 2867 carmine
814 2832 858 2867 B.
888 2832 980 2867 Mox
1001 2837 1035 2867 et
1054 2845 1129 2869 orn.
1146 2833 1242 2869 Ven.
1378 2838 1392 2858 s
1413 2831 1518 2879 cujus
1539 2830 1646 2882 legis]
1669 2830 1770 2878 cujus
1788 2844 1847 2866 sa-

396 2888 484 2931 tyrae
504 2885 591 2931 legis
609 2884 747 2920 A.B.C.
