1962 3355
150 200 257 232 CAP.
279 196 321 232 2,
485 185 565 232 De
590 184 769 231 Metris
790 201 879 247 per
904 185 1149 246 συμπάθειαν
1176 185 1263 246 &a
1516 194 1605 243 139

151 356 289 409 CAP.
316 356 390 408 II.
458 359 542 410 De
571 357 773 410 Metris
789 375 895 427 per
924 355 1207 424 συμπάθειαν
1231 366 1281 408 et
1308 354 1590 407 ἀντιπάθειαν

595 442 734 494 inter
759 458 814 493 se
841 440 1150 509 conjunctis

210 546 443 593 Dicemus
479 547 624 611 igitur
655 547 714 593 de
750 546 912 592 mixtis
938 564 992 592 ac
1017 556 1184 592 mutua
1208 544 1505 591 connexione
1530 562 1601 589 so-

145 623 279 669 ciatis
319 632 577 670 metrorum
612 623 878 687 generibus,
904 639 1106 685 quorum
1143 621 1359 667 bifariam
1393 620 1510 666 ratio
1535 620 1604 665 ‹li-

146 700 408 763 spergitur:
445 718 653 764 namque
689 701 778 747 alia
815 709 1133 746 consentanea
1159 708 1205 744 et
1233 698 1373 744 veluti
1402 707 1604 759 cognata

145 776 268 822 inter
314 794 362 822 se
402 777 583 824 ratione
615 778 899 841 junguntur,
943 777 1030 823 alia
1070 793 1128 822 ex
1171 775 1449 821 dissidentia
1491 791 1603 820 con-

145 852 314 906 trarl33
352 871 459 916 quae
497 854 650 900 Graeci
675 855 780 901 κατὰ
806 856 1052 914 συμπάθειαν
1076 851 1142 899 καὶ
1166 853 1416 898 ἄντιπάθειαν
1441 851 1603 914 appel-

146 929 260 975 lant.
330 930 486 976 Erunt
510 948 621 994 ergo
658 949 741 994 per
772 932 1031 991 συμπάθειαν,
1053 929 1099 975 id
1137 938 1208 975 est
1244 946 1326 992 per
1356 936 1603 974 consenta-
1624 951 1639 972 2

146 1023 288 1052 neum
325 1009 565 1061 affectum,
593 1007 754 1053 mixtae
788 1007 909 1053 inter
941 1024 989 1052 se
1021 1006 1235 1052 iambicae
1259 1006 1423 1051 ybases
1449 1005 1595 1051 chori-

147 1082 346 1128 ambicis
369 1092 415 1128 et
441 1082 783 1146 antispasticis:
821 1101 929 1129 nam
958 1082 1177 1144 quotiens
1197 1081 1494 1144 copulantur,
1514 1081 1603 1126 sub

146 1175 448 1221 quacumque
473 1158 596 1211 sede,
621 1158 779 1204 videas
805 1159 950 1204 veluti
977 1175 1033 1204 ex
1059 1176 1153 1204 una
1183 1158 1347 1204 eadem
1376 1158 1532 1221 specie
1557 1157 1601 1203 id

146 1234 467 1297 compositum
511 1244 716 1281 metrum
757 1244 877 1281 stare
911 1244 957 1280 et.
990 1235 1147 1297 2q11asi
1192 1234 1443 1289 uniforme,
1477 1233 1604 1295 quod

145 1311 337 1372 μονοειδὲς
364 1310 521 1357 Graeci
546 1311 727 1368 dicunt,
753 1310 1032 1375 procedere:
1065 1311 1260 1372 adaeque
1284 1319 1330 1356 ct
1355 1310 1605 1356 trochaicae

146 1389 309 1433 abases
335 1387 501 1434 ionicis
539 1389 639 1452 pari
672 1388 983 1435 consensione
1008 1388 1263 1444 sociantur,
1289 1405 1397 1433 cum
1426 1387 1607 1451 epiplo-

147 1482 326 1521 carum,
351 1482 466 1527 quas
502 1466 828 1528 amplexiones
866 1473 1125 1510 metrorum
1161 1464 1385 1520 diximus,
1411 1464 1607 1510 binutua

146 1541 269 1587 inter
310 1559 357 1587 se
399 1542 695 1588 successione
733 1541 985 1588 variantur.
1056 1541 1121 1587 Et
1157 1558 1267 1587 cum
1314 1558 1405 1585 non
1451 1541 1603 1587 solum
1625 1557 1642 1585 3

146 1620 406 1665 trochaeum
433 1627 480 1664 et
506 1618 790 1665 solutionem
828 1618 926 1679 ejus
951 1618 1243 1680 tribrachyn,
1269 1617 1350 1663 sed
1387 1626 1434 1663 et
1467 1635 1605 1680 spon-

146 1694 288 1741 deum
328 1712 438 1741 cum
477 1695 571 1741 suis
609 1695 940 1751 solutionibus,
971 1694 1016 1740 id
1052 1704 1123 1740 est
1154 1693 1398 1756 dactylum
1426 1703 1472 1738 et
1498 1711 1604 1738 ana-

149 1779 370 1835 paestum,
395 1771 657 1829 cadmittat,
683 1782 843 1818 tamen
871 1771 1125 1817 uniformia
1150 1779 1299 1815 metra
1325 1769 1607 1826 sentiuntur,

147 1865 257 1894 eum
283 1864 341 1893 ex
367 1848 602 1894 similibus
627 1858 674 1894 et
697 1848 1008 1894 familiaribus
1044 1847 1244 1911 pedibus
1281 1846 1340 1891 sit
1371 1846 1457 1891 ista
1494 1864 1605 1891 con-

140 1923 343 1985 junctio.
414 1924 643 1970 Similiter
666 1924 912 1988 dactylicis
949 1924 1233 1988 anapaestica
1259 1922 1502 1968 incidunt:
1542 1930 1606 1978 ut,
1625 1944 1645 1973 4

347 2000 502 2047 Arma
526 2002 773 2065 virumque
799 2019 929 2048 cmm.

148 2077 343 2123 Etenim
370 2077 562 2139 adjectis
587 2078 771 2124 duabus
796 2078 1032 2132 brevibus,
1059 2085 1112 2121 ut
1137 2093 1276 2138 supra
1296 2074 1607 2131 ostendimus,

148 2155 232 2200 fiet
256 2154 595 2217 anapaesticum
622 2172 704 2218 per
730 2156 990 2216 συμπάθειαν,
1016 2152 1097 2206 sic,

348 2230 481 2276 Ades
503 2247 643 2276 arma
665 2231 916 2294 virumque
940 2246 1069 2275 cano.

149 2305 257 2358 Qua
281 2304 605 2351 vicissitudine
636 2314 682 2351 et
708 2323 766 2351 ex
791 2304 1041 2353 trochaicis
1079 2303 1283 2349 iambica
1320 2312 1367 2349 et
1399 2320 1455 2349 ex
1496 2321 1606 2348 ana-

147 2381 353 2447 paesticis
378 2380 611 2445 dactylica
637 2391 787 2429 metra
811 2383 934 2428 inter
958 2399 1006 2426 se
1032 2381 1311 2427 formantur.
1383 2381 1470 2426 Per
1501 2381 1606 2426 ἀντι·
1626 2404 1642 2432 5

147 2457 308 2504 πάθειαν
331 2475 456 2512 vero,
481 2457 529 2504 id
562 2467 632 2505 est
664 2477 747 2522 per
778 2458 1066 2505 contrarium
1094 2457 1344 2505 daffectum
1383 2476 1463 2504 seu
1500 2477 1607 2522 pas-

149 2535 345 2592 sionem,
360 2534 651 2598 ejunguntur
666 2553 719 2582 ea
738 2553 941 2598 quorum
962 2535 1082 2581 inter
1101 2553 1148 2581 se
1167 2535 1412 2582 contrariae
1428 2535 1606 2599 species

202 2675 222 2703 Y
242 2668 367 2715 bases]
392 2667 490 2704 basis
510 2668 550 2704 P.
717 2674 735 2694 Ζ
755 2667 877 2717 quasi]
902 2666 1035 2717 quibus
1055 2668 1096 2704 P.
1258 2675 1277 2694 a
1297 2668 1421 2715 bases]
1447 2668 1545 2704 basis
1564 2668 1604 2703 P.

148 2719 169 2747 b
190 2722 339 2768 mutuo]
365 2729 496 2757 mutua
517 2722 557 2756 P.
687 2727 704 2747 0
723 2721 914 2767 admittat]
935 2720 1103 2758 admittit
1124 2721 1164 2757 P.
1299 2719 1318 2747 d
1338 2721 1530 2767 affectum]
1554 2720 1607 2756 ef-

150 2775 288 2811 fectum
309 2774 349 2810 P.
459 2783 476 2801 e
491 2774 676 2824 jungunt]
694 2777 905 2825 junguntur
927 2776 966 2810 P.

243 2921 256 2944 1
281 2908 499 2946 dissidentia
517 2909 717 2957 contraria]
740 2909 835 2946 forte
854 2911 1039 2945 dissidenti
1059 2914 1092 2944 et
1113 2909 1309 2944 contraria.
1341 2907 1512 2943 COMM.

839 2987 869 3016 T
896 2983 921 3018 2
