1962 3355
155 214 260 243 CAP.
284 207 356 243 12.
728 196 809 239 De
834 196 1029 240 Mezfris.
1543 196 1603 252 67

153 318 310 364 dium:
347 318 435 363 alia
461 319 520 363 ab
547 316 618 362 his
644 316 723 377 qui
750 316 955 361 crebrius
982 324 1280 378 usurparunt,
1306 324 1356 360 ut
1383 316 1608 378 ¹'Sapplii-

153 411 280 449 cum,
303 392 713 456 Asclepiadicum:
752 391 841 437 alia
875 409 899 436 a
924 391 1150 453 qualitate
1184 390 1379 454 pedum,
1406 400 1456 436 ut
1482 391 1608 436 Iam-

152 469 330 525 bicum,
355 468 703 531 SDactylicum,
722 467 1102 530 Anapaesticum:
1135 467 1245 512 talia
1265 485 1289 512 a
1306 483 1504 512 numero
1529 483 1608 528 pe-

150 544 281 601 dum,
300 554 353 590 ut
369 544 1055 599 Trimetrum,Tetrametrum,
1072 542 1423 588 Hexametrum
1442 560 1452 587 ε
1489 550 1509 570 v
1520 541 1608 587 alia

151 639 177 667 a
210 638 408 667 numero
441 621 745 684 syllabarum,
782 629 850 675 ut,
883 619 1320 682 WHeptasyllabon,
1353 617 1608 664 Hendeca-

151 697 382 760 syllabon.
454 697 669 742 Metrum
698 705 855 742 autem
891 696 1104 741 bifariam
1141 695 1458 758 accipiemus:
1495 712 1604 740 narn

150 782 232 819 aut
264 773 507 818 Poeticum
536 781 741 818 metrum
769 780 854 828 est,
880 780 961 818 aut
985 771 1247 817 Bioticum.

214 849 457 895 Bioticum
485 857 691 894 metrum
718 857 803 905 est,
827 847 954 911 quod
990 847 1035 893 in
1075 865 1161 893 usu
1187 847 1295 893 vitae
1320 856 1366 893 et
1398 847 1663 899 humana13

149 926 507 974 conversatione
546 934 759 971 taxatur:
796 925 922 987 quod
959 925 1116 988 ipsum
1155 924 1411 987 accipietur
1453 924 1606 970 modis

148 1011 414 1065 Xquattuor.
486 1002 645 1048 Primo
681 1020 763 1065 per
803 1002 1008 1065 spatium
1051 1000 1376 1063 longitudinis,
1418 1009 1470 1046 ut
1509 1017 1606 1046 me-
1629 1017 1664 1047 ¹4

147 1088 274 1125 trum
301 1080 523 1135 cubitale,
561 1079 742 1142 pedale,
775 1079 994 1142 palmale.
1066 1077 1286 1124 Secundo
1310 1094 1393 1141 per
1427 1077 1607 1140 ponde-

147 1172 250 1200 rum
277 1172 493 1211 examen,
520 1164 572 1199 ut
601 1155 647 1199 in
674 1154 806 1212 libra,
828 1154 983 1210 uncia,
1007 1154 1272 1216 Yscrupulo.
1339 1153 1500 1198 Tertio
1525 1170 1607 1215 per
1629 1177 1661 1208 15

147 1230 427 1292 qualitatem
464 1231 739 1283 acervalem,
767 1239 818 1275 ut
853 1230 899 1275 in
934 1229 1108 1283 modio,
1139 1228 1357 1284 sextario,
1397 1228 1604 1275 hemina.

148 1306 330 1359 Quarto
355 1324 438 1370 per
461 1307 737 1369 qualitatem
763 1305 1039 1352 Zhumidam
1067 1314 1114 1350 et
1132 1305 1325 1358 fluxam,
1353 1312 1404 1349 ut
1428 1304 1476 1349 in
1499 1321 1607 1368 eya·
1629 1315 1666 1347 16

145 1382 247 1438 tho,
271 1383 457 1445 congio.

212 1458 457 1505 Poeticum
485 1477 594 1506 vero
622 1467 844 1514 metrum,
876 1456 1002 1520 quod
1041 1475 1066 1503 a
1101 1456 1253 1520 poetis
1290 1473 1372 1520 per
1401 1457 1605 1520 syllabas
1629 1477 1664 1508 ¹7

145 1540 323 1605 pedum
350 1550 396 1587 et
422 1558 579 1587 versus
599 1542 842 1604 figuratur,
859 1549 905 1586 et
925 1539 1081 1603 ipsum
1108 1539 1437 1602 aintellegetur
1454 1538 1605 1584 modis

146 1625 385 1679 quattuor.
455 1618 543 1664 Per
577 1626 808 1680 tempora,
832 1624 886 1662 ut
910 1615 1091 1679 syllaba
1116 1616 1272 1678 longa,
1301 1602 1468 1671 brevis,
1493 1632 1603 1661 cum
1627 1632 1663 1662 18

144 1692 332 1740 dicitur.
402 1694 490 1740 Per
520 1710 760 1748 numeros,
786 1691 896 1754 quia
922 1699 1048 1737 certa
1073 1691 1360 1754 syllabarum
1389 1690 1607 1737 dinume-

143 1770 324 1816 ratione
360 1779 566 1816 metrum
605 1769 783 1815 finitur.
853 1769 941 1814 Per
964 1767 1240 1829 qualitatem
1276 1766 1470 1830 pedum,
1494 1767 1604 1829 quia
1628 1789 1663 1822 ¹9

145 1846 282 1892 certis
315 1846 514 1909 pedibus
550 1862 708 1891 versus
747 1844 924 1907 quique
971 1843 1263 1906 procedunt3
1314 1843 1440 1889 unde
1489 1843 1604 1889 iam-

146 1922 252 1968 bica
276 1922 516 1968 trochaica
551 1930 597 1967 et
626 1921 891 1984 bdactylica
925 1930 1074 1966 metra
1105 1919 1340 1966 dicuntur.
1398 1921 1485 1966 Per
1519 1938 1604 1966 nu-

145 2015 326 2044 merum
367 1998 561 2062 pedum,
586 1997 694 2060 quia
728 2015 886 2043 versus
923 2014 1008 2060 pro
1039 2014 1258 2042 mensura
1290 2014 1372 2042 sua
1402 1995 1604 2058 quisque

143 2073 370 2128 trimeter,
419 2083 466 2119 et
514 2082 799 2130 tetrameter,
847 2081 894 2119 et
943 2073 1247 2118 chexameter
1296 2071 1601 2134 intellegitur.

143 2149 523 2195 dHexametrum
567 2159 735 2213 poetae,
772 2148 897 2212 quod
940 2166 1020 2194 sex
1057 2149 1258 2213 pedibus
1294 2147 1601 2211 ingrediatur,
1622 2176 1662 2198 20

142 2234 285 2289 equos
325 2234 475 2272 metra
511 2225 677 2272 eodem
717 2225 860 2271 modo
900 2225 1052 2271 Graeci
1090 2226 1355 2281 nominant,
1394 2224 1602 2287 appella-

141 2310 267 2349 runt.
336 2302 471 2349 Sicut
506 2311 553 2348 et
586 2302 666 2348 illa
691 2301 866 2365 quibus
904 2303 1145 2358 metimur,
1172 2319 1280 2348 cum
1308 2309 1355 2346 et
1378 2299 1601 2346 trimodia
1620 2326 1657 2346 21

142 2378 203 2426 sit
226 2387 352 2425 certa
377 2395 612 2435 mensura,
637 2388 685 2425 et
712 2378 916 2436 modius,
940 2387 988 2424 et
1010 2377 1253 2432 fhemina3
1287 2376 1600 2424 nihilominus

196 2546 211 2564 r
233 2536 454 2586 Saphicum]
478 2537 702 2586 Sapphicum
726 2539 768 2574 P.
853 2545 867 2564 s
888 2538 1128 2588 dactylicum]
1153 2537 1366 2574 dactilicum
1386 2538 1427 2573 P.
1514 2538 1528 2564 t
1548 2546 1600 2574 te-

141 2598 360 2627 trametrum
400 2591 563 2637 hexam]
604 2591 676 2626 alia
706 2604 726 2626 a
766 2604 920 2627 numero
960 2591 1108 2639 pedum,
1143 2599 1182 2626 ut
1221 2591 1428 2627 trimetrum
1461 2603 1517 2628 εκ.
1557 2592 1598 2626 P.

140 2650 160 2670 V
179 2643 274 2690 aliae]
298 2643 369 2680 alia
389 2645 429 2679 P.
574 2651 602 2669 w
624 2645 781 2693 Heptas.
803 2645 975 2691 hendec]
999 2653 1115 2694 eptaS.
1138 2644 1266 2680 endec.
1290 2644 1330 2680 P.
1470 2650 1490 2669 X
1511 2657 1598 2693 qua-

142 2695 465 2745 tuor—spacium]
498 2698 887 2747 quattuor—spatium
916 2699 957 2734 P.
1103 2704 1122 2731 Y
1151 2696 1341 2746 scrupulo]
1373 2697 1534 2744 scripulo
1556 2698 1596 2732 P.

140 2756 159 2776 Ζ
178 2749 387 2797 humidam]
411 2749 576 2786 umidam
600 2751 638 2786 P.
787 2758 805 2777 a
824 2750 1284 2800 intelligetur—quatuor]
1309 2749 1599 2798 intellegetur—-

141 2811 317 2852 quattuor
337 2803 379 2840 P.
489 2800 509 2828 b
529 2803 724 2852 dactylica]
747 2803 918 2841 dactilica
940 2805 981 2840 P.
1092 2810 1108 2829 c
1129 2804 1341 2839 hexameter
1361 2801 1594 2851 intelligitur]

141 2865 329 2892 exameter
347 2854 574 2905 intellegitur
593 2857 633 2893 Ρ.
707 2855 726 2883 d
748 2858 1022 2903 hexametrum]
1044 2864 1272 2892 exametrum
1294 2856 1333 2891 P.
1413 2861 1429 2880 e
1449 2867 1596 2903 quos—

141 2909 355 2958 nominant]
379 2909 711 2959 quae--nominata
730 2912 771 2947 P.
883 2909 899 2936 f
917 2909 1082 2956 hemina]
1107 2908 1230 2945 emina
1251 2909 1289 2944 P.

825 2984 912 3019 Κ2
