1962 3355
316 220 408 255 244
876 210 1031 258 Marii
1054 211 1210 259 Plotiz'

313 340 475 378 tamen
523 331 757 394 Pyrrhica'
785 331 910 379 dicta
958 344 1027 380 est
1073 353 1098 380 a
1145 334 1326 396 Pyrrho
1365 332 1611 396 Cydoneo,
1660 334 1771 395 Pqui

314 408 495 471 primus
521 407 770 454 Cretenses
797 409 883 454 sub
908 409 1048 455 armis
1075 410 1242 455 saltare
1269 408 1326 454 ad
1357 408 1498 469 hujus
1534 408 1666 472 pedis
1703 427 1775 455 so-

315 502 428 530 num
458 484 676 530 instituit.
746 485 871 531 quii
905 504 930 532 a
964 486 1146 550 Pyrrho
1171 485 1373 532 Achillis
1399 486 1512 542 filio,
1537 504 1677 549 quem
1706 486 1775 532 di-

315 570 431 607 cunt
465 561 673 624 primum
714 561 759 607 in
799 562 986 608 tumulo
1025 562 1169 624 patris
1203 562 1272 607 sui
1311 572 1545 608 armatum
1585 562 1774 608 honoris

316 638 466 701 gratia
491 638 742 684 saltavisse.
810 639 1089 684 Aristoteles
1115 647 1273 684 autem
1295 638 1515 684 Achillen
1543 639 1608 685 ait
1634 639 1774 701 hujus

280 729 299 759 6
317 714 446 760 lusus
472 714 763 760 inventorem
791 714 948 760 fuisse.
1004 714 1305 766 Quibusdam
1334 715 1488 779 placet
1513 716 1571 762 ab
1597 715 1775 770 ardore,

318 789 363 836 id
400 799 470 836 est
503 808 528 835 a
562 790 810 835 velocitate
848 790 916 836 sui
959 807 1117 845 sonus,
1156 808 1330 837 nomen
1374 791 1607 855 accepisse
1648 792 1776 838 hunc

318 866 505 930 pedem,
536 865 633 911 Γἀπὸ
669 872 736 912 τοῦ
766 865 883 928 πυρὸς
920 866 964 912 id
999 875 1069 912 est
1102 884 1127 912 a
1159 867 1367 924 flamma,
1406 884 1459 913 ac
1497 886 1581 932 per
1619 869 1710 914 hoc
1750 887 1777 915 a

317 941 582 987 velocitate.
652 940 897 1004 Cognatus
924 942 1053 988 enim
1091 960 1253 989 sensus
1280 943 1455 989 ardoris
1481 953 1528 989 et
1552 944 1777 991 velocita-

319 1017 377 1063 tis
403 1027 488 1073 est,
513 1017 654 1073 unde,

605 1095 776 1134 Instant
794 1095 986 1134 ardentes
1014 1094 1157 1150 Tyrii,

321 1167 367 1214 id
393 1176 463 1214 est
469 1166 776 1232 festinantes
794 1187 808 1213 :
848 1176 910 1223 et,

605 1245 737 1285 Ardet
756 1245 871 1285 abire
870 1244 1015 1300 fuga,

322 1319 413 1365 hoc
437 1328 508 1365 est
516 1318 744 1381 festinat.

286 1420 301 1452 7
389 1394 670 1459 Pyrrhicbio
695 1393 953 1439 contrarius
978 1403 1049 1440 est
1071 1395 1306 1457 spondeus
1329 1415 1385 1443 ex
1407 1397 1590 1444 duabus
1612 1398 1778 1461 longis,

321 1482 591 1536 temporum
603 1479 904 1533 quattuor,ut
921 1470 1084 1518 heres:
1102 1473 1182 1535 qui
1201 1475 1467 1521 asacrificio
1479 1493 1655 1521 nomen
1672 1493 1779 1539 pos-

322 1551 457 1607 sedit,
478 1550 604 1613 quod
626 1550 792 1596 Graece
810 1550 953 1606 σπωιὸὴ
974 1560 1290 1614 nuncupatur,
1308 1549 1535 1612 quoniam
1556 1550 1646 1595 hoc
1664 1568 1780 1595 sono

324 1629 546 1692 bymnOS,
570 1627 617 1673 id
643 1637 713 1673 est
739 1626 899 1673 laudes
926 1627 1015 1673 diis
1046 1627 1409 1683 immortalibus,
1433 1626 1763 1673 decantabant.

284 1727 302 1756 8
392 1705 587 1751 Iambus
611 1721 669 1749 ex
696 1704 821 1749 brevi
849 1714 896 1750 et
928 1704 1068 1767 longa
1099 1713 1296 1760 constat,
1321 1713 1591 1765 temporum
1619 1703 1779 1758 trium,

321 1791 376 1829 ut
405 1782 563 1828 Ceres.
631 1781 780 1843 Cujus
807 1798 979 1826 nomen
1007 1781 1198 1827 SIambe
1223 1780 1353 1826 Celei
1382 1779 1476 1825 filia
1500 1779 1647 1836 dedit,
1674 1797 1781 1841 quae

322 1859 642 1906 cavillationes
672 1858 861 1918 jocosas
907 1857 1046 1919 hujus
1088 1857 1219 1920 pedis
1262 1874 1376 1902 sono
1414 1856 1592 1912 dicens,
1634 1857 1778 1903 risum

323 1936 482 1982 Cereri
510 1934 769 1998 hospitanti
798 1934 863 1980 ibi
891 1934 1213 1997 gratissimum
1238 1935 1617 1979 tcommovebat:
1656 1932 1782 1979 unde

322 2013 464 2059 etiam
505 2011 646 2073 hujus
680 2011 813 2075 pedis
849 2020 1052 2056 metrum
1088 2009 1352 2064 comoediis,
1380 2010 1470 2056 boc
1494 2020 1565 2056 est
1588 2012 1652 2055 rei
1680 2026 1783 2071 gra-

321 2090 531 2142 tissimae,
555 2088 986 2134 vaccommodatur.

285 2189 305 2219 9
395 2165 647 2211 Troclzseus
688 2181 745 2209 ex
789 2165 929 2226 longa
970 2173 1016 2209 et
1059 2164 1184 2209 brevi
1226 2172 1467 2219 Wconstat,
1508 2172 1781 2226 temporum

322 2242 483 2297 trium,
509 2250 560 2287 ut
586 2257 709 2286 cera.
779 2240 981 2285 XDictus
1020 2257 1044 2285 a
1080 2239 1330 2285 velocitate
1361 2249 1491 2294 rotae,
1518 2256 1661 2301 quam
1697 2256 1782 2284 suo

324 2335 440 2363 sono
462 2317 688 2372 imitatur,
712 2333 816 2378 quae
842 2316 1008 2361 Graece
1031 2313 1173 2377 τροχὸς
1197 2324 1513 2379 nuncupatur.
1560 2315 1653 2360 Alii
1680 2322 1783 2376 yX0·

324 2401 422 2458 ρεῒον
461 2393 716 2457 appellant,
757 2392 867 2454 quia
910 2392 965 2438 ad
1010 2391 1176 2438 choros
1220 2401 1377 2454 aptam
1421 2390 1783 2437 Zmodulationis

380 2516 398 2540 Ρ
419 2511 499 2559 qui]
524 2511 608 2558 quia
629 2510 757 2558 Cujac.
788 2508 892 2545 Idem
917 2521 1001 2543 mox
1023 2508 1129 2556 ponit
1150 2509 1273 2543 dicunt
1294 2516 1378 2556 post
1396 2509 1593 2544 saltavisse.
1678 2515 1698 2543 ¹1
1718 2509 1783 2544 alii

327 2566 497 2601 dicantar
517 2576 537 2598 a
560 2562 603 2598 L.
752 2570 765 2588 ¹·
786 2563 847 2596 ἀπὸ
867 2566 920 2597 τοῦ
934 2562 1022 2609 πυρὸς
1041 2574 1116 2597 om.
1140 2561 1186 2597 L.
1217 2562 1280 2596 ἀπὸ
1301 2573 1416 2609 usque
1435 2562 1478 2597 ad
1500 2562 1688 2597 velocitate
1707 2574 1782 2597 om.

330 2619 456 2667 CuJac.
569 2622 583 2642 S
603 2615 739 2662 iambe]
765 2616 888 2650 iamboe
912 2615 954 2649 L.
1056 2615 1069 2640 ’ί
1090 2615 1366 2661 commovebat]
1390 2615 1449 2649 Sic
1470 2614 1516 2651 L.
1548 2620 1786 2651 commoverat

329 2669 538 2707 Putschius.
648 2675 666 2693 V
687 2668 1007 2715 accommodatur]
1033 2670 1277 2703 commodatur
1298 2667 1342 2703 L.
1434 2674 1463 2692 W
1484 2674 1624 2704 constat
1643 2682 1716 2704 om.
1738 2668 1782 2704 L.

329 2730 349 2749 X
369 2723 508 2770 dictus]
533 2724 648 2757 dictus
669 2722 841 2757 trochaeus
862 2721 906 2756 L.
1014 2728 1033 2755 δ’
1053 2721 1185 2768 χορεῖον]
1213 2721 1366 2756 Chorion
1390 2723 1543 2757 Samen.
1565 2721 1610 2757 ad
1631 2722 1784 2758 Terent.

328 2777 453 2813 Maur.
476 2790 511 2825 p.
535 2787 595 2823 71.
737 2783 753 2801 Ζ
775 2773 1056 2820 modulationis]
1082 2775 1323 2810 modulatione
1344 2774 1389 2810 L.

384 2900 419 2937 5.
446 2890 588 2937 Pyrrho
613 2887 792 2936 Cydoneo]
821 2886 998 2934 Pyrricho
1022 2886 1185 2933 Cydoneo
1213 2886 1390 2923 Schottus
1420 2887 1465 2923 ad
1495 2886 1615 2923 Procli
1636 2887 1782 2922 Chrest.

328 2957 365 2994 P·
387 2954 475 2991 447·
