1962 3355
362 200 451 237 142
868 183 1026 231 Marii
1053 181 1298 229 Victorini
1610 196 1705 227 ΜΒ.
1732 197 1805 227 111.

355 311 606 358 detrahens
632 325 777 355 unum
807 306 973 371 pedem
1003 321 1084 350 seu
1110 304 1268 349 colum
1297 312 1461 356 metro,
1489 312 1542 348 ut
1567 303 1631 348 illi
1663 302 1808 363 subji-

355 397 481 435 ceret
504 387 551 433 id
576 385 703 449 quod
728 401 785 430 ex
811 384 914 446 ipso
943 381 1206 426 detractum
1245 397 1346 425 esse
1370 379 1643 425 videbatur:
1685 389 1734 424 ut
1760 380 1808 424 in

355 464 502 510 heroo
528 481 553 509 a
577 479 672 524 quo
697 460 904 523 primum
933 455 1096 518 coepit,
1120 465 1384 517 tamquam,

422 537 690 604 Dgffugere
713 535 854 589 nives,
878 532 1083 579 redeunt
1090 531 1204 595 jam
1224 531 1456 594 gramina
1481 531 1676 593 campis.

298 629 332 659 ¹5
355 616 546 662 Dehinc
569 612 748 676 epodus
773 610 873 655 ysui
899 608 1096 670 generis,

548 686 914 749 Arboribusque
938 701 1090 730 comae.

352 766 418 812 Et
442 765 558 811 illud
594 781 700 810 cum
734 761 861 807 heroi
888 777 1046 807 versus
1084 760 1291 807 secundo
1317 761 1462 816 zcolo,
1489 760 1807 824 ithyphallico

351 842 502 906 epodo
527 859 610 905 par
633 838 862 887 ἀντιπάθειαι
885 838 1179 902 arespondet,
1204 847 1271 896 ut,

414 918 700 981 Priamique
725 922 938 962 evertere
957 921 1150 978 gentem
1173 913 1438 979 bfatajam
1456 914 1716 977 parabant.

347 994 414 1040 Et
439 994 589 1040 multa
614 994 719 1050 alia,
740 1010 844 1055 quae
868 992 913 1037 in
935 1008 1157 1055 processu
1183 992 1336 1054 operis
1356 990 1804 1037 demonstrabimus.

349 1071 527 1117 Omnia
569 1069 695 1116 enim
735 1086 794 1115 ex
826 1068 1017 1132 dactylo
1059 1077 1104 1114 et
1134 1068 1293 1114 iambo
1326 1067 1668 1131 principalibus
1704 1076 1805 1112 orta

348 1155 621 1193 noscuntur.
690 1145 819 1191 Nam
861 1161 1159 1207 quaecunque
1200 1144 1464 1207 protuleris,
1499 1160 1557 1189 ex
1593 1142 1665 1188 his
1696 1160 1806 1206 pro-

349 1225 489 1269 fluere
513 1222 740 1276 fontibus,
760 1231 804 1267 et
831 1221 889 1267 ad
917 1222 1015 1267 haec
1039 1220 1196 1266 referri
1221 1220 1366 1266 veluti
1405 1220 1600 1276 semina,
1628 1218 1806 1264 exami-

293 1309 330 1341 16
349 1298 504 1345 nando
529 1298 744 1361 reperies.
817 1297 939 1343 Haec
965 1297 1092 1343 enim
1122 1297 1219 1342 sola
1244 1296 1339 1342 duo
1375 1304 1537 1352 metra,
1561 1295 1803 1358 cquamvis

348 1384 395 1421 et
424 1374 680 1420 iambicum
726 1374 854 1419 heroi
898 1374 957 1419 sit
997 1372 1332 1426 traductivum,
1371 1381 1537 1434 utpote
1573 1389 1683 1417 cum
1722 1371 1804 1416 tri-

349 1460 498 1497 meter
521 1450 579 1496 de
606 1451 883 1496 hexametro
911 1467 1124 1495 manasse
1157 1458 1391 1502 noscatur,
1427 1448 1531 1494 haec
1563 1448 1662 1494 sola
1691 1464 1804 1510 pos-

348 1537 459 1574 sunt
493 1536 855 1591 prototyporum
904 1535 1159 1589 prototypa
1200 1525 1308 1579 dici,
1351 1534 1397 1570 et
1438 1525 1656 1570 omnium
1706 1541 1805 1569 me·

348 1615 526 1651 trorum
561 1605 808 1659 elementa,
851 1603 1032 1665 reliqua
1069 1612 1228 1648 autem
1264 1602 1432 1647 horum
1474 1603 1803 1662 θάποτμήματαε

349 1698 550 1743 quorum
580 1679 761 1736 modos,
781 1680 827 1724 in
854 1688 1086 1741 quantum
1113 1679 1270 1742 colligi
1298 1677 1589 1741 fpotuerunt,
1607 1676 1803 1724 studiosi

348 1757 535 1803 lectoris
561 1755 748 1802 auribus
774 1756 1020 1801 intimabo.

347 1912 480 1964 CAP.
508 1912 614 1963 III.
686 1913 770 1964 De
815 1930 1025 1963 summa
1073 1911 1283 1962 mamerz·
1323 1921 1471 1979 gquce
1511 1919 1804 1962 metrorum

705 1995 1140 2066 multiplicatione
1168 1994 1448 2064 redigitur.

413 2101 541 2147 Nam
580 2118 688 2146 cum
728 2109 985 2146 metrorum
1036 2099 1389 2163 principalium,
1426 2116 1529 2161 quae
1572 2099 1804 2145 catholice

348 2187 548 2240 excepto
573 2177 802 2240 rhythmo
829 2176 1039 2239 paeonico
1065 2175 1333 2239 recipienda
1359 2184 1482 2232 sunt,
1500 2184 1607 2222 octo
1633 2193 1805 2239 genera

348 2266 641 2311 censeantur,
689 2254 725 2299 si
774 2254 878 2315 quis
938 2272 991 2299 ea
1049 2253 1193 2300 octies
1249 2253 1549 2316 multiplicet,
1597 2252 1804 2300 hoctona

349 2341 499 2376 metra
530 2331 675 2376 octies
712 2330 1028 2392 multiplicata
1071 2329 1277 2376 efficient
1314 2329 1597 2375 differentias
1635 2346 1801 2376 LX1111.

347 2407 413 2453 Et
447 2417 502 2453 ut
536 2407 756 2470 exemplo
788 2407 835 2452 id
875 2408 1080 2470 apertius
1106 2408 1294 2462 clareat,
1337 2407 1373 2452 si
1411 2407 1516 2469 quis
1542 2407 1799 2453 iambicum

347 2483 553 2528 iambico
577 2481 871 2545 iconjungat‚
898 2492 978 2528 aut
1013 2483 1254 2529 trochaico
1285 2492 1332 2528 et
1356 2482 1580 2546 deinceps
1618 2484 1801 2540 ceteris,

400 2636 418 2664 y
440 2630 511 2676 sui]
535 2630 609 2664 suis
631 2630 669 2665 P.
819 2636 836 2654 Ζ
854 2629 953 2675 colo]
976 2630 1060 2665 loco
1081 2631 1120 2666 P.
1269 2637 1287 2656 a
1307 2630 1523 2678 respondet]
1548 2630 1740 2679 respondit
1759 2631 1801 2668 P.

346 2680 366 2708 b
387 2682 478 2729 fata]
503 2683 600 2718 facta
619 2682 660 2718 P.
812 2689 827 2707 C
848 2683 1030 2730 quamvis]
1055 2695 1138 2718 cum
1161 2683 1201 2718 P.
1349 2690 1364 2708 e
1384 2684 1631 2729 ἀποτμήματα]
1655 2699 1802 2727 αποτωη..

345 2752 442 2782 ματα
462 2737 501 2771 Ρ.
612 2733 628 2760 f
646 2736 863 2784 potuerunt]
891 2736 1010 2783 potuit
1030 2736 1068 2770 P.
1192 2742 1212 2769 g
1232 2736 1330 2784 quae]
1356 2735 1416 2784 qui
1440 2736 1480 2771 P.
1604 2734 1625 2760 h
1646 2738 1799 2783 octona]

346 2796 384 2824 et
404 2797 539 2824 octona
561 2788 601 2823 P.
710 2786 720 2813 i
741 2787 962 2837 conjungat]
986 2786 1185 2837 conjugata
1206 2796 1246 2823 ut
1266 2789 1306 2824 P.

478 2906 523 2941 16
546 2906 638 2941 Haec
659 2905 753 2950 sola]
779 2904 907 2954 Suppl.
931 2906 1087 2951 inquam.
1109 2904 1271 2953 alioquin
1291 2906 1453 2953 παρέλκει.
1485 2906 1659 2942 COMM.
