1962 3355
87 202 193 231 CAP.
215 196 251 231 l.
555 184 638 230 De
661 184 828 230 metris
851 184 1080 230 iambicis.
1441 184 1535 231 365

87 324 182 353 una
217 307 398 371 syllaba
433 314 673 370 superest3
716 304 1044 360 acatalectum,
1072 304 1151 350 ubi
1178 305 1292 350 nihil
1320 305 1426 367 plus
1453 305 1540 350 mi-

86 401 231 430 nusve
256 384 302 430 in
328 400 463 429 versu
488 391 575 438 est,
600 380 682 443 qui
708 379 923 442 legitimo
948 382 1045 427 fine
1069 380 1330 427 clauditur:

152 459 529 515 Monometrum,
553 457 644 504 lvel
674 457 948 515 dimetrum,
972 460 1044 504 vel
1081 466 1112 486 ¹¹¹
1123 457 1408 513 trimetrum,
1434 457 1539 503 ”vel
1557 474 1573 507 7

84 544 412 583 tetrametrum
437 536 528 583 dici
554 555 578 582 3
602 553 800 582 numero
825 534 1030 598 pedum:

151 613 206 658 In
234 613 462 671 iambicis,
486 612 750 668 trochaicis,
774 620 821 657 et
856 610 1149 674 anapaesticis
1186 609 1348 655 metris
1378 620 1572 655 versus8

83 704 167 749 per
189 687 332 750 pedes
356 687 568 752 duplices
595 688 877 752 computari,
901 687 948 732 in
973 686 1164 733 oceteris
1190 694 1347 732 autem
1375 684 1537 731 metris

83 779 166 825 per
191 762 455 826 simplices:

150 839 338 886 PMetra
363 858 471 887 vero
497 843 567 889 vel
607 861 631 889 a
668 841 867 906 pedibus
900 841 1094 887 nomina
1126 840 1380 904 qaccipere,
1405 840 1476 885 vel
1513 857 1573 890 a9

83 916 221 962 rebus
247 934 352 978 quae
377 917 722 976 describuntur,
749 919 821 965 vel
855 918 913 964 ab
939 916 1277 974 inventoribus,
1302 916 1374 963 vel
1401 933 1426 962 3
1449 915 1539 962 fre-

83 993 456 1054 quentatoribus,
481 993 550 1039 vel
580 1012 604 1040 a
630 1013 829 1041 numero
855 994 1226 1058 ‘lqsyllabarumz

148 1068 313 1131 anue
346 1087 446 1115 esse
471 1079 577 1116 octo
615 1071 916 1135 rprincipalia
954 1080 1118 1127 metra,
1143 1070 1420 1125 iambicum,
1444 1079 1538 1116 tro·
1558 1094 1596 1116 10

82 1144 320 1202 chaicum,
379 1146 685 1209 dactylicum,
739 1148 1096 1211 anapaesticum,
1144 1146 1537 1203 choriambicum,

83 1221 459 1284 antispasticum,
484 1221 693 1267 ionicum
729 1241 754 1268 a
785 1222 1006 1284 Smajore,
1031 1222 1241 1269 ionicum
1279 1241 1304 1268 a
1340 1222 1538 1278 minore,

81 1296 138 1342 de
163 1297 335 1358 quibus
362 1299 562 1360 carptim
600 1299 924 1355 tractabimus,
959 1299 1221 1363 telegentes
1246 1317 1315 1357 ea,
1339 1316 1444 1362 quae
1481 1298 1539 1346 ad

80 1373 288 1437 palmam
316 1373 428 1437 lyrae
453 1374 704 1438 vproducit
729 1376 961 1422 voluntas.

361 1561 496 1613 CAP.
528 1562 572 1613 Ι.
636 1564 760 1615 WDe
787 1564 975 1616 metris
1002 1564 1256 1616 iambicis.

148 1677 303 1723 Metra
353 1677 556 1723 iambica
605 1677 717 1723 locis
767 1678 1026 1741 imparibus
1073 1680 1284 1742 quinque
1331 1679 1536 1743 recipere

80 1762 307 1816 Xpossunt
342 1754 500 1816 pedes,
531 1754 760 1808 iambum,
785 1755 1074 1818 tribrachyn,
1112 1755 1392 1818 spondeum,
1429 1755 1537 1802 dac-

80 1831 251 1892 tylum,
277 1839 599 1893 anapaestum3
634 1830 777 1876 ylocis
803 1840 960 1876 autem
987 1831 1180 1894 paribus
1206 1840 1390 1877 tantum
1418 1831 1537 1877 iam-

82 1907 194 1952 bum
223 1907 294 1952 vel
320 1907 612 1970 tribrachyn,
638 1915 685 1952 et
720 1906 845 1969 apud
884 1907 1091 1952 comicos
1124 1907 1394 1969 frequenter
1428 1926 1537 1953 ana-

81 1996 298 2047 paestum,
347 1984 410 2030 ita
453 1994 613 2030 tamen
661 1992 712 2029 ut
760 1984 1017 2030 multarum
1061 1983 1272 2028 brevium
1309 1983 1536 2044 junctura

80 2062 268 2107 vitetur.
340 2060 431 2106 Sed
457 2078 514 2106 cx
550 2060 791 2124 Zplurimis
829 2061 989 2107 metris
1024 2075 1121 2106 XIII
1161 2060 1267 2106 usui
1308 2061 1536 2107 tradenda

79 2137 273 2199 subjeci.

132 2285 144 2313 l
164 2286 218 2323 vel
246 2287 465 2334 dimetrum]
505 2288 561 2322 vel
593 2300 667 2323 om.
701 2288 851 2323 Putsch.
902 2286 962 2324 hic
996 2295 1033 2323 et
1071 2287 1179 2324 infra.
1209 2287 1263 2323 sic
1294 2286 1405 2323 etiam
1441 2286 1535 2323 Call.

79 2348 109 2367 m
131 2341 347 2386 trimetrum]
370 2353 507 2376 versum
529 2340 633 2376 addit
653 2341 804 2377 Putsch.
983 2348 1003 2367 Π
1023 2343 1079 2377 rel
1100 2342 1534 2387 tetrametrum—pedum

79 2407 154 2430 oni.
175 2395 219 2430 B.
243 2393 393 2430 Putsch.
531 2400 550 2419 ⁰
571 2395 719 2430 caeteris
739 2399 858 2431 autem
878 2397 1000 2430 metris
1015 2408 1083 2442 per
1101 2395 1292 2442 simplices]
1316 2396 1451 2431 caeteris
1470 2407 1536 2442 per

75 2449 183 2494 perles
201 2448 376 2493 simplices
397 2447 552 2484 Putsch.
576 2449 788 2495 enim—per
802 2450 909 2496 pedes
927 2450 1103 2496 simplices
1122 2449 1167 2484 B.
1380 2455 1399 2482 P
1420 2453 1534 2483 metra

78 2501 179 2547 vero]
202 2513 285 2535 vero
305 2513 381 2535 om.
400 2501 446 2535 B.
468 2506 582 2536 metra
602 2503 657 2537 vel
677 2501 826 2538 Putsch.
1057 2509 1077 2536 q
1097 2501 1274 2550 accipere]
1302 2514 1469 2548 accepere
1489 2502 1533 2537 Β.

78 2560 118 2588 (lq
140 2553 379 2602 syllabarum]
402 2555 529 2599 pedum
552 2554 645 2590 Call.
756 2562 771 2580 Γ
787 2556 1006 2602 principalia
1028 2557 1159 2603 metra]
1184 2561 1296 2591 metro
1318 2554 1420 2591 addit
1441 2554 1534 2590 Call.

80 2615 93 2633 s
117 2606 458 2652 minore—majore]
482 2607 812 2653 majore—minore
831 2609 875 2644 B.
898 2609 1049 2644 Putsch.
1222 2608 1237 2634 t
1256 2609 1440 2655 eligentes]
1465 2610 1532 2643 ele-

77 2666 200 2707 gentes
222 2661 265 2695 Β.
283 2659 337 2694 Μ.
422 2665 440 2684 V
458 2662 622 2706 perducit
642 2663 826 2710 voluntas]
844 2664 1013 2709 producit
1033 2664 1200 2710 voluptas
1215 2662 1367 2699 Pulsch.
1388 2663 1486 2697 ducit
1501 2674 1533 2697 v.

81 2713 174 2750 Call.
324 2719 352 2737 W
372 2712 431 2748 De
452 2712 576 2748 metris
597 2714 782 2762 iambicis]
806 2717 849 2751 cle
868 2717 1028 2751 iambicis
1048 2729 1121 2751 XIII
1145 2716 1193 2752 B.
1352 2725 1367 2741 x
1384 2719 1534 2762 possunt

76 2769 200 2815 pedes]
220 2767 328 2813 pedes
340 2772 492 2813 possunt
511 2767 554 2801 B.
577 2767 727 2804 Putsch.
832 2776 850 2803 y
872 2770 956 2805 locis
976 2769 1112 2816 autem]
1137 2774 1255 2804 autent
1275 2782 1350 2804 om.
1372 2769 1418 2803 Β.
1439 2766 1532 2802 (3311.

79 2821 172 2857 Mox
194 2825 332 2855 tcmtnm
355 2826 392 2854 et
413 2824 529 2854 tamen
546 2832 619 2855 om.
640 2820 732 2856 Call.
754 2820 816 2870 qui
839 2822 971 2871 ubique
993 2824 1225 2858 tribrachum.
1309 2828 1327 2847 Ζ
1343 2821 1528 2868 plurimis]

79 2876 202 2910 multis
218 2872 311 2908 Call.
335 2872 392 2907 M.
436 2872 549 2908 Addit
570 2873 628 2908 Μ.
651 2876 769 2910 onmia
786 2875 842 2911 hic
861 2877 1021 2923 exempla
1046 2878 1089 2911 cle
1116 2877 1314 2912 nominibus
1343 2878 1533 2920 poetarum

79 2929 269 2975 adsumpta
288 2932 383 2962 sunt.
