<?xml version="1.0" encoding="UTF-8"?>
<!DOCTYPE html PUBLIC "-//W3C//DTD XHTML 1.0 Transitional//EN"
    "http://www.w3.org/TR/xhtml1/DTD/xhtml1-transitional.dtd">
<html xmlns="http://www.w3.org/1999/xhtml" xml:lang="en" lang="en">
 <head>
  <title>
</title>
<meta http-equiv="Content-Type" content="text/html;charset=utf-8" />
  <meta name='ocr-system' content='tesseract 3.04.00' />
  <meta name='ocr-capabilities' content='ocr_page ocr_carea ocr_par ocr_line ocrx_word'/>
</head>
<body>
  <div class='ocr_page' id='page_1' title='image "./scriptoreslatini00gaisuoft/scriptoreslatini00gaisuoft_0273.png"; bbox 0 0 1962 3355; ppageno 0'>
   <div class='ocr_carea' id='block_1_1' title="bbox 134 188 1581 252">
    <p class='ocr_par' dir='ltr' id='par_1_1' title="bbox 134 188 1581 252">
     <span class='ocr_line' id='line_1_1' title="bbox 134 188 1581 252; baseline 0.001 -19"><span class='ocrx_word' id='word_1_1' title='bbox 134 203 240 234; x_wconf 83' lang='lat' dir='ltr'><strong>CAP.</strong></span> <span class='ocrx_word' id='word_1_2' title='bbox 259 197 306 236; x_wconf 87' lang='lat'>3.</span> <span class='ocrx_word' id='word_1_3' title='bbox 594 188 675 234; x_wconf 86' lang='lat' dir='ltr'>De</span> <span class='ocrx_word' id='word_1_4' title='bbox 699 188 934 252; x_wconf 73' lang='lat' dir='ltr'>dactylico</span> <span class='ocrx_word' id='word_1_5' title='bbox 958 198 1123 235; x_wconf 83' lang='lat' dir='ltr'>metro.</span> <span class='ocrx_word' id='word_1_6' title='bbox 1490 197 1581 235; x_wconf 83' lang='lat'>255</span> 
     </span>
    </p>
   </div>
   <div class='ocr_carea' id='block_1_2' title="bbox 245 308 1419 364">
    <p class='ocr_par' dir='ltr' id='par_1_2' title="bbox 245 308 1419 364">
     <span class='ocr_line' id='line_1_2' title="bbox 245 308 1419 364; baseline -0.001 -15"><span class='ocrx_word' id='word_1_7' title='bbox 245 310 307 350; x_wconf 75' lang='lat' dir='ltr'>Et</span> <span class='ocrx_word' id='word_1_8' title='bbox 326 323 388 349; x_wconf 79' lang='lat' dir='ltr'>me</span> <span class='ocrx_word' id='word_1_9' title='bbox 410 308 593 349; x_wconf 72' lang='lat' dir='ltr'>Plzoebus</span> <span class='ocrx_word' id='word_1_10' title='bbox 612 314 742 357; x_wconf 72' lang='lat' dir='ltr'>amat,</span> <span class='ocrx_word' id='word_1_11' title='bbox 765 309 914 349; x_wconf 73' lang='lat' dir='ltr'>Phoebo</span> <span class='ocrx_word' id='word_1_12' title='bbox 933 323 1013 349; x_wconf 76' lang='lat' dir='ltr'>sua</span> <span class='ocrx_word' id='word_1_13' title='bbox 1031 322 1190 364; x_wconf 76' lang='lat' dir='ltr'>semper</span> <span class='ocrx_word' id='word_1_14' title='bbox 1209 309 1324 364; x_wconf 78' lang='lat' dir='ltr'>apud</span> <span class='ocrx_word' id='word_1_15' title='bbox 1343 322 1419 348; x_wconf 83' lang='lat' dir='ltr'>me.</span> 
     </span>
    </p>
   </div>
   <div class='ocr_carea' id='block_1_3' title="bbox 133 380 1206 512">
    <p class='ocr_par' dir='ltr' id='par_1_3' title="bbox 133 380 1206 512">
     <span class='ocr_line' id='line_1_3' title="bbox 133 380 928 444; baseline 0.001 -18"><span class='ocrx_word' id='word_1_16' title='bbox 133 381 384 444; x_wconf 89' lang='lat' dir='ltr'>Dactylus,</span> <span class='ocrx_word' id='word_1_17' title='bbox 408 381 503 427; x_wconf 91' lang='lat' dir='ltr'>duo</span> <span class='ocrx_word' id='word_1_18' title='bbox 528 380 740 444; x_wconf 88' lang='lat' dir='ltr'>spondei,</span> <span class='ocrx_word' id='word_1_19' title='bbox 767 390 819 427; x_wconf 85' lang='lat' dir='ltr'>ut</span> <span class='ocrx_word' id='word_1_20' title='bbox 843 389 928 437; x_wconf 90' lang='lat' dir='ltr'>est,</span> 
     </span>
     <span class='ocr_line' id='line_1_4' title="bbox 243 456 1206 512; baseline -0.002 -15"><span class='ocrx_word' id='word_1_21' title='bbox 243 458 279 497; x_wconf 92' lang='lat' dir='ltr'><em>J</em></span> <span class='ocrx_word' id='word_1_22' title='bbox 279 457 413 497; x_wconf 74' lang='lat' dir='ltr'>udicio</span> <span class='ocrx_word' id='word_1_23' title='bbox 432 462 571 497; x_wconf 75' lang='lat' dir='ltr'>nostro</span> <span class='ocrx_word' id='word_1_24' title='bbox 592 461 754 496; x_wconf 80' lang='lat' dir='ltr'>tantum</span> <span class='ocrx_word' id='word_1_25' title='bbox 776 457 850 496; x_wconf 69' lang='lat' dir='ltr'>tibi</span> <span class='ocrx_word' id='word_1_26' title='bbox 865 456 971 496; x_wconf 76' lang='lat' dir='ltr'>cedit</span> <span class='ocrx_word' id='word_1_27' title='bbox 986 456 1206 512; x_wconf 69' lang='lat' dir='ltr'>Amyntas.</span> 
     </span>
    </p>
   </div>
   <div class='ocr_carea' id='block_1_4' title="bbox 125 527 1646 1342">
    <p class='ocr_par' dir='ltr' id='par_1_4' title="bbox 128 527 1646 742">
     <span class='ocr_line' id='line_1_5' title="bbox 131 527 1646 593; baseline 0.001 -20"><span class='ocrx_word' id='word_1_28' title='bbox 131 528 207 574; x_wconf 92' lang='lat' dir='ltr'>De</span> <span class='ocrx_word' id='word_1_29' title='bbox 232 529 383 590; x_wconf 91' lang='lat' dir='ltr'>quinti</span> <span class='ocrx_word' id='word_1_30' title='bbox 420 529 553 593; x_wconf 88' lang='lat' dir='ltr'>pedis</span> <span class='ocrx_word' id='word_1_31' title='bbox 590 529 910 575; x_wconf 83' lang='lat' dir='ltr'>schematibus</span> <span class='ocrx_word' id='word_1_32' title='bbox 942 528 1128 575; x_wconf 88' lang='lat' dir='ltr'>duobus</span> <span class='ocrx_word' id='word_1_33' title='bbox 1160 527 1329 574; x_wconf 90' lang='lat' dir='ltr'>damus</span> <span class='ocrx_word' id='word_1_34' title='bbox 1365 528 1585 591; x_wconf 87' lang='lat' dir='ltr'>exempla</span> <span class='ocrx_word' id='word_1_35' title='bbox 1603 538 1646 569; x_wconf 87' lang='lat'>30</span> 
     </span>
     <span class='ocr_line' id='line_1_6' title="bbox 129 603 1583 667; baseline 0.001 -18"><span class='ocrx_word' id='word_1_36' title='bbox 129 612 209 649; x_wconf 89' lang='lat' dir='ltr'>aut</span> <span class='ocrx_word' id='word_1_37' title='bbox 233 604 416 667; x_wconf 82' lang='lat' dir='ltr'>Virgilii</span> <span class='ocrx_word' id='word_1_38' title='bbox 455 613 536 651; x_wconf 88' lang='lat' dir='ltr'>aut</span> <span class='ocrx_word' id='word_1_39' title='bbox 570 614 742 652; x_wconf 80' lang='lat' dir='ltr'>nostra.</span> <span class='ocrx_word' id='word_1_40' title='bbox 811 604 1016 667; x_wconf 83' lang='lat' dir='ltr'>Virgilii,</span> <span class='ocrx_word' id='word_1_41' title='bbox 1042 605 1133 651; x_wconf 89' lang='lat' dir='ltr'>hoc</span> <span class='ocrx_word' id='word_1_42' title='bbox 1168 613 1254 660; x_wconf 86' lang='lat' dir='ltr'>est,</span> <span class='ocrx_word' id='word_1_43' title='bbox 1282 613 1335 651; x_wconf 88' lang='lat' dir='ltr'>ut</span> <span class='ocrx_word' id='word_1_44' title='bbox 1366 603 1583 667; x_wconf 89' lang='lat' dir='ltr'>dactylus</span> 
     </span>
     <span class='ocr_line' id='line_1_7' title="bbox 128 679 531 742; baseline 0.005 -18"><span class='ocrx_word' id='word_1_45' title='bbox 128 679 190 725; x_wconf 86' lang='lat' dir='ltr'>sit</span> <span class='ocrx_word' id='word_1_46' title='bbox 215 679 408 741; x_wconf 87' lang='lat' dir='ltr'>quintus</span> <span class='ocrx_word' id='word_1_47' title='bbox 434 699 531 742; x_wconf 90' lang='lat' dir='ltr'>pes,</span> 
     </span>
    </p>

    <p class='ocr_par' dir='ltr' id='par_1_5' title="bbox 127 756 1582 967">
     <span class='ocr_line' id='line_1_8' title="bbox 245 756 1415 814; baseline 0.003 -20"><span class='ocrx_word' id='word_1_48' title='bbox 245 756 501 810; x_wconf 68' lang='lat' dir='ltr'>Omniafl’rt</span> <span class='ocrx_word' id='word_1_49' title='bbox 523 763 622 797; x_wconf 70' lang='lat' dir='ltr'>(etas</span> <span class='ocrx_word' id='word_1_50' title='bbox 641 758 829 798; x_wconf 72' lang='lat' dir='ltr'>animum</span> <span class='ocrx_word' id='word_1_51' title='bbox 849 771 1019 813; x_wconf 80' lang='lat' dir='ltr'>quoque,</span> <span class='ocrx_word' id='word_1_52' title='bbox 1035 771 1143 813; x_wconf 74' lang='lat' dir='ltr'>saepe</span> <span class='ocrx_word' id='word_1_53' title='bbox 1163 771 1239 814; x_wconf 80' lang='lat' dir='ltr'>ego</span> <span class='ocrx_word' id='word_1_54' title='bbox 1255 757 1415 812; x_wconf 78' lang='lat' dir='ltr'>longos.</span> 
     </span>
     <span class='ocr_line' id='line_1_9' title="bbox 129 828 1582 894; baseline 0 -20"><span class='ocrx_word' id='word_1_55' title='bbox 129 837 180 874; x_wconf 91' lang='lat' dir='ltr'>ut</span> <span class='ocrx_word' id='word_1_56' title='bbox 221 828 281 874; x_wconf 91' lang='lat' dir='ltr'>sit</span> <span class='ocrx_word' id='word_1_57' title='bbox 323 829 559 892; x_wconf 86' lang='lat' dir='ltr'>spondeus</span> <span class='ocrx_word' id='word_1_58' title='bbox 602 830 795 892; x_wconf 89' lang='lat' dir='ltr'>quintus</span> <span class='ocrx_word' id='word_1_59' title='bbox 837 848 934 894; x_wconf 85' lang='lat' dir='ltr'>peS,</span> <span class='ocrx_word' id='word_1_60' title='bbox 971 829 1018 876; x_wconf 92' lang='lat' dir='ltr'>in</span> <span class='ocrx_word' id='word_1_61' title='bbox 1056 829 1147 876; x_wconf 90' lang='lat' dir='ltr'>hoc</span> <span class='ocrx_word' id='word_1_62' title='bbox 1183 838 1335 876; x_wconf 85' lang='lat' dir='ltr'>metro</span> <span class='ocrx_word' id='word_1_63' title='bbox 1374 830 1465 875; x_wconf 85' lang='lat' dir='ltr'>hoc</span> <span class='ocrx_word' id='word_1_64' title='bbox 1495 829 1582 875; x_wconf 84' lang='lat' dir='ltr'>erit</span> 
     </span>
     <span class='ocr_line' id='line_1_10' title="bbox 127 904 435 967; baseline 0.006 -18"><span class='ocrx_word' id='word_1_65' title='bbox 127 904 403 967; x_wconf 83' lang='lat' dir='ltr'>exemplum</span> <span class='ocrx_word' id='word_1_66' title='bbox 426 923 435 951; x_wconf 92' lang='lat'>:</span> 
     </span>
    </p>

    <p class='ocr_par' dir='ltr' id='par_1_6' title="bbox 125 981 1635 1342">
     <span class='ocr_line' id='line_1_11' title="bbox 241 981 1393 1036; baseline 0.001 -16"><span class='ocrx_word' id='word_1_67' title='bbox 241 981 485 1036; x_wconf 72' lang='lat' dir='ltr'>Daphnidis</span> <span class='ocrx_word' id='word_1_68' title='bbox 505 982 577 1023; x_wconf 79' lang='lat' dir='ltr'>hoc</span> <span class='ocrx_word' id='word_1_69' title='bbox 597 988 772 1022; x_wconf 77' lang='lat' dir='ltr'>metrum</span> <span class='ocrx_word' id='word_1_70' title='bbox 794 982 858 1022; x_wconf 78' lang='lat' dir='ltr'>vel</span> <span class='ocrx_word' id='word_1_71' title='bbox 875 982 1101 1036; x_wconf 64' lang='lat' dir='ltr'>leyrsz‘dis</span> <span class='ocrx_word' id='word_1_72' title='bbox 1122 995 1206 1021; x_wconf 71' lang='lat' dir='ltr'>esse</span> <span class='ocrx_word' id='word_1_73' title='bbox 1224 987 1393 1021; x_wconf 72' lang='lat' dir='ltr'>constat.</span> 
     </span>
     <span class='ocr_line' id='line_1_12' title="bbox 127 1052 1635 1115; baseline 0.001 -18"><span class='ocrx_word' id='word_1_74' title='bbox 127 1052 206 1099; x_wconf 81' lang='lat' dir='ltr'>Sic</span> <span class='ocrx_word' id='word_1_75' title='bbox 231 1052 375 1115; x_wconf 82' lang='lat' dir='ltr'>igitur</span> <span class='ocrx_word' id='word_1_76' title='bbox 400 1054 670 1101; x_wconf 86' lang='lat' dir='ltr'>bucolicum</span> <span class='ocrx_word' id='word_1_77' title='bbox 709 1054 1038 1101; x_wconf 82' lang='lat' dir='ltr'>hexametrum</span> <span class='ocrx_word' id='word_1_78' title='bbox 1065 1055 1308 1100; x_wconf 76' lang='lat' dir='ltr'>schemata</span> <span class='ocrx_word' id='word_1_79' title='bbox 1335 1054 1479 1100; x_wconf 87' lang='lat' dir='ltr'>babet</span> <span class='ocrx_word' id='word_1_80' title='bbox 1502 1054 1581 1100; x_wconf 86' lang='lat' dir='ltr'>de-</span> <span class='ocrx_word' id='word_1_81' title='bbox 1598 1069 1635 1097; x_wconf 84' lang='lat'>31</span> 
     </span>
     <span class='ocr_line' id='line_1_13' title="bbox 125 1128 1581 1192; baseline 0.001 -18"><span class='ocrx_word' id='word_1_82' title='bbox 125 1146 247 1184; x_wconf 87' lang='lat' dir='ltr'>cem,</span> <span class='ocrx_word' id='word_1_83' title='bbox 268 1129 511 1175; x_wconf 82' lang='lat' dir='ltr'>heroicum</span> <span class='ocrx_word' id='word_1_84' title='bbox 538 1147 646 1175; x_wconf 77' lang='lat' dir='ltr'>vero</span> <span class='ocrx_word' id='word_1_85' title='bbox 671 1129 1002 1174; x_wconf 84' lang='lat' dir='ltr'>hexametrum</span> <span class='ocrx_word' id='word_1_86' title='bbox 1030 1130 1252 1192; x_wconf 80' lang='lat' dir='ltr'>ttriginta</span> <span class='ocrx_word' id='word_1_87' title='bbox 1276 1128 1384 1175; x_wconf 90' lang='lat' dir='ltr'>duo.</span> <span class='ocrx_word' id='word_1_88' title='bbox 1434 1129 1581 1175; x_wconf 93' lang='lat' dir='ltr'>Nunc</span> 
     </span>
     <span class='ocr_line' id='line_1_14' title="bbox 125 1203 1582 1268; baseline 0.001 -19"><span class='ocrx_word' id='word_1_89' title='bbox 125 1203 183 1249; x_wconf 82' lang='lat' dir='ltr'>de</span> <span class='ocrx_word' id='word_1_90' title='bbox 217 1204 489 1250; x_wconf 74' lang='lat' dir='ltr'>uChoerileo</span> <span class='ocrx_word' id='word_1_91' title='bbox 529 1214 676 1250; x_wconf 81' lang='lat' dir='ltr'>metro</span> <span class='ocrx_word' id='word_1_92' title='bbox 713 1203 976 1250; x_wconf 90' lang='lat' dir='ltr'>secundum</span> <span class='ocrx_word' id='word_1_93' title='bbox 1014 1203 1371 1268; x_wconf 86' lang='lat' dir='ltr'>dispositionem</span> <span class='ocrx_word' id='word_1_94' title='bbox 1405 1205 1582 1268; x_wconf 90' lang='lat' dir='ltr'>specie-</span> 
     </span>
     <span class='ocr_line' id='line_1_15' title="bbox 125 1279 936 1342; baseline -0.001 -17"><span class='ocrx_word' id='word_1_95' title='bbox 125 1297 227 1325; x_wconf 82' lang='lat' dir='ltr'>rum</span> <span class='ocrx_word' id='word_1_96' title='bbox 257 1279 394 1325; x_wconf 84' lang='lat' dir='ltr'>metri</span> <span class='ocrx_word' id='word_1_97' title='bbox 420 1279 643 1342; x_wconf 84' lang='lat' dir='ltr'>dactylici</span> <span class='ocrx_word' id='word_1_98' title='bbox 668 1279 936 1326; x_wconf 80' lang='lat' dir='ltr'>doceamus.</span> 
     </span>
    </p>
   </div>
   <div class='ocr_carea' id='block_1_5' title="bbox 176 1419 1639 1485">
    <p class='ocr_par' dir='ltr' id='par_1_7' title="bbox 176 1419 1639 1485">
     <span class='ocr_line' id='line_1_16' title="bbox 176 1419 1639 1485; baseline 0 -19"><span class='ocrx_word' id='word_1_99' title='bbox 176 1420 255 1466; x_wconf 82' lang='lat' dir='ltr'>De</span> <span class='ocrx_word' id='word_1_100' title='bbox 274 1429 302 1449; x_wconf 84' lang='lat' dir='ltr'><strong>w</strong></span> <span class='ocrx_word' id='word_1_101' title='bbox 318 1419 552 1466; x_wconf 76' lang='lat' dir='ltr'>Cleoerileo</span> <span class='ocrx_word' id='word_1_102' title='bbox 577 1421 850 1467; x_wconf 73' lang='lat' dir='ltr'>hexametro</span> <span class='ocrx_word' id='word_1_103' title='bbox 876 1427 921 1467; x_wconf 78' lang='lat' dir='ltr'>et</span> <span class='ocrx_word' id='word_1_104' title='bbox 946 1421 1049 1485; x_wconf 68' lang='lat' dir='ltr'>ejus</span> <span class='ocrx_word' id='word_1_105' title='bbox 1071 1422 1390 1468; x_wconf 74' lang='lat' dir='ltr'>schematibus</span> <span class='ocrx_word' id='word_1_106' title='bbox 1413 1429 1528 1468; x_wconf 80' lang='lat' dir='ltr'>octo,</span> <span class='ocrx_word' id='word_1_107' title='bbox 1598 1437 1639 1466; x_wconf 82' lang='lat'>32</span> 
     </span>
    </p>
   </div>
   <div class='ocr_carea' id='block_1_6' title="bbox 119 1507 1635 2630">
    <p class='ocr_par' dir='ltr' id='par_1_8' title="bbox 121 1507 1635 2182">
     <span class='ocr_line' id='line_1_17' title="bbox 191 1507 1582 1572; baseline 0.001 -19"><span class='ocrx_word' id='word_1_108' title='bbox 191 1507 519 1554; x_wconf 70' lang='lat' dir='ltr'>&#39;‘Clzoerileum</span> <span class='ocrx_word' id='word_1_109' title='bbox 545 1516 768 1563; x_wconf 81' lang='lat' dir='ltr'>metrum,</span> <span class='ocrx_word' id='word_1_110' title='bbox 792 1507 920 1569; x_wconf 89' lang='lat' dir='ltr'>quod</span> <span class='ocrx_word' id='word_1_111' title='bbox 954 1518 1001 1554; x_wconf 89' lang='lat' dir='ltr'>et</span> <span class='ocrx_word' id='word_1_112' title='bbox 1028 1509 1319 1572; x_wconf 76' lang='lat' dir='ltr'>Delphicum</span> <span class='ocrx_word' id='word_1_113' title='bbox 1343 1518 1391 1555; x_wconf 87' lang='lat' dir='ltr'>et</span> <span class='ocrx_word' id='word_1_114' title='bbox 1415 1509 1582 1572; x_wconf 66' lang='lat' dir='ltr'>Ange-</span> 
     </span>
     <span class='ocr_line' id='line_1_18' title="bbox 123 1582 1581 1649; baseline 0.002 -21"><span class='ocrx_word' id='word_1_115' title='bbox 123 1582 263 1629; x_wconf 68' lang='lat' dir='ltr'>licum</span> <span class='ocrx_word' id='word_1_116' title='bbox 294 1593 611 1648; x_wconf 80' lang='lat' dir='ltr'>nuncupatur,</span> <span class='ocrx_word' id='word_1_117' title='bbox 638 1592 822 1630; x_wconf 89' lang='lat' dir='ltr'>constat</span> <span class='ocrx_word' id='word_1_118' title='bbox 857 1585 1283 1649; x_wconf 88' lang='lat' dir='ltr'>penthemimerica</span> <span class='ocrx_word' id='word_1_119' title='bbox 1320 1603 1508 1640; x_wconf 81' lang='lat' dir='ltr'>caesura,</span> <span class='ocrx_word' id='word_1_120' title='bbox 1534 1594 1581 1631; x_wconf 90' lang='lat' dir='ltr'>et</span> 
     </span>
     <span class='ocr_line' id='line_1_19' title="bbox 123 1660 1578 1724; baseline 0.001 -19"><span class='ocrx_word' id='word_1_121' title='bbox 123 1660 318 1723; x_wconf 82' lang='lat' dir='ltr'>syllaba,</span> <span class='ocrx_word' id='word_1_122' title='bbox 342 1670 389 1706; x_wconf 84' lang='lat' dir='ltr'>et</span> <span class='ocrx_word' id='word_1_123' title='bbox 421 1662 564 1708; x_wconf 83' lang='lat' dir='ltr'>altera</span> <span class='ocrx_word' id='word_1_124' title='bbox 596 1662 1037 1724; x_wconf 78' lang='lat' dir='ltr'>penthemimerica.</span> <span class='ocrx_word' id='word_1_125' title='bbox 1107 1662 1251 1708; x_wconf 85' lang='lat' dir='ltr'>Unde</span> <span class='ocrx_word' id='word_1_126' title='bbox 1276 1670 1347 1708; x_wconf 89' lang='lat' dir='ltr'>est</span> <span class='ocrx_word' id='word_1_127' title='bbox 1370 1671 1578 1708; x_wconf 89' lang='lat' dir='ltr'>metrum</span> 
     </span>
     <span class='ocr_line' id='line_1_20' title="bbox 124 1736 1578 1802; baseline 0.002 -21"><span class='ocrx_word' id='word_1_128' title='bbox 124 1736 454 1783; x_wconf 83' lang='lat' dir='ltr'>hexametrum</span> <span class='ocrx_word' id='word_1_129' title='bbox 490 1738 836 1795; x_wconf 82' lang='lat' dir='ltr'>catalecticum,</span> <span class='ocrx_word' id='word_1_130' title='bbox 860 1755 955 1784; x_wconf 89' lang='lat' dir='ltr'>una</span> <span class='ocrx_word' id='word_1_131' title='bbox 988 1738 1115 1784; x_wconf 88' lang='lat' dir='ltr'>enim</span> <span class='ocrx_word' id='word_1_132' title='bbox 1150 1739 1331 1802; x_wconf 84' lang='lat' dir='ltr'>syllaba</span> <span class='ocrx_word' id='word_1_133' title='bbox 1363 1737 1494 1784; x_wconf 86' lang='lat' dir='ltr'>deest</span> <span class='ocrx_word' id='word_1_134' title='bbox 1525 1746 1578 1784; x_wconf 91' lang='lat' dir='ltr'>ut</span> 
     </span>
     <span class='ocr_line' id='line_1_21' title="bbox 123 1811 1635 1877; baseline 0 -21"><span class='ocrx_word' id='word_1_135' title='bbox 123 1811 217 1857; x_wconf 88' lang='lat' dir='ltr'>sint</span> <span class='ocrx_word' id='word_1_136' title='bbox 253 1812 300 1856; x_wconf 89' lang='lat' dir='ltr'>in</span> <span class='ocrx_word' id='word_1_137' title='bbox 337 1830 392 1857; x_wconf 92' lang='lat' dir='ltr'>eo</span> <span class='ocrx_word' id='word_1_138' title='bbox 428 1812 572 1875; x_wconf 88' lang='lat' dir='ltr'>pedes</span> <span class='ocrx_word' id='word_1_139' title='bbox 606 1831 703 1859; x_wconf 87' lang='lat' dir='ltr'>sex.</span> <span class='ocrx_word' id='word_1_140' title='bbox 787 1813 880 1859; x_wconf 83' lang='lat' dir='ltr'>Sed</span> <span class='ocrx_word' id='word_1_141' title='bbox 917 1815 1148 1877; x_wconf 87' lang='lat' dir='ltr'>exemplis</span> <span class='ocrx_word' id='word_1_142' title='bbox 1187 1815 1431 1860; x_wconf 82' lang='lat' dir='ltr'>schemata</span> <span class='ocrx_word' id='word_1_143' title='bbox 1470 1822 1576 1860; x_wconf 92' lang='lat' dir='ltr'>octo</span> <span class='ocrx_word' id='word_1_144' title='bbox 1596 1826 1635 1857; x_wconf 82' lang='lat'>33</span> 
     </span>
     <span class='ocr_line' id='line_1_22' title="bbox 121 1887 1576 1953; baseline 0.003 -20"><span class='ocrx_word' id='word_1_145' title='bbox 121 1887 392 1934; x_wconf 84' lang='lat' dir='ltr'>doceamus.</span> <span class='ocrx_word' id='word_1_146' title='bbox 470 1889 709 1935; x_wconf 87' lang='lat' dir='ltr'>Ponamus</span> <span class='ocrx_word' id='word_1_147' title='bbox 752 1889 894 1952; x_wconf 85' lang='lat' dir='ltr'>igitur</span> <span class='ocrx_word' id='word_1_148' title='bbox 935 1891 1178 1937; x_wconf 88' lang='lat' dir='ltr'>schemata</span> <span class='ocrx_word' id='word_1_149' title='bbox 1218 1900 1455 1953; x_wconf 81' lang='lat' dir='ltr'>quattuor,</span> <span class='ocrx_word' id='word_1_150' title='bbox 1496 1891 1576 1937; x_wconf 88' lang='lat' dir='ltr'>sed</span> 
     </span>
     <span class='ocr_line' id='line_1_23' title="bbox 122 1963 1576 2029; baseline 0.002 -20"><span class='ocrx_word' id='word_1_151' title='bbox 122 1963 363 2027; x_wconf 88' lang='lat' dir='ltr'>duplicata</span> <span class='ocrx_word' id='word_1_152' title='bbox 416 1965 659 2028; x_wconf 83' lang='lat' dir='ltr'>utriusque</span> <span class='ocrx_word' id='word_1_153' title='bbox 704 1983 890 2012; x_wconf 83' lang='lat' dir='ltr'>caesurae</span> <span class='ocrx_word' id='word_1_154' title='bbox 943 1967 1381 2029; x_wconf 80' lang='lat' dir='ltr'>penthemimericae</span> <span class='ocrx_word' id='word_1_155' title='bbox 1436 1967 1576 2028; x_wconf 88' lang='lat' dir='ltr'>hujus</span> 
     </span>
     <span class='ocr_line' id='line_1_24' title="bbox 122 2040 1574 2106; baseline 0.003 -21"><span class='ocrx_word' id='word_1_156' title='bbox 122 2040 276 2097; x_wconf 78' lang='lat' dir='ltr'>metri,</span> <span class='ocrx_word' id='word_1_157' title='bbox 317 2040 412 2093; x_wconf 88' lang='lat' dir='ltr'>sed,</span> <span class='ocrx_word' id='word_1_158' title='bbox 453 2041 574 2086; x_wconf 87' lang='lat' dir='ltr'>sicut</span> <span class='ocrx_word' id='word_1_159' title='bbox 613 2050 786 2087; x_wconf 73' lang='lat' dir='ltr'>yantea</span> <span class='ocrx_word' id='word_1_160' title='bbox 827 2041 982 2097; x_wconf 88' lang='lat' dir='ltr'>docui,</span> <span class='ocrx_word' id='word_1_161' title='bbox 1019 2043 1248 2106; x_wconf 89' lang='lat' dir='ltr'>syllabam</span> <span class='ocrx_word' id='word_1_162' title='bbox 1287 2043 1574 2106; x_wconf 86' lang='lat' dir='ltr'>adjicienteS.</span> 
     </span>
     <span class='ocr_line' id='line_1_25' title="bbox 121 2116 1182 2182; baseline 0.004 -21"><span class='ocrx_word' id='word_1_163' title='bbox 121 2116 289 2162; x_wconf 81' lang='lat' dir='ltr'>Primae</span> <span class='ocrx_word' id='word_1_164' title='bbox 315 2134 504 2163; x_wconf 82' lang='lat' dir='ltr'>caesurae</span> <span class='ocrx_word' id='word_1_165' title='bbox 531 2128 601 2162; x_wconf 88' lang='lat' dir='ltr'>est</span> <span class='ocrx_word' id='word_1_166' title='bbox 625 2117 849 2164; x_wconf 84' lang='lat' dir='ltr'>Graecum</span> <span class='ocrx_word' id='word_1_167' title='bbox 877 2119 1182 2182; x_wconf 86' lang='lat' dir='ltr'>exemplum:</span> 
     </span>
    </p>

    <p class='ocr_par' dir='ltr' id='par_1_9' title="bbox 119 2192 1631 2630">
     <span class='ocr_line' id='line_1_26' title="bbox 283 2192 1312 2259; baseline 0.005 -22"><span class='ocrx_word' id='word_1_168' title='bbox 283 2192 430 2238; x_wconf 67' lang='lat' dir='ltr'>‘Hm&#39;aca</span> <span class='ocrx_word' id='word_1_169' title='bbox 452 2194 525 2254; x_wconf 75' lang='grc' dir='ltr'>μὲν</span> <span class='ocrx_word' id='word_1_170' title='bbox 548 2193 751 2248; x_wconf 72' lang='grc' dir='ltr'>βασιλεὺς</span> <span class='ocrx_word' id='word_1_171' title='bbox 775 2193 818 2251; x_wconf 65' lang='grc' dir='ltr'>ἦν</span> <span class='ocrx_word' id='word_1_172' title='bbox 843 2194 1028 2258; x_wconf 76' lang='grc' dir='ltr'>Χοίριλος</span> <span class='ocrx_word' id='word_1_173' title='bbox 1053 2196 1090 2242; x_wconf 76' lang='grc' dir='ltr'>ἐν</span> <span class='ocrx_word' id='word_1_174' title='bbox 1114 2195 1312 2259; x_wconf 79' lang='grc' dir='ltr'><em>σατύροις.</em></span> 
     </span>
     <span class='ocr_line' id='line_1_27' title="bbox 120 2267 402 2324; baseline 0 -11"><span class='ocrx_word' id='word_1_175' title='bbox 120 2267 295 2313; x_wconf 88' lang='lat' dir='ltr'>Latine</span> <span class='ocrx_word' id='word_1_176' title='bbox 321 2268 402 2324; x_wconf 89' lang='lat' dir='ltr'>sic,</span> 
     </span>
     <span class='ocr_line' id='line_1_28' title="bbox 234 2345 1330 2404; baseline 0.005 -21"><span class='ocrx_word' id='word_1_177' title='bbox 234 2345 482 2385; x_wconf 74' lang='lat' dir='ltr'>zlntereunt</span> <span class='ocrx_word' id='word_1_178' title='bbox 494 2346 672 2400; x_wconf 70' lang='lat' dir='ltr'>pecudes</span> <span class='ocrx_word' id='word_1_179' title='bbox 691 2353 805 2387; x_wconf 74' lang='lat' dir='ltr'>stant</span> <span class='ocrx_word' id='word_1_180' title='bbox 822 2362 997 2403; x_wconf 80' lang='lat' dir='ltr'>corpora</span> <span class='ocrx_word' id='word_1_181' title='bbox 1018 2363 1176 2404; x_wconf 73' lang='lat' dir='ltr'>magna</span> <span class='ocrx_word' id='word_1_182' title='bbox 1196 2350 1330 2390; x_wconf 76' lang='lat' dir='ltr'>boum.</span> 
     </span>
     <span class='ocr_line' id='line_1_29' title="bbox 120 2415 1572 2483; baseline 0.006 -23"><span class='ocrx_word' id='word_1_183' title='bbox 120 2415 176 2460; x_wconf 91' lang='lat' dir='ltr'>In</span> <span class='ocrx_word' id='word_1_184' title='bbox 225 2433 318 2477; x_wconf 89' lang='lat' dir='ltr'>qua</span> <span class='ocrx_word' id='word_1_185' title='bbox 371 2417 552 2479; x_wconf 89' lang='lat' dir='ltr'>syllaba</span> <span class='ocrx_word' id='word_1_186' title='bbox 599 2419 790 2465; x_wconf 83' lang='lat' dir='ltr'>finiatur</span> <span class='ocrx_word' id='word_1_187' title='bbox 836 2438 941 2483; x_wconf 88' lang='lat' dir='ltr'>pars</span> <span class='ocrx_word' id='word_1_188' title='bbox 989 2421 1214 2467; x_wconf 80' lang='lat' dir='ltr'>orationis</span> <span class='ocrx_word' id='word_1_189' title='bbox 1256 2439 1446 2468; x_wconf 88' lang='lat' dir='ltr'>necesse</span> <span class='ocrx_word' id='word_1_190' title='bbox 1486 2431 1572 2468; x_wconf 90' lang='lat' dir='ltr'>est.</span> 
     </span>
     <span class='ocr_line' id='line_1_30' title="bbox 119 2490 1631 2562; baseline 0.007 -27"><span class='ocrx_word' id='word_1_191' title='bbox 119 2490 282 2536; x_wconf 76' lang='lat' dir='ltr'>aBinis</span> <span class='ocrx_word' id='word_1_192' title='bbox 313 2491 513 2555; x_wconf 86' lang='lat' dir='ltr'>dactylis</span> <span class='ocrx_word' id='word_1_193' title='bbox 546 2511 656 2540; x_wconf 88' lang='lat' dir='ltr'>cum</span> <span class='ocrx_word' id='word_1_194' title='bbox 690 2495 785 2541; x_wconf 90' lang='lat' dir='ltr'>suis</span> <span class='ocrx_word' id='word_1_195' title='bbox 821 2496 1030 2559; x_wconf 88' lang='lat' dir='ltr'>syllabis,</span> <span class='ocrx_word' id='word_1_196' title='bbox 1054 2506 1102 2543; x_wconf 89' lang='lat' dir='ltr'>et</span> <span class='ocrx_word' id='word_1_197' title='bbox 1136 2498 1266 2544; x_wconf 91' lang='lat' dir='ltr'>nulla</span> <span class='ocrx_word' id='word_1_198' title='bbox 1304 2499 1484 2562; x_wconf 90' lang='lat' dir='ltr'>syllaba</span> <span class='ocrx_word' id='word_1_199' title='bbox 1524 2499 1568 2544; x_wconf 89' lang='lat' dir='ltr'>in</span> <span class='ocrx_word' id='word_1_200' title='bbox 1591 2521 1631 2552; x_wconf 71' lang='lat'>34</span> 
     </span>
     <span class='ocr_line' id='line_1_31' title="bbox 119 2567 544 2630; baseline 0.007 -18"><span class='ocrx_word' id='word_1_201' title='bbox 119 2567 278 2612; x_wconf 91' lang='lat' dir='ltr'>medio</span> <span class='ocrx_word' id='word_1_202' title='bbox 302 2567 424 2630; x_wconf 88' lang='lat' dir='ltr'>plus,</span> <span class='ocrx_word' id='word_1_203' title='bbox 447 2568 544 2625; x_wconf 87' lang='lat' dir='ltr'>but,</span> 
     </span>
    </p>
   </div>
   <div class='ocr_carea' id='block_1_7' title="bbox 117 2692 1571 2954">
    <p class='ocr_par' dir='ltr' id='par_1_10' title="bbox 117 2692 1571 2954">
     <span class='ocr_line' id='line_1_32' title="bbox 172 2692 1571 2746; baseline 0.007 -19"><span class='ocrx_word' id='word_1_204' title='bbox 172 2698 183 2718; x_wconf 83' lang='grc' dir='ltr'>ῐ</span> <span class='ocrx_word' id='word_1_205' title='bbox 204 2692 354 2741; x_wconf 81' lang='lat' dir='ltr'>triginta</span> <span class='ocrx_word' id='word_1_206' title='bbox 373 2693 465 2740; x_wconf 92' lang='lat' dir='ltr'>duo]</span> <span class='ocrx_word' id='word_1_207' title='bbox 490 2707 580 2730; x_wconf 84' lang='lat' dir='ltr'>xxu</span> <span class='ocrx_word' id='word_1_208' title='bbox 602 2695 649 2732; x_wconf 91' lang='lat' dir='ltr'>L.</span> <span class='ocrx_word' id='word_1_209' title='bbox 788 2704 808 2723; x_wconf 90' lang='lat' dir='ltr'>u</span> <span class='ocrx_word' id='word_1_210' title='bbox 830 2698 1034 2746; x_wconf 86' lang='lat' dir='ltr'>Choerileo]</span> <span class='ocrx_word' id='word_1_211' title='bbox 1058 2701 1207 2735; x_wconf 79' lang='lat' dir='ltr'>corialio</span> <span class='ocrx_word' id='word_1_212' title='bbox 1228 2700 1273 2736; x_wconf 90' lang='lat' dir='ltr'>L.</span> <span class='ocrx_word' id='word_1_213' title='bbox 1421 2707 1449 2726; x_wconf 80' lang='lat' dir='ltr'>W</span> <span class='ocrx_word' id='word_1_214' title='bbox 1473 2701 1571 2736; x_wconf 77' lang='lat' dir='ltr'><strong><em>Choe-</em></strong></span> 
     </span>
     <span class='ocr_line' id='line_1_33' title="bbox 118 2746 1571 2800; baseline 0.006 -20"><span class='ocrx_word' id='word_1_215' title='bbox 118 2747 224 2793; x_wconf 78' lang='lat' dir='ltr'>rileo]</span> <span class='ocrx_word' id='word_1_216' title='bbox 249 2747 378 2781; x_wconf 77' lang='lat' dir='ltr'>corileo</span> <span class='ocrx_word' id='word_1_217' title='bbox 398 2746 444 2782; x_wconf 89' lang='lat' dir='ltr'>L.</span> <span class='ocrx_word' id='word_1_218' title='bbox 599 2755 619 2773; x_wconf 86' lang='lat' dir='ltr'><strong>x</strong></span> <span class='ocrx_word' id='word_1_219' title='bbox 641 2749 887 2798; x_wconf 82' lang='lat' dir='ltr'>Choerileum]</span> <span class='ocrx_word' id='word_1_220' title='bbox 913 2751 1101 2788; x_wconf 86' lang='lat' dir='ltr'>Corileum</span> <span class='ocrx_word' id='word_1_221' title='bbox 1125 2753 1169 2788; x_wconf 88' lang='lat' dir='ltr'>L.</span> <span class='ocrx_word' id='word_1_222' title='bbox 1318 2761 1336 2788; x_wconf 85' lang='lat' dir='ltr'>y</span> <span class='ocrx_word' id='word_1_223' title='bbox 1356 2755 1482 2800; x_wconf 82' lang='lat' dir='ltr'>antea]</span> <span class='ocrx_word' id='word_1_224' title='bbox 1510 2752 1571 2789; x_wconf 79' lang='lat' dir='ltr'>Sic</span> 
     </span>
     <span class='ocr_line' id='line_1_34' title="bbox 117 2798 1566 2852; baseline 0.005 -18"><span class='ocrx_word' id='word_1_225' title='bbox 117 2798 163 2834; x_wconf 91' lang='lat' dir='ltr'>L.</span> <span class='ocrx_word' id='word_1_226' title='bbox 185 2804 268 2834; x_wconf 80' lang='lat' dir='ltr'>ante</span> <span class='ocrx_word' id='word_1_227' title='bbox 289 2799 495 2834; x_wconf 83' lang='lat' dir='ltr'>Putschius.</span> <span class='ocrx_word' id='word_1_228' title='bbox 526 2800 618 2835; x_wconf 87' lang='lat' dir='ltr'>Mox</span> <span class='ocrx_word' id='word_1_229' title='bbox 635 2803 755 2848; x_wconf 77' lang='lat' dir='ltr'>prima</span> <span class='ocrx_word' id='word_1_230' title='bbox 775 2816 909 2840; x_wconf 76' lang='lat' dir='ltr'>coesura</span> <span class='ocrx_word' id='word_1_231' title='bbox 930 2805 975 2841; x_wconf 89' lang='lat' dir='ltr'>L.</span> <span class='ocrx_word' id='word_1_232' title='bbox 998 2813 1035 2841; x_wconf 86' lang='lat' dir='ltr'>et</span> <span class='ocrx_word' id='word_1_233' title='bbox 1056 2818 1131 2840; x_wconf 89' lang='lat' dir='ltr'>orn.</span> <span class='ocrx_word' id='word_1_234' title='bbox 1151 2807 1211 2841; x_wconf 81' lang='lat' dir='ltr'>sic.</span> <span class='ocrx_word' id='word_1_235' title='bbox 1320 2813 1338 2831; x_wconf 83' lang='grc' dir='ltr'><strong>Ζ</strong></span> <span class='ocrx_word' id='word_1_236' title='bbox 1359 2805 1566 2852; x_wconf 81' lang='lat' dir='ltr'>intereunt]</span> 
     </span>
     <span class='ocr_line' id='line_1_35' title="bbox 119 2851 1570 2907; baseline 0.004 -20"><span class='ocrx_word' id='word_1_237' title='bbox 119 2851 180 2887; x_wconf 76' lang='lat' dir='ltr'>Sic</span> <span class='ocrx_word' id='word_1_238' title='bbox 202 2852 248 2888; x_wconf 91' lang='lat' dir='ltr'>L.</span> <span class='ocrx_word' id='word_1_239' title='bbox 271 2853 365 2887; x_wconf 81' lang='lat' dir='ltr'>inter</span> <span class='ocrx_word' id='word_1_240' title='bbox 384 2853 477 2887; x_wconf 77' lang='lat' dir='ltr'>enim</span> <span class='ocrx_word' id='word_1_241' title='bbox 497 2852 705 2890; x_wconf 79' lang='lat' dir='ltr'>Putschius.</span> <span class='ocrx_word' id='word_1_242' title='bbox 749 2856 810 2891; x_wconf 80' lang='lat' dir='ltr'>Sic</span> <span class='ocrx_word' id='word_1_243' title='bbox 829 2869 903 2892; x_wconf 87' lang='lat' dir='ltr'>om.</span> <span class='ocrx_word' id='word_1_244' title='bbox 927 2857 970 2892; x_wconf 92' lang='lat' dir='ltr'>L.</span> <span class='ocrx_word' id='word_1_245' title='bbox 1087 2865 1106 2884; x_wconf 85' lang='lat' dir='ltr'>a</span> <span class='ocrx_word' id='word_1_246' title='bbox 1126 2859 1224 2894; x_wconf 88' lang='lat' dir='ltr'>binis</span> <span class='ocrx_word' id='word_1_247' title='bbox 1244 2858 1417 2907; x_wconf 80' lang='lat' dir='ltr'>dactylis]</span> <span class='ocrx_word' id='word_1_248' title='bbox 1443 2859 1504 2895; x_wconf 83' lang='lat' dir='ltr'>Sic</span> <span class='ocrx_word' id='word_1_249' title='bbox 1524 2858 1570 2894; x_wconf 90' lang='lat' dir='ltr'>L.</span> 
     </span>
     <span class='ocr_line' id='line_1_36' title="bbox 119 2903 1300 2954; baseline 0.007 -15"><span class='ocrx_word' id='word_1_250' title='bbox 119 2905 188 2940; x_wconf 73' lang='lat' dir='ltr'>him·</span> <span class='ocrx_word' id='word_1_251' title='bbox 208 2905 343 2952; x_wconf 78' lang='lat' dir='ltr'>dactyli</span> <span class='ocrx_word' id='word_1_252' title='bbox 363 2903 574 2941; x_wconf 82' lang='lat' dir='ltr'>Putschius.</span> <span class='ocrx_word' id='word_1_253' title='bbox 694 2905 715 2933; x_wconf 89' lang='lat' dir='ltr'>b</span> <span class='ocrx_word' id='word_1_254' title='bbox 735 2908 791 2954; x_wconf 89' lang='lat' dir='ltr'>ut]</span> <span class='ocrx_word' id='word_1_255' title='bbox 814 2908 876 2946; x_wconf 87' lang='lat' dir='ltr'>Sic</span> <span class='ocrx_word' id='word_1_256' title='bbox 898 2909 941 2945; x_wconf 90' lang='lat' dir='ltr'>L.</span> <span class='ocrx_word' id='word_1_257' title='bbox 964 2911 999 2945; x_wconf 73' lang='lat' dir='ltr'>id</span> <span class='ocrx_word' id='word_1_258' title='bbox 1019 2916 1069 2946; x_wconf 81' lang='lat' dir='ltr'>est</span> <span class='ocrx_word' id='word_1_259' title='bbox 1088 2910 1300 2947; x_wconf 87' lang='lat' dir='ltr'>Putschius.</span> 
     </span>
    </p>
   </div>
  </div>
 </body>
</html>
