1962 3355
321 206 381 244 48
831 199 988 246 Marii
1016 199 1261 247 Victorini
1614 217 1710 248 LIB.
1737 217 1769 248 1.

322 337 347 363 a
371 328 531 365 tenore
556 337 640 366 suo
665 337 757 365 non
795 320 1096 376 einmutetur,
1122 331 1328 367 attamen
1360 321 1618 367 infirmiora
1642 322 1772 386 paria

322 395 497 441 sociata
531 395 832 460 spraestantur
855 397 926 442 his
962 414 1069 458 quae
1093 414 1151 442 ex
1187 396 1355 460 impari
1379 396 1589 454 veniunt,
1613 397 1771 459 gquod

262 487 303 516 34
323 472 410 517 sub
434 473 654 536 exemplo
679 473 828 535 magis
865 473 1084 536 aperiam.
1154 473 1289 519 Sicut
1313 473 1438 518 enim
1467 472 1664 518 minime
1688 491 1773 536 par

323 546 379 593 ad
405 547 653 594 nitendum
680 548 826 594 virtus
852 558 921 593 est
945 548 1061 594 asini
1089 549 1220 594 mulo
1245 548 1502 610 conjuncti,
1522 566 1632 594 cum
1658 548 1774 595 alter

323 623 539 680 alterum,
571 633 761 687 propter
792 624 1163 685 inaequalitatem
1204 634 1381 671 naturae
1423 642 1517 670 non
1552 622 1774 688 hrespon-

321 699 475 744 dentis
517 699 707 754 viribus,
745 699 860 746 dum
900 700 1135 763 jungitur,
1173 701 1389 747 debilitat
1428 701 1586 765 potius
1628 718 1768 763 quam

313 774 466 835 juvat,
492 774 555 819 ita
581 775 671 820 hoc
696 784 741 820 et
769 775 839 820 his
866 775 1046 830 litteris,
1066 794 1169 838 quae
1195 793 1251 821 ex
1277 777 1447 840 impari
1474 776 1774 839 copulatione

322 851 533 906 veniunt,
561 848 950 912 {intellegendum
977 861 1060 907 est,
1085 861 1136 897 ut
1163 851 1342 914 jugatae
1378 852 1618 898 instabiles
1651 869 1774 897 sem-

322 943 405 988 per
436 934 482 970 et
518 926 709 971 lubricae
743 927 851 981 sint,
877 926 988 987 quia
1021 944 1116 971 non
1152 927 1248 989 pari
1285 935 1364 972 aut
1399 927 1565 987 aequali
1600 927 1773 973 virtute

262 1017 301 1047 35
323 1000 552 1046 nituntur.
590 1001 683 1047 Hae
708 1011 882 1057 tamen,
908 1010 961 1046 ut
985 1019 1124 1065 supra
1148 1001 1371 1056 diximus,
1395 1003 1482 1047 sub
1506 1020 1602 1048 uno
1628 1020 1775 1049 enun-

322 1077 440 1122 tiatu
479 1076 760 1138 conjunctae,
792 1093 1099 1124 communem
1138 1077 1383 1140 syllabam,
1419 1077 1578 1124 divisae
1613 1088 1772 1124 autem

324 1151 511 1215 longam
552 1151 770 1198 efficient.
840 1153 992 1199 Mutae
1026 1171 1137 1201 vero
1168 1162 1213 1198 et
1246 1142 1546 1198 semivocales
1580 1162 1632 1199 ut
1662 1154 1776 1201 libet

324 1227 549 1290 appositae
575 1240 802 1291 correptae
822 1230 968 1275 vocali
997 1247 1183 1292 semper
1206 1229 1397 1292 longam
1419 1229 1647 1292 syllabam
1674 1229 1777 1276 red—

323 1304 456 1350 dunt.

264 1390 305 1427 36
394 1380 518 1426 Illud
545 1380 704 1437 etiam,
726 1380 1043 1427 kadmonente
1068 1381 1329 1437 occasione,
1348 1380 1666 1426 intimandum
1694 1389 1778 1436 est,

326 1456 502 1503 litteras
528 1457 753 1519 quasdam
782 1470 940 1503 contra
967 1457 1196 1502 rationem
1228 1466 1420 1513 naturae,
1446 1456 1582 1502 metri
1618 1473 1780 1502 neces-

327 1535 478 1589 sitate,
503 1551 631 1579 nunc
652 1533 863 1597 produci,
888 1544 955 1588 ut,

459 1608 658 1655 Italiam
664 1608 787 1671 fato
808 1607 1062 1673 Prsgfilg‘lS·

328 1704 454 1731 nunc
481 1685 666 1749 corripi,
691 1696 759 1741 ut,

460 1762 666 1808 Fervere
692 1761 950 1808 Leucaten.

329 1838 452 1883 Cum
480 1837 671 1899 quidam
709 1838 752 1883 in
784 1840 873 1883 hoc
909 1838 1110 1900 primam
1139 1837 1266 1883 verbi
1308 1837 1590 1900 positionem
1628 1855 1721 1883 non
1758 1856 1783 1884 a

311 1913 490 1978 ferveo
515 1913 594 1959 sed
616 1913 800 1978 afervo
825 1924 1022 1960 tractam
1046 1913 1371 1972 ¹contendant,
1394 1914 1660 1977 meritoque
1684 1931 1785 1960 cor-

271 2006 309 2036 37
331 1991 517 2053 ripiant.
584 1989 767 2036 Eadem
806 1991 945 2036 metri
982 1990 1084 2052 lege
1115 1990 1259 2036 etiam
1289 2000 1601 2036 consonantes
1638 1989 1786 2054 gemi-

332 2076 518 2121 nantur,
545 2074 610 2122 ut,

596 2141 869 2204 Relliqnias
895 2142 1144 2187 Danaum.

332 2218 412 2274 Et,
466 2282 677 2329 Rettulit
701 2281 932 2345 Argolico
939 2280 1201 2346 fulgentia
1222 2299 1363 2343 poma
1389 2289 1610 2345 tyranno.

333 2357 413 2415 Et,

468 2423 754 2469 Redduxere
778 2428 908 2468 retro
935 2422 1076 2486 longe
1097 2423 1300 2484 mcapz'ta
1325 2423 1479 2468 ardua
1504 2422 1563 2469 ab
1587 2423 1699 2469 ictu.

391 2545 406 2564 e
426 2540 663 2586 immutetur]
689 2537 895 2574 inmutetur
915 2539 952 2573 P.
1021 2536 1035 2564 f
1052 2539 1288 2587 praestantur]
1312 2546 1522 2587 prestantur
1542 2539 1581 2574 P.
1648 2545 1669 2572 g
1689 2538 1787 2586 quod

337 2593 404 2628 sub
424 2591 612 2641 exemplo]
635 2605 715 2640 quae
737 2592 803 2627 sub
819 2591 987 2640 exemplo
1009 2590 1124 2640 magis
1146 2592 1184 2626 P.
1341 2590 1361 2616 h
1380 2590 1708 2640 respondentibus]
1733 2604 1789 2626 re-

338 2645 557 2693 spondentis
578 2645 618 2680 P.
726 2643 735 2671 i
757 2643 1040 2693 intelligendum
1061 2646 1134 2692 est]
1159 2643 1450 2693 intellegendum
1472 2652 1529 2680 est
1552 2644 1588 2679 P.
1683 2642 1703 2669 k
1724 2643 1787 2679 ad-

339 2698 535 2744 monente]
553 2706 794 2733 ammonente
815 2698 853 2733 P.
972 2695 982 2722 l
1002 2697 1249 2743 contendant]
1273 2696 1506 2733 contendunt
1527 2697 1565 2731 Ρ.
1681 2703 1712 2721 m
1732 2709 1789 2732 ca-

339 2749 433 2799 pita]
454 2750 578 2799 kapita
594 2751 631 2786 P.

325 2900 330 2905 ,
394 2875 456 2910 33.
515 2863 752 2912 praestantur]
816 2862 1035 2912 Legendum
1148 2873 1210 2908 37.
1234 2862 1432 2898 redduxere
1453 2862 1568 2909 retro]
1590 2861 1789 2897 Notandus

336 2922 486 2964 praeslat
526 2918 732 2964 (praestant)
769 2917 822 2952 his
855 2929 931 2963 quae
965 2924 1035 2952 etc.
1093 2914 1197 2951 locus
1223 2916 1269 2950 V.
1291 2914 1487 2957 AEneidos,
1513 2913 1577 2950 ubi
1607 2913 1715 2963 vulgo
1739 2913 1789 2949 le·

341 2969 538 3006 CAMER.
1091 2970 1201 3019 gitur,
1224 2969 1404 3004 abduxere
1424 2973 1531 3004 retro.
1554 2966 1750 3003 CAMER.
