1962 3355
141 236 248 268 cAP.
274 232 312 268 1.
717 221 795 268 De
811 221 1028 284 pedibus.
1502 232 1593 270 245

141 344 353 389 continet
376 344 636 390 rationem:
672 342 798 389 unde
823 342 966 388 etiam
993 360 1074 406 pes
1097 343 1178 405 qui
1205 361 1263 389 ex
1294 344 1385 390 hoc
1410 353 1457 390 et
1481 344 1599 390 iam-

142 420 202 465 bo
227 429 410 466 constat
435 420 735 466 choriambus
756 419 1044 465 nominatur.

560 562 644 609 De
669 561 936 625 trisyllabis
954 561 1172 624 pedibus.

204 649 459 712 Trisyllabi
496 650 638 713 pedes
674 659 784 696 sunt
807 660 930 706 octo,
954 648 1061 695 ideo
1086 648 1310 711 quoniam
1340 659 1432 695 tres
1458 650 1599 713 sylla-

141 726 212 770 bae
237 734 344 770 octo
371 725 548 771 liabent
569 727 809 772 schemata
830 747 840 779 ;
879 725 958 771 sed
985 724 1109 770 unde
1127 726 1383 772 atraxerint
1407 744 1600 782 nomen,

141 800 322 846 docebo
348 801 447 846 sine
472 803 717 866 exempliS‚
744 802 995 864 bquoniam
1035 802 1080 847 in
1119 802 1274 865 primo
1300 802 1420 849 libro
1446 802 1491 848 id
1519 820 1600 848 ex-

139 877 424 940 plicabiliter
448 877 780 925 demonstravi.

207 954 453 1018 Dactylus
476 954 630 1001 dictus
656 966 726 1002 est
752 974 776 1001 a
802 955 968 1018 digito,
994 955 1128 1016 cujus
1153 954 1403 1001 carticulus
1429 956 1602 1018 figura-

140 1039 216 1077 tur
242 1031 469 1095 incipiens
493 1050 518 1077 a
545 1032 699 1095 longa,
719 1032 937 1078 desinens
963 1032 1011 1077 in
1036 1031 1151 1078 duas
1177 1032 1355 1078 breves.
1403 1031 1600 1095 Digitus

141 1107 269 1153 enim
297 1108 463 1153 Graece
489 1108 681 1160 δάκτυλος
706 1117 1022 1171 nuncupatur.

207 1183 497 1245 Anapcestzcs
531 1183 722 1247 dactylo
757 1185 1032 1240 contrarius,
1057 1184 1166 1230 inde
1199 1184 1368 1240 dictus,
1393 1185 1519 1247 quod
1558 1186 1598 1231 ei

140 1260 397 1315 referiatur,
434 1260 508 1306 did
545 1270 616 1306 est
653 1261 1008 1325 repercutiatur,
1044 1260 1171 1323 quod
1205 1261 1360 1307 Graeci
1399 1262 1602 1308 ἀναπαίειν

140 1335 322 1382 dicunt.

217 1412 512 1476 Tribrachys
547 1430 573 1459 a
607 1430 796 1459 suarum
835 1413 1123 1476 syllabarum
1162 1413 1390 1476 qualitate
1424 1431 1599 1461 nomen

141 1489 339 1552 accepit,
368 1489 495 1551 quod
520 1489 670 1535 tribus
696 1491 916 1537 brevibus
941 1499 1141 1548 constet,
1166 1507 1272 1553 quae
1298 1491 1464 1537 Graece
1499 1497 1601 1555 βρα-

140 1573 249 1627 χεῖαι
274 1575 627 1630 nuncupantur.

206 1641 450 1689 Molossus
473 1642 626 1689 dictus
652 1643 777 1706 quod
805 1662 829 1689 a
856 1643 1069 1690 Molosso
1090 1642 1306 1690 Cretensi
1327 1643 1425 1690 viro
1447 1662 1602 1708 reper-

141 1728 217 1766 tus
243 1729 314 1766 est
338 1728 355 1749 θ
371 1718 523 1785 [hunc
547 1720 739 1783 quidam
769 1730 815 1767 et
841 1722 1070 1768 creticum
1094 1720 1303 1786 dicunt]

208 1796 600 1859 Amphibraclrys
635 1796 973 1862 fnuncupatur,
998 1797 1124 1861 quod
1150 1815 1207 1843 ex
1235 1807 1435 1860 utraque
1470 1807 1602 1861 parte

147 1873 296 1935 (quod
323 1873 477 1919 Graeci
514 1873 624 1934 ἀμφὶ
649 1874 849 1933 dicunt),
875 1876 1064 1920 brevem
1097 1877 1261 1936 (quam
1302 1876 1368 1920 illi
1401 1881 1603 1938 βραχεῖαν

144 1953 440 2012 nuncupant)
467 1951 693 1996 continet.

210 2025 597 2087 Amplzimacrus,
645 2026 766 2072 sicut
812 2034 921 2071 ante
962 2043 1010 2071 se
1051 2044 1148 2089 pes,
1186 2045 1361 2073 nomen
1404 2028 1603 2092 accepit,

145 2101 272 2163 quod
298 2119 353 2146 ex
380 2111 579 2164 utraque
605 2115 737 2166 parte
762 2101 970 2164 longam,
996 2120 1138 2165 quam
1168 2104 1320 2150 Graeci
1347 2106 1503 2167 μακρὰν
1532 2106 1604 2152 di-

144 2188 273 2233 cunt,
311 2178 479 2224 liabet:
517 2178 703 2224 gdictus
741 2189 810 2223 cst
847 2178 923 2223 hic
950 2196 1033 2242 pes
1069 2179 1213 2225 etiam
1240 2181 1456 2237 creticus,
1489 2199 1606 2244 quo-

144 2255 270 2300 niam
312 2254 356 2299 in
401 2254 542 2300 Creta
584 2254 735 2300 insula
778 2254 1091 2318 Corybantes,
1130 2265 1182 2302 ut
1220 2256 1431 2319 vagitum
1468 2257 1604 2304 Jovis

144 2331 240 2376 nati
267 2329 503 2377 hcelarent
528 2331 805 2387 Saturnum,
826 2331 970 2378 scutis
997 2332 1092 2378 suis
1118 2332 1184 2379 sic
1209 2342 1469 2379 sonuerunt
1502 2352 1606 2397 gra-

144 2407 276 2463 viter,
303 2407 518 2461 breviter,
544 2407 759 2470 graviter.

210 2483 453 2530 Bacchius
487 2484 642 2530 dictus
679 2495 765 2541 est,
804 2484 932 2547 quod
967 2484 1198 2541 iBacchQ
1235 2485 1281 2531 id
1324 2497 1394 2532 est
1429 2486 1605 2533 Libero

145 2559 284 2623 patri,
321 2568 513 2623 accepta
539 2560 800 2607 modulatio
843 2562 983 2624 hujus
1025 2561 1159 2625 pedis
1196 2580 1313 2608 sono
1344 2580 1604 2627 compone-

146 2636 299 2681 batur.

212 2711 602 2759 Palimbacehius
624 2712 812 2772 dicitur,
837 2714 962 2776 quod
990 2714 1190 2760 bacchio
1215 2716 1588 2778 contraponitur.

201 2823 220 2842 a
240 2817 434 2862 traxerint]
459 2822 647 2852 traxerunt
667 2818 711 2854 L.
872 2816 892 2844 b
913 2820 1111 2867 quoniam]
1137 2819 1196 2855 Sic
1218 2820 1262 2855 L.
1294 2819 1488 2856 Pntschius
1510 2822 1605 2866 quia.

146 2871 244 2906 Tum
268 2871 304 2905 icl
323 2882 397 2905 om.
420 2870 464 2904 L.
605 2877 621 2896 c
642 2872 835 2918 articulus]
860 2874 1033 2908 articulos
1055 2873 1101 2909 L.
1231 2871 1250 2898 d
1270 2873 1307 2908 id
1328 2875 1401 2920 est]
1423 2872 1481 2907 Sic
1505 2872 1548 2907 L.
1571 2878 1605 2910 et

147 2923 356 2959 Putschius.
532 2929 548 2948 e
570 2923 841 2960 hunc—diczent
863 2938 937 2960 om.
957 2926 1002 2961 L.
1167 2924 1182 2951 f
1200 2925 1450 2974 nuncupatur]
1476 2925 1536 2961 Sic
1559 2926 1603 2962 L.

147 2975 346 3012 Putschius
367 2977 587 3012 nominatur.
770 2984 792 3012 g
812 2977 932 3013 dictus
953 2979 1025 3024 est]
1051 2979 1110 3014 Sic
1129 2978 1172 3014 L.
1203 2978 1400 3014 Putschius
1419 2979 1535 3014 dictus
1555 2985 1605 3015 est

148 3035 279 3065 tamen.
390 3027 410 3055 h
431 3029 610 3075 celarent]
635 3030 787 3066 celerent
807 3030 853 3066 L.
965 3029 974 3057 i
995 3032 1165 3078 Baccho]
1190 3032 1347 3067 Bucchia
1370 3031 1415 3067 L.

1623 672 1660 692 10

1623 978 1656 997 11

1625 1207 1658 1227 12

1626 1437 1660 1466 ¹3

1625 1666 1663 1694 14

1625 1819 1661 1851 15

1626 2042 1664 2074 16

1627 2509 1663 2541 ¹7

1630 2737 1664 2766 18
