1962 3355
96 233 202 262 cAP.
221 215 265 262 6.
503 215 586 260 De
613 213 943 261 Choriambico
967 220 1132 259 metro.
1454 221 1541 259 115

95 355 202 384 cum
224 336 451 401 plurimas
473 336 658 391 habeat,
673 345 724 381 ut
743 335 971 398 superiUS‚
988 334 1261 390 solutiones,
1277 333 1547 395 frequenter

95 422 253 459 tamen
280 412 553 475 tribrachyn
579 411 765 476 pedem,
791 420 844 457 ut
867 420 953 465 est,

100 488 276 538 Qualis
300 488 464 552 aquila
489 489 584 535 cita
610 487 842 534 celeribus
861 494 884 525 g
892 486 1066 548 rapida
1085 486 1248 548 pinnis
1267 484 1547 532 transvolat.

161 565 284 611 Sane
309 569 525 628 generale
550 565 667 612 illud
694 565 739 610 in
769 562 1042 626 hujusmodi
1064 562 1225 608 metris
1251 569 1545 625 praeceptum
1568 578 1602 599 11

95 641 292 698 tenebis,
335 642 459 703 quod
502 652 549 688 et
584 658 724 704 supra
761 640 986 696 diximus,
1026 639 1278 703 particulas
1298 695 1302 698 ²
1319 637 1547 701 quasdam

97 719 258 763 breves
278 717 425 764 veluti
451 727 691 764 commata
727 725 878 762 metro
908 725 1044 772 stare,
1069 715 1189 761 sicut
1227 715 1273 760 in
1303 712 1549 776 tragoediis

96 802 176 840 aut
200 793 444 839 comoediis
477 794 787 857 repperimus,
815 803 866 840 ut
893 793 1056 855 Papae,
1081 792 1235 839 Eheu.
1273 791 1396 837 Sunt
1420 790 1549 836 enim
1573 805 1607 827 1²

97 879 411 927 monometra,
437 871 482 916 id
509 880 580 917 est
610 888 666 916 ex
703 888 798 916 uno
834 870 969 934 pede,
996 869 1141 915 altero
1173 867 1380 921 hiambo,
1407 868 1553 913 altero

97 946 323 1010 spondeo,
348 948 665 1003 subsistentia,
690 947 862 1008 quibus
893 946 1084 992 affectus
1118 945 1431 1008 exprimimus
1457 943 1555 990 ani-

97 1040 300 1068 morum.
369 1024 522 1086 Igitur
545 1033 869 1087 pentametrus
896 1023 1180 1069 acatalectus
1205 1021 1293 1067 erit
1317 1021 1438 1077 talis,

126 1103 276 1144 Phoebe
292 1110 337 1144 tu
357 1104 452 1159 lyra
472 1110 643 1144 sonante
647 1105 773 1159 flecte
792 1104 917 1144 eorda
937 1118 1028 1143 cum
1049 1116 1189 1143 sorore
1209 1101 1254 1129 hh
1265 1102 1530 1156 canticisque.

97 1177 420 1223 Tetrametrus
446 1187 622 1233 autem,
1579 1195 1612 1224 ¹3

162 1253 346 1299 Phoebe
370 1259 422 1299 tu
449 1252 557 1315 lyra
581 1258 781 1298 sonante
787 1251 944 1317 flecte
969 1251 1110 1297 corda
1135 1268 1240 1297 cum
1260 1267 1434 1296 sorore.

100 1329 195 1381 Qui
222 1329 258 1374 si
285 1329 518 1375 catalexin
548 1329 778 1385 habuerit,
802 1328 1107 1392 Euripidium
1136 1336 1356 1373 vocatur:
1383 1325 1545 1381 veluti,

231 1405 411 1452 Phoebe
435 1412 487 1452 ίιι
512 1405 622 1469 lyra
646 1412 845 1452 sonante
853 1405 967 1468 jam
992 1405 1122 1452 mihi.

98 1481 349 1529 Dimetrus
377 1492 550 1537 autem,
1580 1509 1618 1538 14

365 1558 546 1605 Phoebe
571 1566 621 1604 tec
651 1559 761 1622 lyra
785 1565 997 1605 sonante.

102 1634 244 1686 Quod
269 1635 533 1698 Angelicon
559 1646 765 1682 vocatur.
837 1634 977 1688 Quod
1017 1633 1053 1679 si
1082 1650 1177 1679 uno
1202 1631 1326 1696 pede
1351 1629 1558 1675 ibrevius

100 1728 240 1773 quam
282 1729 408 1758 nunc
444 1721 515 1758 est
547 1712 703 1769 fuerit,
730 1713 817 1759 erit
841 1711 1211 1775 ithyphallicum
1242 1717 1465 1763 metrum,
1490 1707 1561 1752 in-

100 1797 295 1834 ventum
324 1790 382 1834 ab
401 1789 707 1845 Archilocho,
725 1807 750 1834 e
770 1789 919 1834 tribus
940 1786 1158 1834 trochaeis
1178 1784 1466 1846 conjunctis:
1493 1792 1558 1838 ut,

366 1865 560 1912 Bacche
578 1865 760 1928 plaude
784 1863 988 1911 Bacche.

103 1939 245 1992 Quod
293 1940 338 1986 in
382 1941 608 1988 honorem
650 1941 859 2003 ejusdem
898 1939 970 1985 dei
1016 1938 1200 2002 kpoetae
1237 1937 1556 2000 compositum

104 2017 416 2078 protulerunt.

323 2149 461 2198 CAP.
485 2148 584 2199 VI.
651 2151 734 2201 De
766 2147 1127 2200 Choriambz'co
1154 2155 1335 2198 metro.

168 2252 561 2299 Choriambicum
605 2263 808 2300 metrum
851 2251 1170 2315 compositum
1212 2268 1270 2296 ex
1310 2250 1494 2297 duobus
1536 2268 1560 2295 e

102 2328 229 2391 ¹quis
264 2329 493 2392 originem
522 2330 680 2387 trahit,
704 2330 845 2376 etiam
885 2328 1094 2374 nominis
1132 2327 1447 2392 appellatione
1483 2326 1563 2373 de-

104 2409 320 2452 claratur.
385 2407 514 2452 Nam
550 2407 802 2454 trochaeum
840 2415 1019 2452 veteres
1057 2404 1272 2450 chorium
1304 2404 1560 2468 appellant.

104 2482 331 2528 Subsistit
356 2492 512 2529 autem
547 2501 673 2530 nunc
703 2501 727 2529 e
763 2482 892 2546 puris
929 2480 1191 2527 choriambi
1219 2479 1562 2543 conjugationi-

105 2559 207 2614 bu8‚
230 2558 310 2614 ita,
855 2597 863 2600 ,

199 2623 328 2670 Uror
351 2625 530 2671 amoris
551 2624 760 2680 stimulo,
789 2641 869 2670 cor
893 2623 1052 2687 quatit
1076 2622 1197 2669 artis
1218 2622 1430 2684 pavidos.

105 2711 229 2774 quod
261 2721 331 2757 est
366 2721 692 2758 tetrametrum
728 2712 1068 2758 acatalectum:
1105 2728 1233 2757 nunc
1270 2710 1482 2756 admixta
1517 2716 1562 2752 et

159 2836 180 2863 g
200 2828 342 2877 rapida]
366 2830 542 2879 rapienda
563 2831 601 2866 P.
711 2828 732 2855 ¹¹
753 2829 931 2876 iambico]
950 2828 1075 2864 iambo
1096 2827 1136 2863 P.
1247 2825 1291 2852 hh
1311 2824 1556 2870 canticisque]

106 2881 345 2931 candidisque
366 2884 404 2918 Ρ.
426 2891 462 2919 et
484 2896 580 2924 mox,
605 2891 765 2919 vocetur.
876 2880 885 2907 i
906 2882 1070 2928 brevius]
1089 2880 1208 2917 brevis
1228 2881 1268 2916 P.
1381 2876 1397 2903 k
1422 2876 1557 2925 poetae]

107 2943 227 2983 poetae
245 2937 494 2985 compositum
518 2938 557 2972 P.
668 2934 677 2961 ¹
697 2935 846 2985 quibus]
865 2934 946 2983 quis
966 2935 1007 2970 P.

897 3007 983 3043 92
