1962 3355
365 208 456 260 278
921 203 1075 250 Marii
1096 202 1250 250 Plotiz’

306 343 345 372 33
621 325 703 371 De
727 325 1017 388 heptametro
1042 325 1303 372 acatalecto
1326 325 1539 371 iambico.

432 412 803 475 Heptam-etrum
841 413 1152 460 acatalectum
1192 420 1369 475 septem
1412 413 1618 476 integros
1658 413 1800 478 pedes

363 489 589 537 iambicos
614 489 938 553 tetrasyllabos
965 489 1121 544 habet,
1148 497 1215 546 ut,

362 585 507 612 ''Minusve
514 589 631 620 languet
637 588 792 619 fascinum,
804 587 878 619 quod
889 588 922 611 ut
933 586 1051 618 superbo
1059 593 1192 618 provoces
1203 586 1237 610 ab
1247 587 1364 618 inguine
1375 594 1423 611 ore
1437 586 1675 612 wallaborandam
1688 589 1728 612 est
1741 589 1801 613 tibi.

366 655 476 702 Hoc
512 654 686 701 Xdividi
723 654 896 718 poterit
919 653 966 699 in
993 653 1298 700 acatalectum
1326 653 1589 700 trimetrum
1627 664 1673 701 et
1697 673 1800 702 aca-

364 732 588 778 taleetum
609 739 954 786 tetrametrum,
974 746 1174 791 quorum
1197 747 1334 794 supra
1353 731 1571 795 exempla
1589 732 1799 778 tractavi.

305 913 347 943 34
656 890 739 936 De
761 896 1012 937 octametro
1038 890 1268 938 catalecto
1292 890 1502 938 iambico.

433 995 758 1042 Octametrum
794 995 1121 1043 catalecticum
1150 997 1203 1042 fit
1239 1005 1418 1060 septem
1455 996 1651 1060 pedibus
1686 997 1799 1043 iam-

363 1072 478 1120 bicis
503 1072 833 1136 tetrasyllabis,

419 1161 519 1201 Non
533 1166 580 1201 ut
600 1161 823 1216 ysuperbas
837 1160 993 1200 invidce
1011 1160 1287 1216 Carthaginis
1304 1161 1518 1201 Romanus
1533 1175 1648 1201 arces
1663 1168 1800 1202 ureret

418 1230 598 1269 intactus
618 1234 692 1268 aut
713 1229 1000 1268 Britannicus.

364 1327 495 1373 Hoc*
533 1342 721 1388 quoque
779 1323 978 1370 divisum
1024 1324 1135 1370 facit
1181 1332 1503 1370 tetrametrum
1563 1323 1796 1386 integrum

364 1414 380 1433 z
400 1403 704 1451 acatalectum
736 1411 781 1448 et
816 1411 1137 1448 tetrametrum
1176 1401 1515 1458 catalecticum,
1539 1400 1596 1447 de
1628 1400 1800 1463 quibus

364 1499 501 1545 supra
526 1480 678 1527 docui.
747 1480 855 1526 Hoc
878 1488 1035 1524 tamen
1070 1478 1185 1523 scire
1209 1477 1435 1523 debemus
1460 1477 1608 1540 aquod
1636 1487 1802 1541 praeter

366 1559 710 1623 heptametrum
759 1565 911 1602 cetera
956 1572 1254 1618 supervacua,
1302 1554 1391 1600 hoc
1432 1563 1516 1610 est,
1560 1564 1801 1618 pentame-

365 1644 506 1691 trum,
530 1634 876 1688 hexametrum,
901 1640 1230 1688 octametrum‚
1255 1631 1523 1677 catalectica
1558 1640 1690 1677 sunt:
1731 1649 1801 1676 so-

366 1712 461 1758 lum
489 1729 597 1757 vero
622 1711 969 1775 heptametrum
1010 1708 1333 1754 acatalectum.
1402 1707 1601 1754 Nullum
1638 1718 1798 1754 tamen

365 1788 422 1835 de
445 1788 518 1834 his
544 1797 765 1850 quattuor
789 1795 869 1832 aut
894 1785 1351 1848 brachycatalectum
1385 1785 1493 1831 baut
1528 1785 1802 1848 hypercata-

364 1866 539 1912 lectum
578 1864 751 1928 poterit
789 1862 990 1927 reperiri.
1061 1861 1248 1925 Species
1287 1861 1474 1907 iambici
1514 1863 1648 1907 metri
1687 1878 1801 1924 quas

365 1961 490 1990 nunc
515 1942 636 1999 dedi,
659 1941 822 2005 viginti
850 1951 940 1987 tres
971 1949 1093 1997 sunt,
1118 1939 1237 1986 sicut
1261 1938 1479 2002 exempla
1506 1937 1706 1984 tradunt.

419 2120 556 2172 CAP.
585 2119 649 2170 V.
687 2121 771 2171 De
798 2127 962 2171 metro
990 2118 1245 2169 trochaico
1271 2125 1320 2168 et
1343 2116 1458 2185 ejas
1482 2115 1763 2186 speciebus.

440 2239 752 2286 Trochaicum
777 2248 977 2284 metrum
1007 2238 1053 2283 in
1080 2237 1230 2301 prima
1255 2236 1446 2298 quidem
1479 2245 1608 2299 parte
1638 2246 1683 2281 et
1711 2245 1802 2281 ter-

365 2318 430 2364 tia
465 2326 512 2363 et
544 2316 708 2379 quinta
740 2314 881 2379 pedes
913 2313 1079 2377 recipit
1113 2312 1244 2367 duos,
1270 2313 1525 2358 trochaeum
1563 2322 1610 2358 et
1639 2312 1802 2359 tribra-

368 2394 542 2442 chum:
580 2392 626 2438 in
660 2390 861 2438 secunda
897 2408 1005 2436 vero
1036 2399 1083 2436 et
1117 2399 1281 2451 quarta
1312 2398 1357 2435 et
1394 2399 1523 2435 sexta
1546 2389 1618 2435 vel
1648 2390 1802 2435 novis-

367 2471 485 2517 sima
530 2469 737 2532 quinque
783 2468 948 2531 recipit
988 2466 1143 2531 pedeS‚
1196 2467 1471 2523 trochaeum,
1515 2466 1803 2530 tribrachyn,

367 2556 671 2612 anapaestum‚
708 2544 986 2609 spondeum,
1018 2543 1274 2607 dactylum,
1298 2543 1369 2589 vel
1406 2544 1802 2607 amphimacrum,

420 2747 443 2766 u
464 2739 627 2776 Minasve
646 2740 834 2785 distringet
855 2738 899 2773 L.
921 2736 982 2786 qui
1004 2749 1088 2772 mox
1107 2749 1180 2773 om.
1201 2738 1361 2785 superbo.
1546 2744 1574 2762 w
1594 2738 1801 2773 allaboran-

368 2794 468 2841 dmn]
492 2794 722 2829 laborandum
744 2792 787 2828 L.
950 2797 970 2816 X
989 2789 1117 2838 dividi]
1141 2792 1275 2827 divisim
1297 2791 1340 2827 L.
1363 2792 1422 2841 qui
1446 2805 1530 2828 mox
1550 2805 1623 2827 om.
1644 2792 1679 2826 in
1699 2798 1735 2826 et
1756 2795 1800 2826 et.

368 2856 387 2884 y
406 2849 565 2896 superius
584 2847 722 2883 invictiae
744 2845 973 2891 Carthaginis
994 2845 1177 2880 Romanus
1196 2857 1293 2881 arces
1313 2845 1355 2881 L.
1504 2852 1521 2871 2
1541 2843 1799 2891 acatalectum]

370 2902 429 2939 Sic
450 2902 492 2937 L.
516 2898 791 2938 acatalecticum
814 2897 1019 2934 Putschius.
1202 2905 1221 2924 a
1239 2898 1336 2948 quod
1357 2900 1506 2949 praeter]
1532 2899 1591 2934 Sic
1611 2899 1653 2934 L.
1671 2903 1803 2946 praeter

369 2969 444 2992 om.
466 2954 668 2991 Putschius.
777 2950 797 2978 b
818 2958 880 2987 out
902 2952 1223 2999 hypercatalectum
1244 2961 1473 2989 accesserunt
1492 2966 1535 2989 ex
1556 2952 1602 2989 L.
