1962 3355
150 234 257 265 CAP.
283 218 355 266 16.
512 218 596 264 De
617 224 767 264 metro
796 216 1123 263 Choriambz'co
1150 215 1237 276 85⁶·
1509 220 1596 259 185

149 339 244 386 His
268 348 377 404 post
400 339 607 403 primum
632 346 708 385 get
732 336 1025 401 semipedem
1059 336 1095 382 si
1130 335 1318 397 adjicias
1354 333 1602 396 syllabam,
1622 351 1636 371 2

148 414 262 463 l¹seu
288 416 522 479 positione
547 433 630 462 seu
655 424 821 461 natura
856 414 1064 476 longam,
1089 421 1156 466 ut,
1181 409 1319 457 nulla
1353 425 1453 455 meo
1473 408 1602 472 jam,

146 490 323 538 dehinc
357 491 622 554 penultima
657 507 764 552 quae
802 489 851 534 in
887 505 1021 534 versu
1055 487 1208 533 brevis
1245 495 1330 541 est,
1367 484 1424 530 isi
1461 485 1603 546 longa

147 576 364 630 ponatur,
400 567 447 613 id
482 576 567 623 est,
600 583 684 630 pro
712 565 810 612 loco
846 573 898 610 ut
930 564 990 610 sit
1015 562 1166 617 klum,
1192 561 1421 608 efficietur
1443 577 1603 606 versus

147 660 174 688 e
209 642 446 706 dactylico
482 641 870 689 mchoriambicus
901 639 1158 703 quadratus
1191 637 1491 685 catalecticus
1523 652 1606 698 per

148 717 464 779 adjectionem
491 726 538 764 et
561 717 948 773 inmutationem,
973 716 1053 773 ita,

282 793 440 840 [Valla
464 811 564 840 meo
573 795 687 857 jam
710 794 873 840 sedeat
898 793 1042 839 turba
1058 791 1276 856 profana
1300 791 1448 837 nlueo.

147 869 348 932 Semper
382 871 509 916 enim
554 870 786 933 dactylus,
827 869 863 915 si
905 878 1012 933 post
1049 869 1166 915 duas
1206 869 1368 914 breves
1411 867 1641 928 longam3

148 946 401 1009 acceperit,
437 946 483 991 in
523 946 855 992 choriambum
892 945 1224 1008 commigrabit,
1263 953 1327 998 ut,
1348 942 1508 989 Arma
1537 941 1606 988 vi-

149 1039 273 1077 rum,
309 1032 370 1080 et,
400 1023 567 1086 Tityre
603 1029 686 1069 tu.-
725 1024 846 1069 sicut
878 1032 925 1068 et
957 1022 1048 1076 hic,
1074 1020 1229 1067 Nulla
1262 1036 1376 1066 meo.
1446 1017 1605 1063 Docui

151 1098 389 1161 superiore
414 1099 655 1145 volumine
679 1099 895 1144 chorium
922 1097 1127 1144 eundem
1153 1109 1199 1143 et
1230 1097 1489 1142 trochaeum
1529 1110 1609 1155 ap-

150 1175 330 1238 pellari,
363 1175 474 1221 huic
510 1176 777 1237 subjectum
815 1175 1029 1220 iambum
1066 1173 1397 1218 choriambum
1436 1169 1606 1233 pedem

150 1251 357 1297 reddere.
428 1251 557 1312 Ergo
582 1259 719 1297 erunt
745 1251 790 1296 in
817 1268 951 1296 versu
979 1259 1070 1296 tres
1105 1248 1385 1304 choriambi,
1410 1247 1608 1292 ultimus
1627 1262 1647 1289 4

152 1327 377 1373 bacchius
415 1344 440 1371 a
482 1327 607 1372 brevi
652 1327 899 1390 incipiens,
937 1343 1049 1372 nam
1092 1325 1202 1371 satis
1242 1325 1416 1370 absone
1457 1322 1610 1368 chori-

150 1405 294 1450 ambo
342 1402 592 1458 clauditur,
639 1403 903 1466 meritoque
956 1410 1256 1449 tetrametrus
1309 1398 1608 1446 catalecticus

151 1482 408 1544 figuratur:
443 1490 510 1536 ut,

283 1557 420 1603 Dum-
444 1574 575 1603 meas
600 1556 677 1603 lzic
701 1556 893 1603 assiduo
916 1556 1089 1602 ardeat
1112 1556 1226 1619 igne
1250 1564 1269 1593 ‘1
1287 1554 1436 1600 lucus.

152 1633 280 1679 Nam
306 1633 371 1679 ita
396 1643 443 1679 et
467 1633 546 1679 hic
572 1642 625 1679 ut
649 1633 962 1696 anapaesticus
988 1633 1246 1695 quadratus
1278 1628 1608 1677 terminabitur
1628 1647 1644 1678 5

153 1709 478 1767 ¹*antibacchQ
502 1709 682 1772 eritque
718 1710 1035 1764 catalecticuS,
1061 1709 1172 1771 quia
1196 1726 1290 1754 non
1315 1707 1385 1752 sui
1425 1704 1607 1768 generis

153 1786 272 1849 pede
298 1786 545 1832 clauditur.
621 1786 895 1832 Instruendi
932 1804 1043 1832 sane
1069 1803 1233 1832 sumus
1259 1797 1606 1843 nonnunquam

154 1862 470 1919 schoriambo,
496 1862 532 1908 si
558 1864 692 1908 tusus
727 1862 953 1925 exegerit,
980 1862 1236 1908 iambicam
1262 1859 1395 1905 basin
1426 1856 1610 1903 immis-

153 1938 264 1995 ceri,
289 1938 415 2001 quod
441 1955 588 2001 genus
617 1938 925 1984 bacchiacum
961 1937 1130 1983 musici
1156 1936 1349 1988 dicunt;
1386 1933 1607 1996 exemplo

152 2014 242 2061 erit
268 2032 423 2061 versus
449 2015 542 2070 illc,

292 2091 385 2137 Cui
408 2097 627 2137 reserata
652 2091 875 2154 mugiant
899 2106 1051 2136 aurea
1076 2087 1254 2151 templa
1278 2087 1458 2133 mundi.

153 2166 281 2212 Nam
317 2166 549 2214 secundus
586 2184 667 2230 pes
693 2173 744 2213 ta
769 2166 992 2229 mugiunt
1027 2165 1212 2211 duobus
1249 2162 1418 2210 iambis
1450 2178 1648 2209 oense-6

1214 2288 1234 2310 U

206 2336 228 2364 g
247 2329 291 2366 ad
312 2330 558 2380 semipedem]
583 2338 620 2367 et
640 2329 870 2379 semipedum
893 2330 932 2365 P.
1017 2326 1038 2354 Β
1059 2329 1140 2375 seu]
1164 2328 1227 2364 sed
1249 2329 1289 2364 P.
1387 2325 1397 2352 i
1418 2326 1465 2374 si]
1488 2339 1550 2363 seu
1568 2326 1608 2361 P.

152 2381 174 2408 k
193 2382 294 2430 luco]
318 2383 400 2420 loco
423 2384 462 2419 P.
582 2391 612 2409 m
633 2382 907 2420 choriambicus
927 2381 1128 2430 quadratus
1148 2380 1401 2427 catalecticus]
1425 2378 1609 2416 choriam—

154 2434 256 2472 bicos
276 2437 476 2485 quadratos
496 2436 733 2473 catalecticos
753 2437 794 2472 P.
923 2442 944 2461 n
962 2435 1064 2481 luco]
1088 2434 1170 2471 loca
1188 2435 1230 2471 P.
1367 2441 1387 2468 q
1406 2433 1529 2480 focus]
1554 2433 1608 2468 lu-

152 2501 218 2525 cus
237 2490 277 2524 P.
428 2497 443 2515 r
462 2489 691 2536 antibachio]
715 2488 934 2525 antibaccho
955 2489 996 2524 P.
1018 2495 1055 2524 et
1074 2487 1127 2524 sic
1150 2488 1302 2524 Santen.
1453 2493 1468 2512 s
1489 2484 1611 2522 chori-

153 2542 281 2589 ambo]
304 2541 555 2579 choriambico
574 2543 614 2578 P.
724 2542 739 2568 t
758 2543 832 2590 res]
855 2554 942 2578 usus
961 2542 1002 2577 P.

210 2684 243 2708 2.
274 2681 503 2721 postremum
529 2673 575 2709 ad
603 2673 850 2722 semipedem]
963 2685 998 2719 4.
1023 2672 1168 2718 ardeat]
1193 2673 1310 2707 luceat
1331 2672 1484 2707 Santen.

156 2726 199 2762 L.
215 2731 298 2773 post
312 2728 471 2773 primum
493 2732 526 2762 et
545 2729 765 2774 semipedem.
796 2726 852 2761 Cf.
965 2737 1001 2772 5.
1020 2724 1277 2771 bacchiacum]
1299 2724 1501 2760 bacchicon
1517 2725 1609 2760 San-

155 2778 368 2815 Terentian.
398 2793 431 2815 v.
453 2780 564 2816 1866.
601 2781 752 2816 Santen.
779 2779 852 2814 Te·
911 2787 986 2815 ten.
1007 2779 1093 2814 Ter.
1114 2778 1238 2813 Maur.
1261 2790 1297 2826 p.
1320 2789 1411 2824 325.

156 2839 250 2868 rent.
271 2832 394 2868 Maur.
416 2846 450 2882 p.
473 2844 562 2880 323.
966 2832 1015 2867 ib.
1049 2832 1116 2866 Cui
1144 2835 1304 2866 reserata
1337 2830 1518 2876 mugiunt]
1555 2829 1609 2863 Ex

211 2897 247 2932 3.
273 2884 403 2935 longas
433 2886 601 2933 brevem]
638 2887 755 2921 breves
780 2886 855 2920 lon·
914 2885 1052 2933 hymno
1082 2883 1210 2920 Sereni
1237 2883 1272 2918 in
1300 2884 1452 2923 Janum,
1475 2890 1516 2916 ut
1535 2882 1608 2916 Te-

155 2949 241 2983 gam
263 2938 415 2975 Santen.
915 2938 1104 2973 rentianus
1119 2937 1222 2972 citat.
1254 2935 1452 2971 CAMER.

1008 2999 1092 3043 Bb
