1962 3355
341 198 430 234 144
844 187 1003 234 ,Μανῆ
1032 186 1280 235 Victorini
1591 203 1687 234 ΜΒ.
1713 203 1789 234 111.

335 319 430 355 tam
471 309 718 373 perspicua
749 318 796 355 et
836 321 996 372 aperta
1029 320 1152 367 sunt,
1188 309 1361 355 idcirco
1397 309 1524 371 quod
1562 326 1654 354 non
1689 318 1791 354 tan-

335 396 436 432 tum
476 404 534 432 ex
571 386 829 432 differentia
854 386 1144 433 diversorum
1174 395 1429 431 metrorum
1458 385 1789 447 conjugantur,

335 481 498 510 verum
525 481 583 509 ex
609 481 664 509 eo
690 463 817 526 quod
856 463 1011 509 brevia
1037 475 1082 509 et
1109 481 1204 509 non
1242 462 1462 526 perfectae
1496 461 1788 524 proceritatis

335 539 381 584 in
423 539 513 586 boc
549 557 719 602 genere
758 557 977 586 versuum
1019 539 1135 593 cola,
1173 555 1278 601 quae
1311 554 1395 582 nos
1428 537 1642 582 membra
1676 536 1790 583 dici-

301 633 316 664 7
337 632 458 672 muS,
484 616 734 661 sociantur.
782 615 910 661 Nam
937 616 1083 661 ferme
1109 633 1133 660 a
1160 622 1456 659 monometro
1481 612 1791 676 brachycata-

337 692 455 737 lecto
493 692 678 737 initium
715 700 924 745 sumunt,
957 700 1004 737 et
1042 708 1136 736 non
1177 691 1296 735 ultra
1329 688 1585 735 dimetrum
1618 690 1790 754 hyper-

335 768 615 813 catalectum
644 776 888 814 crescunt:
925 768 1050 813 unde
1080 765 1289 829 intellegi
1318 765 1455 811 datur
1487 783 1570 828 per
1605 766 1790 829 singula

334 855 498 900 metra,
522 862 624 906 quae
650 853 756 890 octo
782 854 891 890 sunt
916 862 1129 898 numero,
1155 842 1354 890 totidem
1380 842 1676 890 incrementa
1698 842 1789 888 dif-

333 919 635 965 ferentiarum
663 920 869 983 reperiri,
896 920 942 965 id
968 929 1053 977 est,
1078 930 1247 966 octona
1273 919 1322 964 in
1353 919 1601 982 generibus
1628 919 1789 982 singu-

334 994 404 1050 lis,
428 994 519 1040 ita:
558 1004 638 1041 aut
657 996 783 1041 enim
808 1005 1158 1042 monometrum
1181 1006 1251 1041 est
1274 995 1788 1057 l‘bracbycatalectum,

333 1077 412 1115 aut
439 1080 788 1117 monometrum
828 1072 1175 1126 catalecticum,
1202 1081 1281 1118 aut
1314 1080 1666 1118 monometrum
1702 1072 1790 1136 by-

333 1146 731 1209 percatalectum3
769 1166 926 1194 rursus
965 1158 1046 1195 aut
1082 1149 1340 1194 dimetrum
1376 1157 1447 1194 est
1481 1147 1789 1212 brachycata-

332 1223 524 1278 lectum,
545 1232 625 1270 aut
649 1223 903 1270 dimetrum
932 1225 1279 1282 catalecticum,
1300 1236 1380 1271 aut
1403 1225 1658 1271 dimetrum
1687 1244 1789 1272 aca-

330 1299 571 1355 talectum,
598 1308 678 1346 aut
703 1300 957 1347 dimetrum
998 1301 1449 1365 hypercatalectum,
1474 1319 1674 1365 quorum
1709 1319 1789 1349 ex-

331 1376 488 1439 empla
527 1375 573 1421 in
614 1375 864 1441 dactylico,
905 1378 1061 1440 qquod
1109 1388 1180 1425 est
1227 1378 1272 1424 in
1323 1377 1588 1439 conjunctis
1636 1379 1786 1442 magis

331 1452 592 1515 cognitum,
619 1454 881 1500 ostendam.

293 1555 312 1585 8
396 1529 484 1574 Est
529 1529 689 1592 itaque
740 1539 1091 1577 monometrum
1141 1530 1428 1594 dactylicum
1481 1532 1788 1596 brachycata-

331 1605 523 1662 lectum,
589 1611 680 1664 φεῦ.
751 1607 1096 1654 Catalecticum
1169 1618 1325 1654 autem
1389 1608 1545 1654 addita
1604 1609 1787 1672 syllaba

331 1682 473 1735 brevi,
510 1688 649 1743 φεῦγε.
719 1683 1046 1730 Acatalectum
1077 1702 1184 1730 vcro
1211 1695 1563 1732 monometrum
1597 1703 1678 1748 pes
1714 1685 1786 1730 in—

330 1768 461 1821 teger
500 1758 733 1821 dactylus,
778 1761 964 1822 φεύγετε.
1036 1761 1492 1825 Hypercatalectum
1533 1771 1707 1818 autem,
1749 1761 1785 1806 si

331 1835 498 1898 pedem
538 1835 782 1900 dactylum
828 1855 921 1883 una
963 1838 1144 1900 syllaba
1184 1838 1335 1883 brevis
1376 1837 1587 1894 excedat,
1627 1847 1677 1883 ut
1717 1847 1788 1883 est

331 1912 506 1973 φεύγετέ
551 1934 618 1973 με.
661 1913 786 1958 Item
834 1913 1091 1961 dimetrum
1143 1914 1605 1977 bracliycatalectum
1646 1916 1713 1971 fit,
1751 1915 1787 1960 si

332 1987 500 2050 pedem
545 1989 786 2052 dactylum
828 2008 922 2036 una
960 1991 1101 2054 longa
1131 1991 1329 2038 excedat
1365 1992 1560 2055 syllaba,
1596 2002 1650 2038 ut
1689 1991 1788 2051 φεύ-

295 2085 424 2128 9γετε
460 2065 543 2122 Γῧή.
612 2065 954 2112 Catalecticum
983 2067 1019 2113 si
1053 2068 1222 2132 pedem
1255 2068 1499 2131 dactylum
1527 2086 1621 2114 una
1647 2068 1788 2130 longa

333 2148 379 2185 et
415 2157 506 2185 una
544 2141 694 2187 brevis
728 2143 975 2200 excedant,
1010 2154 1061 2190 ut
1091 2154 1162 2191 est
1193 2145 1367 2206 φεύγετε
1403 2146 1448 2201 δή
1476 2166 1545 2205 με.
1614 2145 1787 2190 Acata-

332 2215 507 2261 lectum
546 2226 703 2263 autem
742 2219 777 2264 si
813 2220 907 2266 duo
949 2220 1126 2284 dactyli
1165 2221 1461 2285 copulentur,
1497 2231 1549 2268 ut
1584 2230 1654 2267 est
1688 2222 1787 2280 φεύ-

331 2311 424 2351 γετε
449 2292 636 2352 φεύγετε.
707 2294 1161 2359 Hypcrcatalectum
1189 2315 1298 2344 vero
1321 2297 1577 2344 dimetrum
1606 2298 1641 2343 si
1668 2316 1789 2362 prae-

333 2375 402 2412 ter
427 2367 570 2413 Sduos
596 2368 806 2432 dactylos
831 2390 924 2417 una
950 2374 1101 2419 brevis
1134 2374 1455 2428 abundaverit,
1480 2377 1554 2420 tut
1578 2383 1662 2429 est,
1687 2374 1786 2434 φεύ-

277 2464 424 2504 ΙΟγετε
463 2444 636 2505 φεύγετέ
675 2468 742 2505 με.
814 2450 933 2500 Quae
965 2451 1161 2497 varietas
1198 2451 1310 2498 facit
1346 2450 1628 2497 differentias
1661 2461 1785 2504 octo,

331 2519 487 2580 unod
512 2519 652 2565 etiam
681 2521 728 2566 in
754 2525 918 2570 ceteris
948 2536 1127 2590 septem
1157 2527 1319 2573 metris
1345 2527 1673 2590 accipiendum
1700 2537 1785 2584 est,

323 2594 464 2655 juxta
495 2594 659 2656 unod
699 2597 812 2642 fient
837 2598 1107 2649 differentiae
1132 2604 1278 2649 octies
1303 2614 1500 2661 octonae,
1526 2621 1631 2666 quae
1656 2621 1785 2649 com-

332 2669 632 2734 prehendunt
667 2689 914 2720 numerum
958 2677 1324 2727 differentiarum
1364 2696 1531 2727 LX1111.
1602 2680 1780 2725 Verum

385 2815 404 2843 P
420 2809 796 2859 brachycatalectum]
819 2812 1171 2864 brachycatalectico
1191 2818 1234 2854 P.
1312 2826 1331 2853 q
1352 2819 1469 2868 quod]
1493 2817 1555 2867 qui
1576 2819 1615 2854 P.
1691 2826 1706 2845 r
1725 2820 1778 2866 δὴ]

331 2862 363 2898 δὲ
384 2862 423 2897 P.
574 2869 588 2888 s
610 2863 719 2910 duos]
743 2864 816 2900 duo
835 2866 874 2901 P.
1021 2868 1036 2894 t
1056 2871 1112 2917 ut]
1137 2878 1177 2906 ut
1195 2879 1252 2907 est
1272 2872 1310 2908 P.
1460 2880 1480 2898 V
1500 2872 1617 2921 quod]
1639 2885 1720 2921 quae
1740 2874 1780 2909 P.

330 2922 358 2939 w
378 2915 476 2964 quod
496 2915 602 2963 fient]
626 2929 660 2964 q.
683 2917 777 2953 fiunt
797 2918 837 2953 Ρ.
