<?xml version="1.0" encoding="UTF-8"?>
<!DOCTYPE html PUBLIC "-//W3C//DTD XHTML 1.0 Transitional//EN"
    "http://www.w3.org/TR/xhtml1/DTD/xhtml1-transitional.dtd">
<html xmlns="http://www.w3.org/1999/xhtml" xml:lang="en" lang="en">
 <head>
  <title>
</title>
<meta http-equiv="Content-Type" content="text/html;charset=utf-8" />
  <meta name='ocr-system' content='tesseract 3.04.00' />
  <meta name='ocr-capabilities' content='ocr_page ocr_carea ocr_par ocr_line ocrx_word'/>
</head>
<body>
  <div class='ocr_page' id='page_1' title='image "./scriptoreslatini00gaisuoft_0302.png"; bbox 0 0 1962 3355; ppageno 0'>
   <div class='ocr_carea' id='block_1_1' title="bbox 357 196 1253 244">
    <p class='ocr_par' dir='ltr' id='par_1_1' title="bbox 357 196 1253 244">
     <span class='ocr_line' id='line_1_1' title="bbox 357 196 1253 244; baseline 0 -1"><span class='ocrx_word' id='word_1_1' title='bbox 357 206 449 244; x_wconf 84' lang='lat'><em>284</em></span> <span class='ocrx_word' id='word_1_2' title='bbox 915 196 1075 243; x_wconf 77' lang='lat' dir='ltr'><em>Marii</em></span> <span class='ocrx_word' id='word_1_3' title='bbox 1098 197 1253 244; x_wconf 65' lang='lat' dir='ltr'><em>Plotia·</em></span> 
     </span>
    </p>
   </div>
   <div class='ocr_carea' id='block_1_2' title="bbox 355 307 1808 382">
    <p class='ocr_par' dir='ltr' id='par_1_2' title="bbox 355 307 1808 382">
     <span class='ocr_line' id='line_1_2' title="bbox 355 307 1808 382; baseline 0 -18"><span class='ocrx_word' id='word_1_4' title='bbox 355 319 481 380; x_wconf 89' lang='lat' dir='ltr'><em>quod</em></span> <span class='ocrx_word' id='word_1_5' title='bbox 507 307 867 382; x_wconf 76' lang='lat' dir='ltr'><em>Archigenium</em></span> <span class='ocrx_word' id='word_1_6' title='bbox 888 328 1190 382; x_wconf 84' lang='lat' dir='ltr'><em>nuncupatur</em></span> <span class='ocrx_word' id='word_1_7' title='bbox 1213 327 1437 379; x_wconf 80' lang='lat' dir='ltr'><em>quattuor</em></span> <span class='ocrx_word' id='word_1_8' title='bbox 1464 316 1592 379; x_wconf 86' lang='lat' dir='ltr'>puris</span> <span class='ocrx_word' id='word_1_9' title='bbox 1624 335 1808 381; x_wconf 85' lang='lat' dir='ltr'><em>anapae-</em></span> 
     </span>
    </p>
   </div>
   <div class='ocr_carea' id='block_1_3' title="bbox 355 395 1806 520">
    <p class='ocr_par' dir='ltr' id='par_1_3' title="bbox 355 395 1806 520">
     <span class='ocr_line' id='line_1_3' title="bbox 356 395 793 459; baseline 0.005 -19"><span class='ocrx_word' id='word_1_10' title='bbox 356 395 438 440; x_wconf 86' lang='lat' dir='ltr'><em>stis</em></span> <span class='ocrx_word' id='word_1_11' title='bbox 464 396 793 459; x_wconf 82' lang='lat' dir='ltr'>componitur:</span> 
     </span>
     <span class='ocr_line' id='line_1_4' title="bbox 355 467 1806 520; baseline -0.002 -13"><span class='ocrx_word' id='word_1_12' title='bbox 355 473 499 508; x_wconf 65' lang='lat' dir='ltr'><em>eClzaos</em></span> <span class='ocrx_word' id='word_1_13' title='bbox 518 478 552 509; x_wconf 87' lang='lat' dir='ltr'><em>et</em></span> <span class='ocrx_word' id='word_1_14' title='bbox 573 474 773 520; x_wconf 77' lang='lat' dir='ltr'><em>Phlegeton</em></span> <span class='ocrx_word' id='word_1_15' title='bbox 794 474 873 508; x_wconf 86' lang='lat' dir='ltr'><em>loca</em></span> <span class='ocrx_word' id='word_1_16' title='bbox 894 476 993 507; x_wconf 84' lang='lat' dir='ltr'><em>nocte</em></span> <span class='ocrx_word' id='word_1_17' title='bbox 1011 473 1118 507; x_wconf 82' lang='lat' dir='ltr'><em>silent</em></span> <span class='ocrx_word' id='word_1_18' title='bbox 1139 472 1274 506; x_wconf 86' lang='lat' dir='ltr'><em>Boreas</em></span> <span class='ocrx_word' id='word_1_19' title='bbox 1292 471 1424 518; x_wconf 81' lang='lat' dir='ltr'><em>pelago</em></span> <span class='ocrx_word' id='word_1_20' title='bbox 1443 467 1598 505; x_wconf 69' lang='lat' dir='ltr'><em>ftumido</em></span> <span class='ocrx_word' id='word_1_21' title='bbox 1618 471 1806 517; x_wconf 76' lang='lat' dir='ltr'><strong><em>crepitans.</em></strong></span> 
     </span>
    </p>
   </div>
   <div class='ocr_carea' id='block_1_4' title="bbox 298 613 1791 677">
    <p class='ocr_par' dir='ltr' id='par_1_4' title="bbox 298 613 1791 677">
     <span class='ocr_line' id='line_1_5' title="bbox 298 613 1791 677; baseline -0.002 -15"><span class='ocrx_word' id='word_1_22' title='bbox 298 630 336 650; x_wconf 91' lang='lat'><em>¹0</em></span> <span class='ocrx_word' id='word_1_23' title='bbox 388 615 468 661; x_wconf 89' lang='lat' dir='ltr'><em>De</em></span> <span class='ocrx_word' id='word_1_24' title='bbox 492 622 771 661; x_wconf 79' lang='lat' dir='ltr'><em>tetrametro</em></span> <span class='ocrx_word' id='word_1_25' title='bbox 798 613 1209 677; x_wconf 70' lang='lat' dir='ltr'><em>brachycatalecto</em></span> <span class='ocrx_word' id='word_1_26' title='bbox 1228 613 1575 675; x_wconf 72' lang='lat' dir='ltr'><em>Aristopharzio</em></span> <span class='ocrx_word' id='word_1_27' title='bbox 1599 613 1791 676; x_wconf 79' lang='lat' dir='ltr'><em>duplici.</em></span> 
     </span>
    </p>
   </div>
   <div class='ocr_carea' id='block_1_5' title="bbox 296 1095 328 1114">
    <p class='ocr_par' dir='ltr' id='par_1_5' title="bbox 296 1095 328 1114">
     <span class='ocr_line' id='line_1_6' title="bbox 296 1095 328 1114; baseline 0 0"><span class='ocrx_word' id='word_1_28' title='bbox 296 1095 328 1114; x_wconf 81' lang='lat'><em>11</em></span> 
     </span>
    </p>
   </div>
   <div class='ocr_carea' id='block_1_6' title="bbox 356 700 1809 841">
    <p class='ocr_par' dir='ltr' id='par_1_6' title="bbox 356 700 1809 841">
     <span class='ocr_line' id='line_1_7' title="bbox 427 700 1809 764; baseline -0.001 -16"><span class='ocrx_word' id='word_1_29' title='bbox 427 703 781 748; x_wconf 81' lang='lat' dir='ltr'><em>Tetrametram</em></span> <span class='ocrx_word' id='word_1_30' title='bbox 820 701 1280 764; x_wconf 71' lang='lat' dir='ltr'><em>braclzyeataleetum</em></span> <span class='ocrx_word' id='word_1_31' title='bbox 1316 700 1491 763; x_wconf 77' lang='lat' dir='ltr'><em>duplex</em></span> <span class='ocrx_word' id='word_1_32' title='bbox 1521 700 1809 762; x_wconf 72' lang='lat' dir='ltr'><em>Aristopha-</em></span> 
     </span>
     <span class='ocr_line' id='line_1_8' title="bbox 356 777 1809 841; baseline -0.001 -17"><span class='ocrx_word' id='word_1_33' title='bbox 356 779 483 825; x_wconf 78' lang='lat' dir='ltr'><em>nium</em></span> <span class='ocrx_word' id='word_1_34' title='bbox 518 780 572 824; x_wconf 80' lang='lat' dir='ltr'><em>fit</em></span> <span class='ocrx_word' id='word_1_35' title='bbox 608 778 812 839; x_wconf 79' lang='lat' dir='ltr'><em>dactle,</em></span> <span class='ocrx_word' id='word_1_36' title='bbox 849 777 1074 840; x_wconf 79' lang='lat' dir='ltr'><em>spondeo,</em></span> <span class='ocrx_word' id='word_1_37' title='bbox 1112 787 1363 841; x_wconf 84' lang='lat' dir='ltr'><em>anapaesto,</em></span> <span class='ocrx_word' id='word_1_38' title='bbox 1397 777 1621 840; x_wconf 81' lang='lat' dir='ltr'>spondeo,</span> <span class='ocrx_word' id='word_1_39' title='bbox 1658 777 1809 823; x_wconf 79' lang='lat' dir='ltr'>tribus</span> 
     </span>
    </p>
   </div>
   <div class='ocr_carea' id='block_1_7' title="bbox 357 854 1658 972">
    <p class='ocr_par' dir='ltr' id='par_1_7' title="bbox 357 854 1658 972">
     <span class='ocr_line' id='line_1_9' title="bbox 357 854 912 918; baseline -0.005 -17"><span class='ocrx_word' id='word_1_40' title='bbox 357 854 620 918; x_wconf 76' lang='lat' dir='ltr'><em>anapaestis,</em></span> <span class='ocrx_word' id='word_1_41' title='bbox 646 863 692 899; x_wconf 92' lang='lat' dir='ltr'><em>et</em></span> <span class='ocrx_word' id='word_1_42' title='bbox 717 854 912 916; x_wconf 79' lang='lat' dir='ltr'><em>syllaba.</em></span> 
     </span>
     <span class='ocr_line' id='line_1_10' title="bbox 436 931 1658 972; baseline 0 -5"><span class='ocrx_word' id='word_1_43' title='bbox 436 934 572 972; x_wconf 73' lang='lat' dir='ltr'><em>Quidve</em></span> <span class='ocrx_word' id='word_1_44' title='bbox 593 933 714 966; x_wconf 76' lang='lat' dir='ltr'><em>dolens</em></span> <span class='ocrx_word' id='word_1_45' title='bbox 734 932 811 966; x_wconf 64' lang='lat' dir='ltr'><em>esic</em></span> <span class='ocrx_word' id='word_1_46' title='bbox 837 931 982 966; x_wconf 78' lang='lat' dir='ltr'><em>Veneris</em></span> <span class='ocrx_word' id='word_1_47' title='bbox 1002 937 1108 966; x_wconf 78' lang='lat' dir='ltr'><em>natus</em></span> <span class='ocrx_word' id='word_1_48' title='bbox 1126 933 1284 966; x_wconf 81' lang='lat' dir='ltr'><em>calamos</em></span> <span class='ocrx_word' id='word_1_49' title='bbox 1304 933 1437 967; x_wconf 75' lang='lat' dir='ltr'><em>caliclos</em></span> <span class='ocrx_word' id='word_1_50' title='bbox 1457 933 1519 967; x_wconf 75' lang='lat' dir='ltr'><em>tibi</em></span> <span class='ocrx_word' id='word_1_51' title='bbox 1538 933 1658 967; x_wconf 79' lang='lat' dir='ltr'><em>mittit.</em></span> 
     </span>
    </p>
   </div>
   <div class='ocr_carea' id='block_1_8' title="bbox 431 1074 1730 1138">
    <p class='ocr_par' dir='ltr' id='par_1_8' title="bbox 431 1074 1730 1138">
     <span class='ocr_line' id='line_1_11' title="bbox 431 1074 1730 1138; baseline -0.001 -17"><span class='ocrx_word' id='word_1_52' title='bbox 431 1075 515 1121; x_wconf 89' lang='lat' dir='ltr'><em>De</em></span> <span class='ocrx_word' id='word_1_53' title='bbox 540 1081 817 1122; x_wconf 79' lang='lat' dir='ltr'><em>tetrametro</em></span> <span class='ocrx_word' id='word_1_54' title='bbox 842 1075 1227 1138; x_wconf 72' lang='lat' dir='ltr'><em>lzypercataleeto</em></span> <span class='ocrx_word' id='word_1_55' title='bbox 1252 1074 1491 1120; x_wconf 78' lang='lat' dir='ltr'><em>Diodorio</em></span> <span class='ocrx_word' id='word_1_56' title='bbox 1513 1074 1730 1136; x_wconf 77' lang='lat' dir='ltr'><em>simplici.</em></span> 
     </span>
    </p>
   </div>
   <div class='ocr_carea' id='block_1_9' title="bbox 353 1161 1809 1378">
    <p class='ocr_par' dir='ltr' id='par_1_9' title="bbox 353 1161 1809 1378">
     <span class='ocr_line' id='line_1_12' title="bbox 424 1161 1809 1225; baseline -0.001 -17"><span class='ocrx_word' id='word_1_57' title='bbox 424 1163 776 1208; x_wconf 70' lang='lat' dir='ltr'><em>Tetrametrum</em></span> <span class='ocrx_word' id='word_1_58' title='bbox 815 1161 1248 1225; x_wconf 66' lang='lat' dir='ltr'><em>lzypereatalectam</em></span> <span class='ocrx_word' id='word_1_59' title='bbox 1286 1161 1491 1224; x_wconf 64' lang='lat' dir='ltr'><em>simplae</em></span> <span class='ocrx_word' id='word_1_60' title='bbox 1516 1161 1809 1208; x_wconf 76' lang='lat' dir='ltr'><em>Diodorinm</em></span> 
     </span>
     <span class='ocr_line' id='line_1_13' title="bbox 353 1237 1808 1301; baseline 0.001 -19"><span class='ocrx_word' id='word_1_61' title='bbox 353 1239 407 1283; x_wconf 83' lang='lat' dir='ltr'><em>fit</em></span> <span class='ocrx_word' id='word_1_62' title='bbox 434 1255 524 1284; x_wconf 83' lang='lat' dir='ltr'><em>una</em></span> <span class='ocrx_word' id='word_1_63' title='bbox 557 1238 736 1300; x_wconf 78' lang='lat' dir='ltr'><em>syllaba</em></span> <span class='ocrx_word' id='word_1_64' title='bbox 774 1237 932 1283; x_wconf 84' lang='lat' dir='ltr'><em>addita</em></span> <span class='ocrx_word' id='word_1_65' title='bbox 957 1248 1109 1283; x_wconf 81' lang='lat' dir='ltr'><em>metro</em></span> <span class='ocrx_word' id='word_1_66' title='bbox 1134 1238 1440 1301; x_wconf 66' lang='lat' dir='ltr'><em>Arclfigenio,</em></span> <span class='ocrx_word' id='word_1_67' title='bbox 1465 1238 1522 1284; x_wconf 91' lang='lat' dir='ltr'><em>de</em></span> <span class='ocrx_word' id='word_1_68' title='bbox 1547 1257 1641 1301; x_wconf 88' lang='lat' dir='ltr'><em>quo</em></span> <span class='ocrx_word' id='word_1_69' title='bbox 1666 1239 1808 1301; x_wconf 88' lang='lat' dir='ltr'><em>paulo</em></span> 
     </span>
     <span class='ocr_line' id='line_1_14' title="bbox 354 1311 1807 1378; baseline 0.001 -20"><span class='ocrx_word' id='word_1_70' title='bbox 354 1322 460 1358; x_wconf 84' lang='lat' dir='ltr'><em>ante</em></span> <span class='ocrx_word' id='word_1_71' title='bbox 496 1311 860 1366; x_wconf 76' lang='lat' dir='ltr'><em>htractavi1nus3</em></span> <span class='ocrx_word' id='word_1_72' title='bbox 905 1313 1021 1359; x_wconf 85' lang='lat' dir='ltr'>illud</span> <span class='ocrx_word' id='word_1_73' title='bbox 1052 1314 1177 1359; x_wconf 75' lang='lat' dir='ltr'><em>enim</em></span> <span class='ocrx_word' id='word_1_74' title='bbox 1205 1324 1428 1375; x_wconf 80' lang='lat' dir='ltr'><em>quattuor</em></span> <span class='ocrx_word' id='word_1_75' title='bbox 1450 1324 1709 1378; x_wconf 70' lang='lat' dir='ltr'><em>anapaestos</em></span> <span class='ocrx_word' id='word_1_76' title='bbox 1735 1332 1807 1360; x_wconf 80' lang='lat' dir='ltr'><em>so-</em></span> 
     </span>
    </p>
   </div>
   <div class='ocr_carea' id='block_1_10' title="bbox 353 1389 1390 1521">
    <p class='ocr_par' dir='ltr' id='par_1_10' title="bbox 353 1389 1390 1521">
     <span class='ocr_line' id='line_1_15' title="bbox 353 1389 1097 1452; baseline 0.001 -18"><span class='ocrx_word' id='word_1_77' title='bbox 353 1390 422 1434; x_wconf 85' lang='lat' dir='ltr'><em>los</em></span> <span class='ocrx_word' id='word_1_78' title='bbox 450 1389 636 1452; x_wconf 75' lang='lat' dir='ltr'><em>accipit,</em></span> <span class='ocrx_word' id='word_1_79' title='bbox 667 1390 756 1434; x_wconf 84' lang='lat' dir='ltr'><em>hoc</em></span> <span class='ocrx_word' id='word_1_80' title='bbox 781 1399 827 1434; x_wconf 89' lang='lat' dir='ltr'><em>et</em></span> <span class='ocrx_word' id='word_1_81' title='bbox 852 1390 1097 1452; x_wconf 80' lang='lat' dir='ltr'><em>syllabam,</em></span> 
     </span>
     <span class='ocr_line' id='line_1_16' title="bbox 639 1464 1390 1521; baseline 0.001 -16"><span class='ocrx_word' id='word_1_82' title='bbox 639 1465 828 1521; x_wconf 73' lang='lat' dir='ltr'><em>Lalagen</em></span> <span class='ocrx_word' id='word_1_83' title='bbox 850 1464 993 1506; x_wconf 75' lang='lat' dir='ltr'><em>icolere</em></span> <span class='ocrx_word' id='word_1_84' title='bbox 1012 1467 1203 1521; x_wconf 62' lang='lat' dir='ltr'><em>speciosae</em></span> <span class='ocrx_word' id='word_1_85' title='bbox 1221 1467 1390 1507; x_wconf 75' lang='lat' dir='ltr'><em>rationi.</em></span> 
     </span>
    </p>
   </div>
   <div class='ocr_carea' id='block_1_11' title="bbox 686 1603 1488 1667">
    <p class='ocr_par' dir='ltr' id='par_1_11' title="bbox 686 1603 1488 1667">
     <span class='ocr_line' id='line_1_17' title="bbox 686 1603 1488 1667; baseline 0.002 -19"><span class='ocrx_word' id='word_1_86' title='bbox 686 1603 769 1648; x_wconf 82' lang='lat' dir='ltr'><em>De</em></span> <span class='ocrx_word' id='word_1_87' title='bbox 795 1609 1072 1649; x_wconf 77' lang='lat' dir='ltr'><em>tetrametro</em></span> <span class='ocrx_word' id='word_1_88' title='bbox 1096 1604 1248 1649; x_wconf 77' lang='lat' dir='ltr'><em>miaro</em></span> <span class='ocrx_word' id='word_1_89' title='bbox 1269 1604 1488 1667; x_wconf 73' lang='lat' dir='ltr'><em>simplici.</em></span> 
     </span>
    </p>
   </div>
   <div class='ocr_carea' id='block_1_12' title="bbox 352 1691 1810 1831">
    <p class='ocr_par' dir='ltr' id='par_1_12' title="bbox 352 1691 1810 1831">
     <span class='ocr_line' id='line_1_18' title="bbox 425 1691 1810 1753; baseline 0.002 -18"><span class='ocrx_word' id='word_1_90' title='bbox 425 1691 775 1736; x_wconf 75' lang='lat' dir='ltr'><em>Tetrametram</em></span> <span class='ocrx_word' id='word_1_91' title='bbox 800 1691 1005 1736; x_wconf 73' lang='lat' dir='ltr'><em>miarum</em></span> <span class='ocrx_word' id='word_1_92' title='bbox 1028 1691 1228 1753; x_wconf 62' lang='lat' dir='ltr'><em>simplest</em></span> <span class='ocrx_word' id='word_1_93' title='bbox 1253 1694 1307 1738; x_wconf 83' lang='lat' dir='ltr'><em>fit</em></span> <span class='ocrx_word' id='word_1_94' title='bbox 1340 1693 1428 1738; x_wconf 86' lang='lat' dir='ltr'><em>hoc</em></span> <span class='ocrx_word' id='word_1_95' title='bbox 1462 1692 1616 1748; x_wconf 83' lang='lat' dir='ltr'><em>mod0‚</em></span> <span class='ocrx_word' id='word_1_96' title='bbox 1639 1692 1810 1738; x_wconf 81' lang='lat' dir='ltr'><em>Archi-</em></span> 
     </span>
     <span class='ocr_line' id='line_1_19' title="bbox 352 1767 1806 1831; baseline 0.001 -19"><span class='ocrx_word' id='word_1_97' title='bbox 352 1767 476 1829; x_wconf 82' lang='lat' dir='ltr'><em>genii</em></span> <span class='ocrx_word' id='word_1_98' title='bbox 518 1769 652 1812; x_wconf 83' lang='lat' dir='ltr'><em>metri</em></span> <span class='ocrx_word' id='word_1_99' title='bbox 696 1768 953 1812; x_wconf 82' lang='lat' dir='ltr'><em>novissimo</em></span> <span class='ocrx_word' id='word_1_100' title='bbox 988 1768 1109 1831; x_wconf 89' lang='lat' dir='ltr'><em>pede</em></span> <span class='ocrx_word' id='word_1_101' title='bbox 1148 1777 1388 1830; x_wconf 69' lang='lat' dir='ltr'><em>anapaesto</em></span> <span class='ocrx_word' id='word_1_102' title='bbox 1424 1768 1629 1813; x_wconf 80' lang='lat' dir='ltr'><em>iambico</em></span> <span class='ocrx_word' id='word_1_103' title='bbox 1666 1768 1806 1823; x_wconf 83' lang='lat' dir='ltr'><em>facto,</em></span> 
     </span>
    </p>
   </div>
   <div class='ocr_carea' id='block_1_13' title="bbox 354 1843 1427 1977">
    <p class='ocr_par' dir='ltr' id='par_1_13' title="bbox 354 1843 1427 1977">
     <span class='ocr_line' id='line_1_20' title="bbox 354 1843 1427 1906; baseline 0.001 -18"><span class='ocrx_word' id='word_1_104' title='bbox 354 1843 400 1888; x_wconf 82' lang='lat' dir='ltr'><em>id</em></span> <span class='ocrx_word' id='word_1_105' title='bbox 426 1854 495 1888; x_wconf 81' lang='lat' dir='ltr'><em>est</em></span> <span class='ocrx_word' id='word_1_106' title='bbox 519 1843 670 1889; x_wconf 82' lang='lat' dir='ltr'>tribus</span> <span class='ocrx_word' id='word_1_107' title='bbox 697 1843 948 1906; x_wconf 80' lang='lat' dir='ltr'><em>anapaestis</em></span> <span class='ocrx_word' id='word_1_108' title='bbox 975 1853 1020 1889; x_wconf 92' lang='lat' dir='ltr'><em>et</em></span> <span class='ocrx_word' id='word_1_109' title='bbox 1044 1844 1206 1889; x_wconf 83' lang='lat' dir='ltr'><em>iambo</em></span> <span class='ocrx_word' id='word_1_110' title='bbox 1230 1852 1427 1900; x_wconf 76' lang='lat' dir='ltr'><em>constat,</em></span> 
     </span>
     <span class='ocr_line' id='line_1_21' title="bbox 639 1920 1392 1977; baseline 0.001 -19"><span class='ocrx_word' id='word_1_111' title='bbox 639 1920 819 1975; x_wconf 73' lang='lat' dir='ltr'><em>Lapides</em></span> <span class='ocrx_word' id='word_1_112' title='bbox 840 1934 954 1960; x_wconf 80' lang='lat' dir='ltr'><em>marc</em></span> <span class='ocrx_word' id='word_1_113' title='bbox 976 1921 1195 1977; x_wconf 67' lang='lat' dir='ltr'><em>turgidum</em></span> <span class='ocrx_word' id='word_1_114' title='bbox 1218 1920 1392 1960; x_wconf 71' lang='lat' dir='ltr'><em>keluens.</em></span> 
     </span>
    </p>
   </div>
   <div class='ocr_carea' id='block_1_14' title="bbox 356 1990 1807 2040">
    <p class='ocr_par' dir='ltr' id='par_1_14' title="bbox 356 1990 1807 2040">
     <span class='ocr_line' id='line_1_22' title="bbox 356 1990 1807 2040; baseline -0.001 -2"><span class='ocrx_word' id='word_1_115' title='bbox 356 1993 484 2039; x_wconf 79' lang='lat' dir='ltr'><em>Inter</em></span> <span class='ocrx_word' id='word_1_116' title='bbox 511 1992 718 2038; x_wconf 79' lang='lat' dir='ltr'><strong>miurum</strong></span> <span class='ocrx_word' id='word_1_117' title='bbox 747 2002 793 2038; x_wconf 87' lang='lat' dir='ltr'><em>et</em></span> <span class='ocrx_word' id='word_1_118' title='bbox 818 1993 1031 2038; x_wconf 73' lang='lat' dir='ltr'><em>colurum</em></span> <span class='ocrx_word' id='word_1_119' title='bbox 1059 2002 1106 2040; x_wconf 88' lang='lat' dir='ltr'><em>et</em></span> <span class='ocrx_word' id='word_1_120' title='bbox 1130 1993 1456 2039; x_wconf 82' lang='lat' dir='ltr'><em>catalecticum</em></span> <span class='ocrx_word' id='word_1_121' title='bbox 1484 1991 1575 2037; x_wconf 87' lang='lat' dir='ltr'><em>hoc</em></span> <span class='ocrx_word' id='word_1_122' title='bbox 1600 1990 1807 2037; x_wconf 83' lang='lat' dir='ltr'><em>interest.</em></span> 
     </span>
    </p>
   </div>
   <div class='ocr_carea' id='block_1_15' title="bbox 297 2067 1809 2133">
    <p class='ocr_par' dir='ltr' id='par_1_15' title="bbox 297 2067 1809 2133">
     <span class='ocr_line' id='line_1_23' title="bbox 297 2067 1809 2133; baseline -0.001 -19"><span class='ocrx_word' id='word_1_123' title='bbox 297 2086 333 2114; x_wconf 82' lang='lat'><em>13</em></span> <span class='ocrx_word' id='word_1_124' title='bbox 355 2069 569 2115; x_wconf 82' lang='lat' dir='ltr'>Miurum</span> <span class='ocrx_word' id='word_1_125' title='bbox 597 2078 667 2113; x_wconf 83' lang='lat' dir='ltr'><em>est</em></span> <span class='ocrx_word' id='word_1_126' title='bbox 693 2086 800 2114; x_wconf 87' lang='lat' dir='ltr'><em>cum</em></span> <span class='ocrx_word' id='word_1_127' title='bbox 835 2069 1079 2115; x_wconf 81' lang='lat' dir='ltr'>novissimi</span> <span class='ocrx_word' id='word_1_128' title='bbox 1116 2069 1248 2133; x_wconf 82' lang='lat' dir='ltr'><em>pedis</em></span> <span class='ocrx_word' id='word_1_129' title='bbox 1285 2068 1437 2132; x_wconf 78' lang='lat' dir='ltr'><em>prima</em></span> <span class='ocrx_word' id='word_1_130' title='bbox 1475 2067 1654 2130; x_wconf 80' lang='lat' dir='ltr'><em>syllaba</em></span> <span class='ocrx_word' id='word_1_131' title='bbox 1685 2067 1809 2113; x_wconf 48' lang='lat' dir='ltr'><em>tolli„</em></span> 
     </span>
    </p>
   </div>
   <div class='ocr_carea' id='block_1_16' title="bbox 354 2144 1808 2663">
    <p class='ocr_par' dir='ltr' id='par_1_16' title="bbox 354 2144 1808 2663">
     <span class='ocr_line' id='line_1_24' title="bbox 354 2144 1808 2208; baseline -0.001 -18"><span class='ocrx_word' id='word_1_132' title='bbox 354 2155 445 2199; x_wconf 84' lang='lat' dir='ltr'><em>tur,</em></span> <span class='ocrx_word' id='word_1_133' title='bbox 483 2163 536 2190; x_wconf 88' lang='lat' dir='ltr'><em>ac</em></span> <span class='ocrx_word' id='word_1_134' title='bbox 585 2144 620 2189; x_wconf 84' lang='lat' dir='ltr'><em>si</em></span> <span class='ocrx_word' id='word_1_135' title='bbox 667 2161 752 2207; x_wconf 82' lang='lat' dir='ltr'><em>pro</em></span> <span class='ocrx_word' id='word_1_136' title='bbox 791 2155 1027 2207; x_wconf 83' lang='lat' dir='ltr'><em>anapaesto</em></span> <span class='ocrx_word' id='word_1_137' title='bbox 1070 2145 1310 2191; x_wconf 79' lang='lat' dir='ltr'>liambum</span> <span class='ocrx_word' id='word_1_138' title='bbox 1352 2161 1528 2208; x_wconf 86' lang='lat' dir='ltr'><em>ponas:</em></span> <span class='ocrx_word' id='word_1_139' title='bbox 1576 2144 1808 2200; x_wconf 80' lang='lat' dir='ltr'><em>colurum,</em></span> 
     </span>
     <span class='ocr_line' id='line_1_25' title="bbox 354 2218 1808 2282; baseline -0.003 -16"><span class='ocrx_word' id='word_1_140' title='bbox 354 2238 461 2266; x_wconf 84' lang='lat' dir='ltr'><em>cum</em></span> <span class='ocrx_word' id='word_1_141' title='bbox 485 2220 728 2265; x_wconf 85' lang='lat' dir='ltr'>novissimi</span> <span class='ocrx_word' id='word_1_142' title='bbox 757 2220 889 2282; x_wconf 84' lang='lat' dir='ltr'><em>pedis</em></span> <span class='ocrx_word' id='word_1_143' title='bbox 914 2219 1020 2266; x_wconf 83' lang='lat' dir='ltr'><em>duae</em></span> <span class='ocrx_word' id='word_1_144' title='bbox 1047 2221 1240 2282; x_wconf 84' lang='lat' dir='ltr'>syllabae</span> <span class='ocrx_word' id='word_1_145' title='bbox 1272 2219 1540 2265; x_wconf 80' lang='lat' dir='ltr'><strong>novissimae</strong></span> <span class='ocrx_word' id='word_1_146' title='bbox 1568 2218 1808 2275; x_wconf 77' lang='lat' dir='ltr'><em>tollantur,</em></span> 
     </span>
     <span class='ocr_line' id='line_1_26' title="bbox 356 2293 1804 2359; baseline -0.001 -19"><span class='ocrx_word' id='word_1_147' title='bbox 356 2314 408 2341; x_wconf 87' lang='lat' dir='ltr'><em>ac</em></span> <span class='ocrx_word' id='word_1_148' title='bbox 446 2296 480 2340; x_wconf 86' lang='lat' dir='ltr'><em>si</em></span> <span class='ocrx_word' id='word_1_149' title='bbox 518 2307 646 2359; x_wconf 80' lang='lat' dir='ltr'><em>lnpro</em></span> <span class='ocrx_word' id='word_1_150' title='bbox 685 2296 1106 2359; x_wconf 77' lang='lat' dir='ltr'><em>proceleusmatico</em></span> <span class='ocrx_word' id='word_1_151' title='bbox 1143 2313 1290 2359; x_wconf 84' lang='lat' dir='ltr'><em>ponas</em></span> <span class='ocrx_word' id='word_1_152' title='bbox 1323 2293 1682 2359; x_wconf 70' lang='lat' dir='ltr'><em>pyrrhichium:</em></span> <span class='ocrx_word' id='word_1_153' title='bbox 1729 2310 1804 2339; x_wconf 87' lang='lat' dir='ltr'><em>ca-</em></span> 
     </span>
     <span class='ocr_line' id='line_1_27' title="bbox 356 2369 1806 2433; baseline 0 -18"><span class='ocrx_word' id='word_1_154' title='bbox 356 2371 624 2417; x_wconf 85' lang='lat' dir='ltr'><em>talecticum</em></span> <span class='ocrx_word' id='word_1_155' title='bbox 655 2371 939 2417; x_wconf 81' lang='lat' dir='ltr'><em>contrarium</em></span> <span class='ocrx_word' id='word_1_156' title='bbox 967 2381 1038 2417; x_wconf 83' lang='lat' dir='ltr'><em>est</em></span> <span class='ocrx_word' id='word_1_157' title='bbox 1070 2371 1235 2427; x_wconf 75' lang='lat' dir='ltr'><em>miuro,</em></span> <span class='ocrx_word' id='word_1_158' title='bbox 1260 2387 1366 2416; x_wconf 82' lang='lat' dir='ltr'><em>nam</em></span> <span class='ocrx_word' id='word_1_159' title='bbox 1393 2369 1637 2415; x_wconf 85' lang='lat' dir='ltr'>novissimi</span> <span class='ocrx_word' id='word_1_160' title='bbox 1675 2369 1806 2433; x_wconf 88' lang='lat' dir='ltr'><em>pedis</em></span> 
     </span>
     <span class='ocr_line' id='line_1_28' title="bbox 356 2446 1804 2511; baseline 0 -19"><span class='ocrx_word' id='word_1_161' title='bbox 356 2447 611 2493; x_wconf 84' lang='lat' dir='ltr'><em>novissima</em></span> <span class='ocrx_word' id='word_1_162' title='bbox 637 2448 817 2510; x_wconf 80' lang='lat' dir='ltr'>syllaba</span> <span class='ocrx_word' id='word_1_163' title='bbox 841 2448 1037 2504; x_wconf 77' lang='lat' dir='ltr'><em>tollitur,</em></span> <span class='ocrx_word' id='word_1_164' title='bbox 1057 2466 1110 2493; x_wconf 84' lang='lat' dir='ltr'><em>ac</em></span> <span class='ocrx_word' id='word_1_165' title='bbox 1130 2447 1165 2492; x_wconf 85' lang='lat' dir='ltr'><em>si</em></span> <span class='ocrx_word' id='word_1_166' title='bbox 1193 2464 1276 2511; x_wconf 81' lang='lat' dir='ltr'><em>pro</em></span> <span class='ocrx_word' id='word_1_167' title='bbox 1295 2446 1485 2509; x_wconf 88' lang='lat' dir='ltr'><em>dactylo</em></span> <span class='ocrx_word' id='word_1_168' title='bbox 1512 2447 1804 2493; x_wconf 69' lang='lat' dir='ltr'><em>”trochaeum</em></span> 
     </span>
     <span class='ocr_line' id='line_1_29' title="bbox 355 2521 1805 2586; baseline 0.001 -19"><span class='ocrx_word' id='word_1_169' title='bbox 355 2540 517 2585; x_wconf 84' lang='lat' dir='ltr'><em>ponas.</em></span> <span class='ocrx_word' id='word_1_170' title='bbox 586 2522 1062 2586; x_wconf 76' lang='lat' dir='ltr'><em>Bracbycatalectum</em></span> <span class='ocrx_word' id='word_1_171' title='bbox 1103 2524 1194 2568; x_wconf 84' lang='lat' dir='ltr'><em>hoe</em></span> <span class='ocrx_word' id='word_1_172' title='bbox 1227 2533 1297 2568; x_wconf 58' lang='lat' dir='ltr'><em>est</em></span> <span class='ocrx_word' id='word_1_173' title='bbox 1331 2521 1456 2584; x_wconf 87' lang='lat' dir='ltr'><em>quod</em></span> <span class='ocrx_word' id='word_1_174' title='bbox 1493 2532 1540 2567; x_wconf 86' lang='lat' dir='ltr'><em>et</em></span> <span class='ocrx_word' id='word_1_175' title='bbox 1575 2522 1805 2569; x_wconf 84' lang='lat' dir='ltr'><em>colurum.</em></span> 
     </span>
     <span class='ocr_line' id='line_1_30' title="bbox 355 2599 1805 2663; baseline 0 -18"><span class='ocrx_word' id='word_1_176' title='bbox 355 2600 685 2646; x_wconf 82' lang='lat' dir='ltr'><em>Acatalectum</em></span> <span class='ocrx_word' id='word_1_177' title='bbox 733 2617 842 2646; x_wconf 83' lang='lat' dir='ltr'><em>vero</em></span> <span class='ocrx_word' id='word_1_178' title='bbox 894 2601 1130 2663; x_wconf 81' lang='lat' dir='ltr'><em>integrum</em></span> <span class='ocrx_word' id='word_1_179' title='bbox 1173 2609 1256 2646; x_wconf 74' lang='lat' dir='ltr'><em>est.</em></span> <span class='ocrx_word' id='word_1_180' title='bbox 1350 2599 1805 2662; x_wconf 77' lang='lat' dir='ltr'><em>Hypercatalectum</em></span> 
     </span>
    </p>
   </div>
   <div class='ocr_carea' id='block_1_17' title="bbox 355 2755 1806 2964">
    <p class='ocr_par' dir='ltr' id='par_1_17' title="bbox 355 2755 1806 2964">
     <span class='ocr_line' id='line_1_31' title="bbox 411 2755 1806 2806; baseline -0.001 -13"><span class='ocrx_word' id='word_1_181' title='bbox 411 2764 428 2783; x_wconf 71' lang='grc' dir='ltr'>θ</span> <span class='ocrx_word' id='word_1_182' title='bbox 450 2758 565 2793; x_wconf 81' lang='lat' dir='ltr'><em>Chaos</em></span> <span class='ocrx_word' id='word_1_183' title='bbox 585 2771 646 2793; x_wconf 86' lang='lat' dir='ltr'><em>om</em></span> <span class='ocrx_word' id='word_1_184' title='bbox 669 2758 711 2793; x_wconf 90' lang='lat' dir='ltr'><em>L.</em></span> <span class='ocrx_word' id='word_1_185' title='bbox 733 2757 794 2805; x_wconf 78' lang='lat' dir='ltr'><em>qui</em></span> <span class='ocrx_word' id='word_1_186' title='bbox 817 2758 926 2793; x_wconf 85' lang='lat' dir='ltr'><em>habet</em></span> <span class='ocrx_word' id='word_1_187' title='bbox 944 2759 1004 2792; x_wconf 78' lang='lat' dir='ltr'><em>sea</em></span> <span class='ocrx_word' id='word_1_188' title='bbox 1025 2769 1091 2806; x_wconf 83' lang='lat' dir='ltr'><em>pro</em></span> <span class='ocrx_word' id='word_1_189' title='bbox 1113 2762 1159 2792; x_wconf 78' lang='lat' dir='ltr'><em>et.</em></span> <span class='ocrx_word' id='word_1_190' title='bbox 1241 2755 1256 2782; x_wconf 82' lang='lat' dir='ltr'><strong>f</strong></span> <span class='ocrx_word' id='word_1_191' title='bbox 1275 2756 1435 2803; x_wconf 80' lang='lat' dir='ltr'><em>tumido]</em></span> <span class='ocrx_word' id='word_1_192' title='bbox 1449 2756 1598 2804; x_wconf 76' lang='lat' dir='ltr'><em>fervido</em></span> <span class='ocrx_word' id='word_1_193' title='bbox 1616 2757 1662 2792; x_wconf 91' lang='lat' dir='ltr'><em>L.</em></span> <span class='ocrx_word' id='word_1_194' title='bbox 1719 2763 1740 2790; x_wconf 83' lang='lat' dir='ltr'>g</span> <span class='ocrx_word' id='word_1_195' title='bbox 1757 2759 1806 2792; x_wconf 83' lang='lat' dir='ltr'><em>sic</em></span> 
     </span>
     <span class='ocr_line' id='line_1_32' title="bbox 356 2808 1804 2859; baseline 0 -13"><span class='ocrx_word' id='word_1_196' title='bbox 356 2824 430 2846; x_wconf 85' lang='lat' dir='ltr'><em>om.</em></span> <span class='ocrx_word' id='word_1_197' title='bbox 454 2811 496 2846; x_wconf 90' lang='lat' dir='ltr'><em>L.</em></span> <span class='ocrx_word' id='word_1_198' title='bbox 518 2811 578 2859; x_wconf 83' lang='lat' dir='ltr'><em>qui</em></span> <span class='ocrx_word' id='word_1_199' title='bbox 602 2824 684 2846; x_wconf 60' lang='lat' dir='ltr'><em>mox</em></span> <span class='ocrx_word' id='word_1_200' title='bbox 708 2811 818 2846; x_wconf 68' lang='lat' dir='ltr'><em>habet</em></span> <span class='ocrx_word' id='word_1_201' title='bbox 838 2812 971 2845; x_wconf 71' lang='lat' dir='ltr'><em>caliclos</em></span> <span class='ocrx_word' id='word_1_202' title='bbox 992 2812 1160 2845; x_wconf 81' lang='lat' dir='ltr'><em>calamos.</em></span> <span class='ocrx_word' id='word_1_203' title='bbox 1270 2808 1290 2834; x_wconf 84' lang='lat' dir='ltr'>h</span> <span class='ocrx_word' id='word_1_204' title='bbox 1312 2809 1480 2856; x_wconf 78' lang='lat' dir='ltr'><em>tractavi]</em></span> <span class='ocrx_word' id='word_1_205' title='bbox 1507 2812 1738 2846; x_wconf 80' lang='lat' dir='ltr'><em>tractavimus</em></span> <span class='ocrx_word' id='word_1_206' title='bbox 1758 2810 1804 2846; x_wconf 89' lang='lat' dir='ltr'><em>L.</em></span> 
     </span>
     <span class='ocr_line' id='line_1_33' title="bbox 355 2860 1804 2910; baseline -0.001 -10"><span class='ocrx_word' id='word_1_207' title='bbox 355 2863 365 2889; x_wconf 84' lang='lat' dir='ltr'>i</span> <span class='ocrx_word' id='word_1_208' title='bbox 385 2864 522 2910; x_wconf 87' lang='lat' dir='ltr'><em>colere]</em></span> <span class='ocrx_word' id='word_1_209' title='bbox 546 2865 676 2899; x_wconf 80' lang='lat' dir='ltr'><em>coleres</em></span> <span class='ocrx_word' id='word_1_210' title='bbox 696 2864 739 2899; x_wconf 93' lang='lat' dir='ltr'><em>L.</em></span> <span class='ocrx_word' id='word_1_211' title='bbox 914 2861 934 2888; x_wconf 88' lang='lat' dir='ltr'>k</span> <span class='ocrx_word' id='word_1_212' title='bbox 954 2864 1093 2899; x_wconf 78' lang='lat' dir='ltr'><em>elucens</em></span> <span class='ocrx_word' id='word_1_213' title='bbox 1112 2863 1155 2898; x_wconf 88' lang='lat' dir='ltr'><em>L.</em></span> <span class='ocrx_word' id='word_1_214' title='bbox 1326 2860 1336 2886; x_wconf 85' lang='lat'><strong>¹</strong></span> <span class='ocrx_word' id='word_1_215' title='bbox 1357 2862 1562 2908; x_wconf 78' lang='lat' dir='ltr'><em>iambicam]</em></span> <span class='ocrx_word' id='word_1_216' title='bbox 1586 2863 1740 2898; x_wconf 78' lang='lat' dir='ltr'><em>iambum</em></span> <span class='ocrx_word' id='word_1_217' title='bbox 1760 2863 1804 2898; x_wconf 94' lang='lat' dir='ltr'><em>L.</em></span> 
     </span>
     <span class='ocr_line' id='line_1_34' title="bbox 355 2914 1603 2964; baseline -0.001 -12"><span class='ocrx_word' id='word_1_218' title='bbox 355 2923 386 2942; x_wconf 87' lang='lat' dir='ltr'>m</span> <span class='ocrx_word' id='word_1_219' title='bbox 402 2930 471 2964; x_wconf 82' lang='lat' dir='ltr'><em>pro</em></span> <span class='ocrx_word' id='word_1_220' title='bbox 491 2929 565 2953; x_wconf 87' lang='lat' dir='ltr'><em>om.</em></span> <span class='ocrx_word' id='word_1_221' title='bbox 591 2916 636 2954; x_wconf 84' lang='lat' dir='ltr'><em>L.</em></span> <span class='ocrx_word' id='word_1_222' title='bbox 748 2923 767 2943; x_wconf 66' lang='grc' dir='ltr'>Β</span> <span class='ocrx_word' id='word_1_223' title='bbox 789 2916 1010 2963; x_wconf 82' lang='lat' dir='ltr'><em>trochaeum]</em></span> <span class='ocrx_word' id='word_1_224' title='bbox 1035 2915 1095 2952; x_wconf 87' lang='lat' dir='ltr'><em>Sic</em></span> <span class='ocrx_word' id='word_1_225' title='bbox 1115 2916 1159 2951; x_wconf 74' lang='lat' dir='ltr'><em>L,</em></span> <span class='ocrx_word' id='word_1_226' title='bbox 1179 2916 1372 2962; x_wconf 72' lang='lat' dir='ltr'><em>spondeam</em></span> <span class='ocrx_word' id='word_1_227' title='bbox 1392 2914 1603 2951; x_wconf 85' lang='lat' dir='ltr'><em>Putschius.</em></span> 
     </span>
    </p>
   </div>
  </div>
 </body>
</html>
