1962 3355
601 188 784 223 veterum
805 184 1127 238 apospasmatia.
1517 180 1602 221 563

144 292 272 332 decim
282 292 446 346 juisse.
501 293 630 331 Varro
650 293 760 331 docet
782 292 828 331 in
849 291 983 340 libris,
1005 305 1105 346 quos
1127 291 1208 330 aad
1229 291 1392 330 Acti-um
1416 292 1600 345 scripsit,

143 359 314 400 sedecim
331 361 499 414 fuisse,
525 364 672 414 postea
703 365 838 398 tamen
871 360 1048 399 crevisse
1081 365 1118 399 et
1136 360 1287 413 factas
1323 371 1408 397 esse
1443 358 1601 412 viginti

144 432 241 466 tres,
308 429 468 467 Tamen
495 428 665 482 primce,
702 440 794 481 quae
827 426 1007 466 inventae
1040 431 1154 474 sunt,
1173 425 1364 479 suerunt
1396 424 1600 463 undecim.

144 496 293 536 Postea
329 512 421 552 quae
453 497 635 536 inventae
668 501 782 544 sunt,
800 496 994 550 ficerunt
1028 494 1214 534 sedecim.
1288 491 1472 532 bPostea
1504 493 1600 532 item

143 564 301 618 viginti
329 570 412 604 tres
423 564 564 617 fflctce
590 569 700 603 sunt.
763 563 860 603 Illic
880 567 1235 610 commemoratur,
1256 561 1327 616 qui
1353 560 1466 600 illam
1496 560 1601 600 litte-

142 643 230 670 ram
235 628 363 684 ficit,
385 631 457 686 qui
478 631 607 671 illam.

341 755 379 794 E
402 753 535 809 capite
556 753 607 794 de
629 753 795 809 syllabis
817 754 904 795 haee
924 754 1121 794 adnotare
1143 753 1274 793 visum
1297 763 1380 793 est:

141 832 306 872 Deinde
335 833 441 873 illud
469 835 576 873 scire
607 834 738 882 debes,
765 834 873 888 quod
900 847 1168 888 unaquceque,
1191 833 1328 873 brevis
1359 834 1396 872 si
1427 834 1496 882 sit,
1518 833 1600 888 syl-

141 900 235 940 laba
269 915 399 941 unum
434 907 594 956 tempus
628 901 760 951 habet,
794 902 831 941 si
866 902 992 957 longa
1030 903 1100 951 sit,
1133 902 1214 941 duo
1248 901 1366 941 habet
1400 907 1596 955 tempora.

143 968 307 1008 Ccetera
339 975 537 1024 tempora,
567 984 659 1024 quse
688 970 899 1019 accedunt,
926 971 1141 1025 superflua
1166 975 1278 1009 sunt.
1346 970 1402 1009 Ut
1423 975 1534 1023 puta
1560 970 1598 1009 si

140 1035 255 1076 dicas
277 1047 331 1086 et,
355 1051 486 1076 unum
507 1039 630 1077 semis
651 1038 782 1077 habet.
843 1038 881 1077 E
905 1038 1057 1077 vocalis
1077 1043 1136 1077 est
1156 1038 1307 1085 brevis,
1329 1051 1460 1076 uotum
1480 1036 1598 1076 liabet

140 1110 313 1159 tempus.
375 1105 413 1145 T
433 1120 662 1146 consonans
682 1112 756 1156 est,
772 1112 810 1145 et
830 1107 964 1145 omnis
984 1119 1213 1145 consonans
1233 1104 1459 1144 dimedium
1479 1103 1598 1143 habet

140 1177 313 1227 tempus.
375 1173 522 1212 Adhuc
552 1188 635 1212 non
664 1179 724 1213 est
753 1187 825 1213 nec
852 1173 981 1229 longa
1014 1187 1086 1212 nec
1116 1173 1262 1212 brevis.
1324 1172 1429 1211 Plus
1460 1177 1596 1211 tamen

139 1240 257 1279 habet
277 1254 304 1279 a
324 1241 454 1290 brevi,
480 1241 620 1281 minas
653 1242 816 1296 quidem
848 1241 967 1281 habet
995 1255 1022 1279 a
1051 1240 1196 1295 longa.
1257 1239 1373 1279 Adde
1403 1239 1460 1278 ad
1490 1247 1531 1279 et
1563 1254 1595 1287 s,

138 1312 177 1347 et
195 1308 296 1362 Jam
320 1353 326 1360 ,
326 1310 384 1362 fit
412 1309 555 1365 longa.
631 1310 804 1355 Quare?
842 1309 879 1348 E
902 1309 1039 1348 brevis
1069 1322 1200 1348 unum
1229 1314 1388 1362 tempus
1413 1307 1548 1355 habet,
1580 1316 1597 1347 t

138 1375 364 1415 dimedium
385 1382 544 1432 tempus
564 1377 698 1426 habet,
723 1392 740 1416 s
760 1376 983 1416 dimedium
1017 1381 1176 1430 tempus
1198 1375 1326 1415 habet.
1387 1375 1495 1414 Ecce
1515 1374 1597 1413 dico

138 1448 323 1497 tempora
355 1450 469 1492 sunt,
487 1444 692 1498 ficerunt
725 1445 806 1484 dno
838 1450 1022 1499 tempora
1055 1443 1226 1499 longam
1260 1443 1417 1483 cillam.
1490 1443 1597 1482 Haec

138 1512 248 1550 ratio
268 1517 343 1560 est,
366 1519 413 1551 ut
434 1518 597 1552 tantum
619 1512 755 1552 valeat
775 1512 935 1567 syllaba
956 1512 1210 1552 naturaliter
1229 1510 1371 1566 longa,
1393 1515 1596 1565 quantum

138 1578 246 1618 valet
270 1580 475 1633 positione
495 1579 636 1635 longa.
701 1581 874 1626 Quare?
906 1580 1021 1619 Nam
1051 1579 1391 1635 quemadmodum
1419 1578 1501 1618 illce
1530 1593 1597 1619 vo-

136 1646 243 1686 cales
264 1647 519 1687 naturaliter
538 1647 680 1703 longoe
699 1647 780 1687 duo
801 1648 949 1688 liabent
970 1654 1155 1702 tempora
1181 1651 1243 1698 (ut

624 1718 660 1752 A
681 1725 717 1752 te
738 1729 784 1752 ne
806 1716 940 1766 frigora
961 1716 1109 1758 laedant,

137 1798 160 1822 a
180 1783 309 1838 longa
340 1789 399 1823 est
428 1784 696 1834 naturaliter,
720 1784 800 1823 duo
821 1783 939 1823 habet
960 1785 1160 1838 tempora)
1187 1784 1246 1823 sic
1267 1784 1391 1823 etia-m
1420 1783 1594 1837 syllaba,

135 1865 227 1906 quse
240 1852 450 1906 positione
455 1853 518 1906 fit
536 1852 680 1907 longa,
697 1852 779 1891 duo
798 1851 916 1892 habet
937 1857 1132 1906 tempora.
1178 1851 1384 1898 Quomodo
1397 1853 1416 1891 ?
1454 1852 1594 1892 Unum

135 1918 254 1958 liabet
268 1932 293 1957 a
312 1919 458 1967 vocali,
476 1934 607 1958 unum
623 1919 740 1959 liabet
756 1933 781 1957 a
802 1919 963 1958 duabus
983 1919 1315 1959 consonantibus.
1352 1918 1515 1958 Idcirco
1517 1920 1594 1972 fit,

135 1991 182 2025 ut
202 2000 285 2025 non
306 1992 555 2041 quan-antur
575 2001 601 2026 a
616 1987 839 2042 positione,
862 1987 947 2026 nisi
967 1986 1064 2026 (luce
1083 1991 1365 2035 consonantes,
1386 1987 1485 2041 quia
1502 1987 1596 2026 duce

134 2060 403 2094 consonantes
430 2055 655 2095 dimedium
677 2060 715 2094 et
735 2054 961 2093 dimedium
990 2054 1140 2093 liabent
1169 2059 1344 2108 tempus,
1368 2059 1405 2094 et
1414 2054 1595 2107 jaciunt

133 2121 302 2176 longam
320 2121 521 2176 syllabam
537 2123 846 2177 prcecedentem.
900 2122 959 2162 Ob
980 2121 1086 2161 lianc
1106 2135 1274 2161 causam
1294 2121 1496 2172 dioeimus,
1514 2122 1595 2162 duo

134 2202 218 2229 esse
247 2195 431 2244 tempora
457 2196 495 2230 et
521 2190 777 2230 naturaliter
797 2190 948 2245 longae,
972 2195 1010 2230 et
1029 2190 1238 2245 positione
1264 2190 1415 2245 longoe.
1479 2190 1595 2230 Illud

133 2257 258 2296 etiam
289 2258 493 2312 sequitur,
523 2272 607 2297 esse
637 2257 801 2313 aliquas
827 2257 1009 2312 syllabas
1029 2257 1257 2312 plurimas,
1278 2272 1370 2313 quae
1399 2263 1437 2298 et
1462 2259 1592 2313 plara

132 2324 282 2365 liabent
297 2330 495 2380 tempora,
513 2340 635 2381 quam
657 2331 825 2379 oportet.
894 2325 949 2365 Ut
969 2330 1028 2365 est
1049 2324 1129 2364 lex.
1190 2325 1297 2365 Ecce
1317 2341 1339 2365 e
1359 2326 1497 2380 ipsum
1520 2341 1593 2366 na-

133 2392 329 2432 turaliter
349 2393 430 2432 duo
449 2399 631 2448 tempora
647 2394 778 2444 babet,
796 2408 838 2441 x,
855 2407 947 2449 quae
962 2393 1143 2433 duarum
1161 2395 1475 2434 consonantium
1476 2394 1592 2449 sun-

127 2459 257 2514 gitur
277 2459 375 2509 loco,
390 2474 520 2499 unum
541 2460 660 2501 habet
681 2467 853 2517 tempus.
917 2463 1057 2508 Quare
1077 2461 1149 2501 boc
1169 2462 1260 2500 dimi
1275 2462 1294 2501 ,9
1325 2462 1408 2502 Est
1427 2462 1591 2518 quidem

133 2531 351 2574 tractatus,
368 2526 440 2566 sed
465 2528 589 2567 etiam
609 2530 711 2569 utile
730 2535 804 2578 est,
825 2531 870 2569 in
899 2529 971 2569 lioc
998 2535 1179 2569 tractatu
1205 2530 1319 2584 poni.
1384 2530 1590 2576 Quoniam

131 2594 224 2633 istce
251 2593 436 2648 syllabce,
458 2608 550 2648 quse
582 2596 716 2636 tribus
749 2598 999 2653 temporibus
1015 2598 1153 2651 flunt,
1177 2598 1214 2637 si
1247 2596 1396 2638 liabent
1424 2604 1517 2653 post
1547 2613 1590 2638 se

186 2723 205 2742 a
238 2718 285 2751 ad
317 2718 479 2764 Actium]
526 2717 635 2754 Forte
666 2717 829 2754 scriben—
890 2720 1173 2756 RUHNKEN.

131 2769 220 2805 dum
245 2771 293 2804 ad
314 2771 488 2811 Atticum,
512 2779 551 2805 ut
580 2770 833 2820 intelligantur
952 2770 972 2798 b
1002 2773 1137 2810 Postea
1175 2775 1278 2821 item]
1321 2775 1420 2810 Fort.
1454 2774 1587 2809 Postea

131 2821 215 2859 libri
243 2824 286 2858 de
311 2823 392 2858 Vita
421 2824 464 2859 P.
488 2824 534 2859 R.
561 2836 653 2872 quos
683 2825 730 2859 ad
760 2826 830 2860 At·
887 2831 1020 2862 autem.
1063 2827 1217 2863 HEUS.

132 2877 240 2911 ticum
286 2875 443 2925 scriptos
500 2884 656 2912 testatur
713 2877 830 2926 Sosip.
942 2886 958 2905 ⁰
974 2881 1091 2926 illam]
1111 2880 1202 2930 Leg.
1219 2881 1405 2926 syllabam.
1430 2879 1584 2916 HEUS.

132 2928 273 2966 Charis.
314 2930 400 2966 Inst.
437 2930 596 2966 Gramm.
628 2931 657 2966 I.
690 2944 724 2980 p.
744 2943 830 2968 101.

933 3007 1052 3046 4c2
