1962 3355
353 253 440 292 118
862 243 1026 289 Marii
1055 241 1295 288 Victorini
1626 256 1721 287 LIB.
1745 256 1799 286 11.

683 358 783 406 Cur
799 374 1031 420 properas
1055 355 1272 401 amando.

293 459 327 479 ¹2
349 440 490 494 Quod
532 439 717 486 silentio
756 439 854 484 dari
893 437 1019 483 haud
1060 453 1223 499 passus
1263 451 1383 479 sum.
1452 434 1586 480 Sicut
1625 444 1671 481 et
1709 435 1800 482 hoc

348 517 726 580 yheptametrum
745 510 1455 561 catalecticumchoriambicum
1474 511 1799 572 purum,quod

348 592 677 656 Phrynichum
704 590 958 645 comicum,
983 597 1222 633 auctorem
1256 586 1355 647 ejus
1393 586 1500 632 artis
1537 587 1799 641 tradidisse,

347 677 394 714 et
418 668 487 714 sui
513 667 718 713 nominis
750 664 1065 728 appellatione
1096 662 1303 725 signasse
1327 661 1506 708 dicunt.
1575 662 1704 708 Nam
1732 672 1801 708 est

347 745 455 801 tale,

389 833 443 861 Da
461 831 534 860 mihi
551 837 565 854 Ζ
570 831 658 869 poclo
681 830 808 860 Veneris
824 830 919 858 miccta
938 835 955 852 a
967 828 1088 866 leyoni
1101 837 1184 865 yena
1201 826 1250 855 vel
1261 826 1367 864 qratia
1383 826 1465 865 qnod
1481 826 1517 855 de
1533 826 1550 849 b
1561 835 1644 855 roseo
1660 825 1777 854 labello.

348 901 486 946 Ultra
533 916 677 960 quam
726 897 1054 960 proceritatem
1099 893 1472 940 choriambicum
1525 911 1617 939 non
1665 893 1800 939 facile

347 975 496 1037 possis
522 973 771 1037 repperire.

566 1104 700 1156 CAP.
724 1103 853 1154 VII.
896 1105 980 1155 De
1007 1112 1173 1154 metro
1200 1102 1577 1172 Autispastico.

411 1204 519 1250 Scio
539 1203 766 1266 quosdam
791 1220 930 1265 super
951 1202 1194 1266 antispasti
1219 1202 1373 1265 specie
1395 1201 1663 1265 recipienda
1682 1203 1802 1248 inter

346 1297 516 1325 novem
545 1290 798 1342 prototypa
824 1279 1078 1324 dubitasse.
1148 1279 1276 1324 Nam
1316 1296 1417 1323 raro
1443 1278 1697 1324 admodum
1726 1296 1802 1324 ve-

346 1366 465 1401 teres
492 1356 730 1418 integrum
759 1373 819 1401 ex
844 1373 899 1400 eo
923 1372 1128 1411 carmen,
1152 1354 1278 1416 quod
1312 1354 1370 1399 sit
1395 1364 1559 1399 natura
1584 1355 1798 1400 scabrum

346 1432 467 1477 inter
492 1431 744 1493 rhythmos
771 1440 911 1493 atque
937 1448 1168 1493 asperum,
1195 1430 1516 1493 composuisse
1549 1430 1803 1492 perhiben-

345 1517 434 1553 tur.
504 1507 681 1552 Verum
710 1523 819 1551 cum
859 1505 982 1551 idem
1022 1506 1119 1568 pari
1155 1505 1451 1567 cognatione,
1476 1523 1569 1567 qua
1604 1515 1651 1550 et
1682 1505 1803 1551 inter

345 1600 393 1628 se
430 1582 505 1628 alii
543 1581 684 1645 pedes
711 1581 768 1626 de
793 1581 964 1643 quibus
1001 1598 1141 1644 supra
1165 1580 1347 1626 dictum
1373 1591 1456 1637 est,
1483 1598 1590 1627 cum
1624 1581 1804 1627 Cchori-

344 1659 485 1703 ambo
522 1658 784 1720 copuletur,
825 1657 1055 1719 siquidem
1094 1657 1378 1719 antispastus
1420 1656 1602 1702 duabus
1639 1658 1804 1703 utrim-

344 1751 435 1796 que
461 1733 679 1779 brevibus
705 1733 820 1778 duas
857 1734 1020 1795 longas
1059 1733 1105 1777 in
1145 1733 1302 1778 medio
1327 1733 1437 1778 sitas
1477 1733 1660 1786 habeat,
1687 1732 1803 1778 eho-

342 1809 551 1854 riambus
589 1818 746 1854 autem
773 1808 955 1854 duabus
981 1808 1218 1870 utrimque
1243 1809 1396 1870 longis
1424 1808 1602 1854 medias
1640 1809 1800 1853 breves

342 1894 514 1939 teneat,
539 1893 855 1929 consentanea
879 1883 1059 1929 ratione
1083 1884 1240 1930 locum
1268 1884 1421 1929 eidem
1454 1883 1804 1930 auctoritatem—

341 1977 432 2021 que
457 1960 579 2005 inter
608 1959 900 2022 principalia,
925 1959 970 2004 id
997 1969 1066 2004 est
1093 1959 1417 2022 primiformia,
1441 1977 1611 2005 novem
1641 1970 1803 2013 metra,

341 2035 441 2097 ipsa
478 2035 739 2098 parilitatiS,
776 2053 869 2096 qua
911 2035 1060 2080 ‘linter
1101 2053 1148 2080 se
1189 2045 1472 2098 congruunt,
1508 2037 1802 2100 contempla-

304 2153 308 2159 ,
342 2110 486 2167 tione,
523 2110 854 2156 vindicandam
895 2128 995 2156 esse
1031 2111 1267 2157 dixerunt.
1352 2111 1482 2163 Quid
1518 2130 1628 2175 ergo
1665 2129 1804 2175 super

343 2186 433 2231 hoc
460 2185 506 2230 in
532 2185 732 2231 dubium
764 2186 943 2249 primos
980 2197 1193 2232 auctores
1218 2186 1479 2244 deduxerit,
1511 2188 1696 2250 plenius
1733 2205 1803 2233 re-

340 2262 504 2307 feram.
576 2262 865 2325 Conjugatio
909 2263 1171 2327 antispasti,
1212 2273 1265 2309 ut
1295 2265 1423 2309 Juba
1465 2272 1621 2309 noster
1661 2272 1802 2325 atque

342 2337 420 2383 alii
447 2338 720 2383 Graecorum
750 2338 1022 2401 opinionem
1063 2340 1210 2385 secuti
1247 2340 1469 2394 referunt,
1495 2356 1588 2384 non
1616 2356 1802 2402 semper

342 2414 405 2460 ita
428 2424 707 2477 perseverat,
735 2425 785 2460 ut
815 2415 860 2460 in
895 2416 1127 2479 principio
1152 2415 1283 2479 pedis
1320 2416 1505 2461 iambus
1531 2415 1799 2461 collocetur.

394 2536 412 2563 y
432 2530 704 2576 hexametrum]
728 2537 975 2578 eptametrum
1000 2532 1039 2566 P.
1125 2538 1143 2556 Ζ
1165 2531 1290 2580 poclo]
1315 2531 1441 2580 proclo
1466 2532 1504 2566 P.
1591 2537 1610 2556 a
1628 2529 1795 2579 Thyoni]

339 2581 487 2631 Thyoni
506 2594 603 2631 gena
624 2582 677 2617 vel
699 2583 739 2617 P.
851 2581 870 2609 b
892 2582 954 2629 de]
979 2593 1015 2619 et
1037 2584 1078 2619 P.
1164 2591 1180 2610 c
1201 2583 1484 2630 Choriatnbico]
1512 2583 1739 2619 Choriambo
1758 2584 1798 2618 P.

341 2632 359 2659 d
379 2633 490 2681 inter]
515 2634 571 2670 vel
592 2635 633 2670 P.

398 2731 456 2755 12.
477 2719 623 2768 Thyoni
645 2721 730 2766 δία]
766 2720 808 2754 In
835 2720 1039 2756 hexametri
1096 2728 1234 2762 antem,
1257 2720 1451 2756 odoriferae
1478 2720 1618 2756 arboris
1647 2733 1797 2763 nomen,

339 2771 577 2808 choriambici
599 2772 769 2821 exemplo
787 2773 951 2808 abundat
968 2773 1040 2820 syl-
1097 2773 1194 2808 unde
1225 2775 1329 2815 θυϊνὲς,
1361 2773 1459 2820 quod
1498 2772 1675 2808 Horatius
1709 2786 1799 2808 con-

338 2824 421 2860 laba
452 2824 488 2859 in
519 2825 680 2874 Thyoni,
714 2825 814 2873 quod
848 2834 885 2860 et
922 2824 1039 2874 ipsun]
1098 2833 1214 2861 tracte
1244 2826 1337 2861 dixit
1376 2826 1501 2872 Thyna
1531 2838 1657 2861 merce.
1716 2827 1799 2861 CA-

338 2889 426 2913 sane
456 2876 543 2925 qnid
571 2878 619 2913 sit
646 2891 720 2913 non
750 2886 913 2926 apparet,
936 2877 1042 2925 sique
1097 2878 1228 2914 MER.

338 2929 474 2965 scribas
482 2930 720 2979 Thyoversus
730 2939 890 2966 constet.
905 2930 1039 2979 Thyon

1922 2908 1962 2992 ..ἐή
