1962 3355
125 233 231 264 CAP.
258 229 296 264 1.
322 219 405 265 De
429 217 654 265 connexis
675 216 804 262 inter
826 233 876 262 se
900 223 1045 278 atque
1068 218 1337 263 inconnexis
1362 217 1442 279 850.
1481 227 1567 264 211

123 339 263 386 deum
292 349 339 385 et
363 339 625 402 dactylum,
644 336 950 399 sequentibus
976 337 1124 383 tribus
1150 337 1383 395 trochaeis,
1403 338 1575 401 quibus

124 416 545 479 hendecasyllabus
571 415 820 470 clauditur,
845 415 899 460 fit
925 430 1083 459 versus
1109 413 1346 471 Sotadius,
1373 414 1452 471 ita,

261 495 469 540 Carmen
494 493 657 556 lepida?
681 492 908 538 Pierides
932 491 1115 537 dabunt
1137 508 1340 538 sorores,

123 568 264 625 Item,

255 643 490 691 dCantum
514 645 629 691 Pan
654 661 746 707 age
770 660 961 690 carmen
987 643 1071 688 ede
1095 660 1260 689 canna.

125 736 288 782 Insero
337 736 545 799 spondeo
585 746 632 783 et
670 736 858 800 dactylo
898 735 1108 781 medium
1149 743 1462 798 anapaestum,
1500 734 1579 795 qui
1599 754 1640 794 89

125 822 196 859 est
221 812 399 869 docilis,
424 814 505 858 fiet
530 812 794 868 Sotadium,
821 812 899 868 sic,

262 900 421 945 Canta
449 898 613 945 docilis
638 899 749 946 Pan
775 916 866 963 age
891 916 1084 945 carmen
1110 899 1193 944 ede
1218 914 1385 944 canna.

191 987 365 1031 Sextus
391 986 553 1032 eadem
581 986 811 1033 divisione
838 986 1262 1049 hendecasyllabus
1285 985 1370 1030 erit
1396 983 1517 1037 talis,
1602 1005 1643 1035 90

258 1061 525 1108 &Iuverunt
549 1069 735 1126 segetes
758 1080 913 1109 meum
939 1062 1163 1108 laborem.

128 1138 268 1190 Quali
296 1148 424 1183 tome
446 1139 505 1184 sit
522 1138 610 1184 iste
629 1139 922 1201 compositus
943 1138 1160 1201 explebo.
1202 1137 1328 1183 Nam
1341 1135 1586 1198 juverunt

127 1222 271 1277 caput
295 1223 365 1259 est
390 1214 658 1276 incipientis
696 1214 975 1268 hexametri,
1001 1213 1195 1275 adjectis
1228 1213 1354 1258 enim
1393 1212 1586 1274 reliquis

127 1290 326 1353 pedibus
352 1307 508 1336 versus
534 1291 867 1354 complebitur,
891 1290 971 1347 ita,

257 1365 506 1413 Juverunt
529 1373 734 1413 mentem
758 1384 923 1414 versus
948 1374 993 1413 et
1019 1366 1230 1413 carmine
1255 1365 1398 1411 dulci.
1606 1387 1641 1418 9¹

126 1442 192 1489 At
216 1441 262 1488 id
288 1441 413 1504 quod
439 1442 591 1488 versui
618 1452 845 1506 superest,

391 1517 606 1583 fSegetes
630 1536 784 1566 meum
811 1519 1039 1576 laborem,

128 1603 332 1640 metrum
384 1594 471 1641 erit
506 1595 875 1652 Anacreontion,
924 1594 1157 1657 siquidem
1203 1611 1258 1639 eo
1305 1591 1588 1655 frequentis-

128 1670 246 1716 sime
271 1689 382 1717 usus
409 1671 483 1729 sit,
509 1671 587 1717 sed
610 1682 656 1718 et
682 1672 806 1736 apud
827 1690 911 1719 nos
935 1672 1189 1736 gplerique,
1213 1670 1334 1717 inter
1359 1687 1478 1732 quos
1498 1669 1588 1715 Ar-

127 1746 249 1794 biter
273 1747 521 1811 Satyricon
548 1747 628 1804 ita,

398 1823 604 1885 Triplici
629 1825 756 1871 vides
780 1832 835 1871 ut
858 1832 969 1871 ortu

402 1899 453 1945 T
447 1900 577 1945 rivice
602 1907 791 1946 rotetur
815 1901 960 1964 ignis,

399 1974 454 2020 V
446 1974 693 2039 alacrique
716 1976 931 2022 Plzoebus
956 1992 1046 2022 axe

390 2050 637 2112 Rapidum
658 2058 879 2113 pererret
902 2051 1059 2098 orbem
1076 2070 1090 2096 :

129 2143 255 2206 quod
282 2142 300 2171 ¹³
312 2152 511 2200 constat,
537 2144 657 2190 sicut
682 2144 896 2207 plerique
921 2150 1149 2199 asserunt,
1173 2159 1229 2187 ex
1263 2140 1418 2186 ionico
1443 2157 1585 2202 quem

128 2219 204 2265 ἀπὸ
226 2218 401 2281 μείζονος
424 2228 606 2266 vocant.
676 2220 802 2266 Nam
832 2220 867 2265 si
895 2220 1062 2275 versui,
1088 2236 1230 2281 quern
1258 2235 1397 2281 supra
1422 2216 1574 2280 posui,
1604 2239 1643 2270 92

397 2296 596 2359 Segetes
619 2314 773 2343 meum
799 2296 1021 2354 laborem,

130 2391 215 2437 pro
238 2373 389 2436 prima
413 2381 545 2437 parte
569 2372 669 2434 ejus
695 2391 839 2435 quam
864 2372 1043 2418 detraxi
1067 2371 1321 2435 juverunt,
1347 2387 1584 2433 apponam

129 2449 391 2495 clausulam
429 2448 701 2511 hujusmodi
741 2467 766 2496 O
797 2467 939 2514 quam
974 2448 1268 2504 relevarunt,
1305 2448 1386 2493 fiet
1426 2463 1586 2493 versus

129 2524 314 2570 ionicus
339 2523 414 2570 ἀπὸ
437 2525 623 2585 μείζονος,
647 2525 728 2583 ita,

267 2617 312 2663 O
336 2634 478 2680 quam
503 2617 780 2665 relevarunt
801 2625 986 2681 segetes
1010 2635 1162 2664 meum
1188 2616 1410 2663 laborem.

184 2789 203 2817 d
224 2793 528 2840 Cautum—ede]
553 2794 825 2830 Canni—adde
845 2795 887 2830 P.
910 2802 951 2830 ut
972 2806 1067 2830 mox.
1255 2799 1271 2817 e
1290 2790 1444 2836 Juvere]
1468 2789 1586 2824 Juve-

131 2852 217 2880 runt
237 2845 276 2881 P.
386 2843 401 2870 f
414 2846 582 2896 Segetes]
607 2847 719 2897 Seges
740 2847 784 2883 P.
896 2854 916 2882 g
936 2847 1122 2897 plerique]
1148 2845 1287 2894 relique
1309 2844 1349 2880 P.
1457 2840 1477 2867 h
1497 2853 1585 2877 con-

131 2932 222 2977 stat]
248 2904 394 2967 constet
418 2932 455 2967 P.

793 3010 820 3039 E
846 3012 871 3039 e
898 3005 923 3039 2
