1962 3355
510 402 793 454 CODEX
846 401 1735 454 GUELPHERBYTANUS

946 538 1291 584 MALLIANI

738 662 846 708 DE
895 663 1220 709 METRIS
1269 662 1514 709 LIBRI

890 793 1349 834 CONSERVATOR

816 926 1124 956 DILIGENTIL’S
1149 924 1423 956 EXCL'TITL'R

400 1042 441 1067 Ε.)
454 1042 590 1070 L'SQL'E
615 1042 826 1068 SYMBOLAE
844 1042 1133 1069 LITTERARIAE
1157 1042 1350 1072 QUAEDAM
1370 1041 1418 1067 IN
1438 1041 1626 1068 MEDIUM
1646 1042 1843 1068 DANTUR.

929 1174 1315 1200 —“—*--'—

401 1284 630 1344 ETIAM
655 1301 686 1341 si
707 1301 870 1351 codicis,
893 1318 943 1342 ex
972 1318 1055 1357 quo
1083 1301 1218 1341 Mallii
1248 1301 1460 1342 Theodori
1485 1301 1536 1342 de
1566 1301 1706 1341 metris
1735 1316 1845 1341 com-

394 1369 617 1409 mentarius
657 1369 766 1424 typis
805 1369 982 1424 primum
1025 1369 1254 1424 exscriptus
1291 1379 1364 1419 est,
1397 1384 1479 1409 non
1510 1368 1614 1409 alius
1649 1377 1847 1423 praeterea

394 1451 493 1476 usus
524 1445 642 1485 esset,
666 1436 780 1491 isque
803 1452 850 1476 eo
871 1436 1130 1485 munusculo,
1153 1452 1237 1491 quo
1267 1436 1493 1477 litterarum
1524 1436 1727 1476 studiosos
1747 1435 1844 1475 affe-

393 1503 459 1550 cit,
484 1502 610 1543 veluti
631 1503 852 1543 defunctus
874 1503 1102 1543 videretur:
1138 1514 1271 1544 tamen
1300 1504 1376 1544 boc
1405 1502 1489 1543 solo
1509 1502 1707 1543 beneficio
1728 1502 1846 1542 meri-

395 1581 482 1611 tum
504 1569 737 1620 arbitrarer,
759 1580 806 1610 ut
827 1571 916 1625 ejus
936 1570 1202 1619 domicilium,
1225 1580 1337 1620 aetaS‚
1357 1570 1522 1610 habitus
1543 1579 1582 1610 et
1602 1569 1736 1609 forma
1755 1568 1847 1624 plu-

392 1638 506 1679 ribus
537 1638 774 1685 innotescat,
798 1648 927 1693 utque
955 1638 1149 1678 memoria
1169 1638 1261 1678 libri
1281 1637 1552 1692 antiquissimi
1572 1652 1653 1677 non
1674 1637 1844 1687 minore,

394 1721 517 1762 quam
539 1705 651 1761 quod
677 1705 763 1746 aliis
785 1706 956 1746 vetustis
986 1705 1166 1746 tribuere
1197 1705 1386 1757 solemus,
1410 1705 1546 1746 studio
1567 1714 1841 1745 conservetur.

394 1776 422 1814 J
426 1790 490 1814 am
513 1789 609 1814 vero
637 1789 767 1829 quum
798 1773 865 1813 ille
894 1772 972 1813 alia
997 1788 1163 1828 quoque
1189 1772 1408 1823 contineat,
1429 1788 1451 1813 e
1480 1772 1632 1828 quibus
1661 1771 1847 1826 aliquan-

394 1854 483 1883 tum
506 1840 710 1882 commodi
740 1840 781 1880 in
803 1840 957 1881 litteras
978 1839 1208 1880 redundare
1229 1840 1379 1895 possit3
1413 1856 1461 1881 eo
1491 1840 1628 1879 minus
1649 1838 1844 1879 dubitan-

393 1909 493 1950 dum
516 1909 615 1949 mihi
645 1908 802 1963 putavi,
825 1908 926 1963 quin
957 1907 1100 1963 priscae
1130 1907 1370 1948 eruditionis
1398 1907 1650 1948 amatoribus
1679 1915 1843 1962 gratum

393 1976 579 2017 facturus
610 1977 698 2025 sim,
722 1976 769 2026 si,
789 1985 993 2031 quantum
1016 1985 1056 2015 et
1076 1974 1229 2030 ingenii
1250 1974 1328 2014 mei
1355 1974 1562 2024 modulus,
1585 1984 1624 2014 et
1646 1973 1845 2014 subsecivi

394 2044 589 2098 temporis
618 2043 810 2099 augustia
828 2043 946 2092 feret,
968 2041 1190 2097 pleniorem
1220 2041 1308 2097 ejus
1336 2041 1521 2083 notitiam
1549 2041 1705 2091 darem,
1728 2055 1844 2095 quae-

393 2111 486 2152 dam
518 2127 565 2152 ex
601 2111 671 2152 illo
699 2110 875 2167 publicis
901 2109 1043 2150 usibus
1074 2124 1183 2149 nunc
1213 2108 1455 2165 impertirer,
1478 2108 1531 2148 ad
1561 2107 1681 2163 plura
1707 2117 1843 2147 autem

393 2194 444 2219 ex
465 2179 606 2219 eodem
637 2179 749 2219 fonte
780 2178 819 2217 in
852 2188 1063 2233 posterum
1092 2176 1330 2227 derivanda,
1351 2176 1413 2216 vel
1441 2176 1526 2231 ipse
1556 2190 1687 2216 meam
1721 2174 1845 2215 fidem

393 2247 705 2302 adstringerem,
728 2245 793 2285 vel
823 2244 911 2286 aliis
938 2244 989 2284 ad
1019 2244 1123 2284 hanc
1147 2244 1336 2299 Spartam
1359 2243 1583 2284 ornandam
1604 2241 1721 2297 quasi
1743 2241 1846 2296 digi-

394 2324 482 2355 tum
502 2314 769 2355 intenderem.

451 2381 669 2436 Reperitur
699 2389 836 2420 autem
868 2378 996 2419 codex
1027 2378 1094 2419 ille
1121 2378 1161 2418 in
1194 2393 1240 2418 ea
1270 2376 1629 2433 Guelpherbytani
1665 2376 1844 2417 thesauri

394 2458 524 2503 parte,
547 2463 641 2502 quae
663 2445 1049 2501 IVeissenburgicos
1076 2444 1214 2491 libros,
1237 2454 1396 2485 tantum
1428 2459 1508 2485 non
1536 2458 1676 2484 omnes
1696 2442 1845 2483 eximia

395 2524 598 2555 vetustate
624 2513 878 2569 conspicuos,
907 2512 1100 2561 continet,
1131 2511 1269 2566 ibique
1301 2511 1436 2552 locum
1466 2510 1737 2552 LXXXVI.
1768 2525 1842 2550 na-

394 2591 485 2622 ctus
505 2590 578 2622 est.
643 2581 830 2636 Scriptus
856 2580 896 2620 in
918 2578 1164 2620 membranis
1184 2579 1445 2634 octojugibus
1466 2594 1612 2634 parum
1634 2578 1771 2618 differt
1791 2578 1845 2617 ab

393 2665 441 2689 ea
460 2649 605 2699 forma,
626 2663 720 2703 quae
747 2658 980 2687 nostrorum
1008 2647 1323 2702 quaternionum
1357 2657 1427 2688 est.
1492 2648 1631 2696 Quum
1662 2646 1841 2701 primum

393 2717 597 2758 incidisset
627 2716 693 2756 hic
723 2715 826 2756 liber
855 2715 895 2754 in
925 2729 1070 2754 manus
1100 2729 1222 2764 meas,
1244 2714 1440 2754 continuo
1469 2713 1631 2753 incessit
1659 2712 1841 2752 animum

393 2784 546 2839 cupido
575 2783 744 2839 propius
774 2781 1012 2837 inspiciendi
1044 2792 1373 2831 monumentum,
1395 2781 1506 2836 quod
1543 2789 1702 2821 aetatem
1732 2778 1845 2819 mille

393 2851 552 2892 circiter
571 2865 770 2891 annorum
792 2848 965 2904 prodere
986 2848 1216 2899 videbatur,
1239 2864 1373 2904 neque
1400 2848 1523 2889 alium
1547 2847 1714 2888 titulum
1733 2861 1840 2902 prae-

395 2919 565 2968 ferebat,
586 2932 709 2973 quam
731 2916 856 2958 istum
879 2917 1290 2958 COMMENTUM
1322 2916 1502 2956 ARTIS
1535 2914 1781 2955 DONATI.
