1962 3355
139 193 244 226 CAP.
271 188 314 227 8.
457 178 542 226 De
564 179 721 242 specie
738 184 980 241 poematos
1004 179 1272 225 communis.
1491 185 1581 222 441

137 300 262 363 apud
299 300 557 356 Romanos,
586 309 879 364 praetextata,
904 298 1182 353 tabernaria,
1206 297 1466 354 zAtellana,
1488 297 1589 360 pla-

135 376 283 440 nipes.

200 453 449 516 Exegetici
487 454 557 500 vel
595 452 842 499 enarrativi
881 452 1060 516 species
1097 460 1208 498 sunt
1242 460 1350 507 tres,
1384 450 1626 512 zzangel-2

136 527 242 586 tice,
262 529 497 585 historice,
516 529 810 575 didascalice.
847 528 1097 591 Angeltice
1122 537 1206 582 est,
1226 543 1319 590 qua
1345 525 1589 572 sententiae

136 604 449 660 ascribuntur,
498 614 549 651 ut
593 614 663 651 est
702 604 996 667 Theognidis
1054 603 1187 658 liber,
1234 603 1347 649 item
1403 601 1590 649 bebriae.

138 680 380 727 Historice
415 690 499 736 est,
536 699 627 744 qua
664 681 953 726 narrationes
989 689 1036 726 et
1071 679 1358 743 genealogiae
1398 696 1592 742 compo-

138 765 328 814 nuntur,
363 767 416 803 ut
453 766 523 803 est
557 756 782 803 cHesiodi
820 762 1010 803 Γυναικῶν
1046 759 1286 818 κατάλογος,
1323 764 1369 802 et
1401 755 1590 801 Similia.

137 833 439 881 Didascalice
457 843 542 891 est,
561 851 654 896 qua
679 834 1098 898 comprehenditur
1121 833 1453 897 dphilosophia
1473 834 1593 879 Em-

136 911 346 974 pedoclis
393 920 468 957 eet
513 911 740 968 Lucretii,
789 911 903 957 item
963 909 1227 973 astrologia,
1271 918 1325 955 ut
1370 908 1594 969 Φαινὸμενα

135 987 269 1033 Arati
316 996 364 1033 et
406 986 663 1044 Ciceronis,
704 996 751 1033 et
792 987 1027 1050 Georgica
1061 985 1264 1048 Virgilii,
1304 984 1372 1030 fet
1416 984 1486 1030 his
1535 983 1593 1029 si-

138 1062 282 1109 milia.

235 1236 354 1283 CAP.
380 1236 520 1282 VIII.
582 1236 691 1282 &DE
717 1251 886 1282 SPECIE
914 1251 1176 1282 POEMATos
1202 1249 1489 1281 COMMUNlS.

203 1344 340 1386 Κοινοῧ
365 1340 434 1385 vel
461 1340 730 1387 communis
764 1349 1009 1404 poematos
1035 1340 1212 1403 species
1237 1338 1390 1402 prima
1415 1344 1485 1382 est
1513 1335 1594 1381 he-

136 1416 274 1469 roica,
312 1414 395 1461 hut
420 1425 490 1462 est
523 1416 699 1463 Iliados
733 1426 779 1463 ct
803 1417 1061 1463 AEneidos:
1098 1414 1323 1462 isecunda
1355 1413 1515 1477 lyrica,
1541 1420 1595 1458 ut

135 1500 206 1537 est
228 1491 502 1537 Archilochi
530 1501 578 1538 et
604 1492 809 1540 Horatii.

201 1568 332 1632 Epos
357 1568 530 1614 dicitur
555 1569 720 1615 Graece
756 1569 997 1615 iicarmine
1024 1569 1301 1614 hexametro
1326 1566 1591 1612 divinarum
1614 1586 1631 1607 2

136 1662 289 1690 rerum
330 1653 377 1691 et
417 1644 709 1691 heroicarum
751 1646 1164 1707 humanarumque
1205 1643 1593 1706 comprehensim

137 1721 263 1783 quod
300 1739 325 1767 a
362 1722 539 1768 Graecis
576 1722 639 1768 ita
673 1721 943 1767 idefinitum
982 1731 1078 1767 est:
1116 1719 1204 1771 ’ἔπος
1237 1719 1345 1765 ἐστὶν
1377 1718 1594 1780 ἐμπεριοχῆ

191 1947 208 1966 2
226 1939 403 1987 atellana]
430 1941 598 1976 abellana
618 1942 710 1977 Α.Β.
780 1947 817 1966 ΖΖ
839 1941 1020 1987 Angelicoe
1044 1938 1098 1985 (in
1117 1951 1231 1988 marg.
1253 1937 1298 1973 al.
1321 1938 1524 1985 angeltz'cce)
1548 1938 1590 1973 C.

138 2000 157 2019 a
176 1994 328 2029 morales
348 2007 423 2029 om.
446 1994 536 2029 ΒΕ.
559 1994 651 2030 Ven.
675 2002 759 2043 post
778 1995 993 2029 scribantur.
1151 1990 1172 2018 b
1193 1991 1281 2027 item
1303 1990 1477 2026 historice
1497 1992 1588 2038 qua]

136 2049 221 2082 item
240 2047 347 2082 chria?
367 2047 541 2082 historica>
561 2052 612 2082 est
631 2060 701 2094 qua.
722 2049 764 2083 A.
786 2048 869 2083 item
889 2048 988 2082 dirice
1009 2052 1079 2081 etc.
1102 2045 1146 2080 B.
1257 2051 1274 2070 ⁰
1295 2043 1449 2079 Hesiodi
1465 2044 1591 2079 Theo-

135 2098 265 2149 gonia]
290 2101 534 2146 Hesiodagine
554 2102 805 2147 concatatogos
820 2100 915 2136 A.B.
1007 2096 1027 2124 d
1048 2103 1086 2133 at
1107 2099 1189 2133 libri
1213 2098 1383 2132 Varronis
1403 2109 1478 2132 om.
1500 2097 1590 2132 AB.

136 2161 222 2202 post
252 2153 490 2200 philosophia.
631 2160 647 2178 e
678 2153 859 2200 Lucretii]
894 2158 929 2188 et
963 2152 1110 2187 Lucreti
1142 2151 1234 2187 AB.
1274 2155 1309 2185 et
1348 2150 1514 2186 Lucrecz'i
1547 2150 1590 2185 C.

136 2204 152 2232 f
178 2214 215 2242 et
248 2205 394 2241 similia.
425 2206 538 2252 κοινοῦ]
575 2211 608 2241 et
645 2207 697 2242 his
733 2207 875 2241 similia.
925 2207 986 2241 De
1018 2206 1131 2251 specie
1165 2208 1347 2251 poematos
1384 2204 1590 2238 communis.

139 2259 241 2306 Cyna
270 2260 325 2294 vel
354 2261 547 2294 communis
575 2260 618 2294 A.
781 2265 802 2293 g
833 2260 894 2294 De
919 2260 1031 2305 specie
1057 2262 1240 2304 poematos
1267 2257 1443 2291 communi
1470 2256 1592 2291 Cvnou

135 2314 191 2348 vel
211 2313 404 2348 commanis
420 2317 605 2359 poematos
625 2313 667 2347 Β.
690 2325 803 2359 cynon
824 2313 879 2348 vel
898 2314 1091 2347 communis
1106 2315 1291 2358 poematos
1312 2310 1355 2344 C.
1510 2306 1531 2334 h
1552 2316 1592 2345 ut

137 2364 291 2411 Iliados]
315 2370 355 2401 ut
376 2371 427 2401 est
449 2366 575 2401 Iliadis
593 2366 684 2400 AB.
705 2371 744 2400 ut
765 2370 814 2400 est
836 2366 972 2401 Iliados
992 2366 1035 2399 C.
1179 2361 1189 2388 i
1212 2362 1384 2399 Secunda
1403 2360 1529 2410 lyrica,
1552 2368 1593 2397 ut

137 2426 193 2454 est
211 2417 423 2454 Archilochi
446 2426 483 2453 et
504 2417 665 2454 Horatii.
713 2419 818 2467 Epos
846 2418 980 2454 dicitur
1000 2417 1129 2452 Graeee
1149 2428 1296 2451 carmen
1327 2415 1587 2462 hexametron]

139 2471 310 2506 Secandoe
339 2472 433 2506 liaca
456 2500 464 2507 .
487 2499 494 2506 .
519 2499 526 2506 .
549 2473 698 2507 oratius.
729 2476 912 2519 poematos
934 2471 1160 2506 characteres
1184 2474 1268 2504 sant
1296 2472 1479 2516 quattuor.
1510 2479 1592 2515 epos

136 2525 269 2559 dicitur
285 2536 400 2570 graece
419 2526 575 2559 carmine
596 2525 800 2560 hexametro
819 2525 862 2560 A.
891 2525 1048 2560 secunda
1068 2524 1183 2558 etia-ca
1203 2527 1243 2558 ut
1263 2527 1313 2557 est
1329 2521 1538 2557 Archilochi
1558 2525 1592 2555 et

137 2578 288 2612 oratius.
314 2581 501 2623 poematos
521 2582 719 2613 caracteres
737 2582 821 2613 szmt
840 2582 1007 2625 quatuor.
1041 2577 1136 2623 Epos
1151 2577 1284 2611 dicitur
1298 2582 1368 2611 etc..
1392 2602 1399 2609 .
1424 2602 1432 2609 .
1453 2580 1491 2609 et
1510 2585 1590 2621 quae

138 2637 344 2678 sequuntur
372 2628 510 2665 lineola
538 2637 725 2666 tranversa
750 2630 871 2666 deleta
900 2637 1002 2671 sunt,
1025 2641 1140 2678 usque
1168 2628 1214 2664 ad
1243 2626 1320 2664 viii.
1343 2636 1378 2675 5,
1401 2628 1592 2662 Poematos

137 2684 365 2719 characteres
384 2689 454 2717 etc.
473 2682 517 2717 B.
548 2687 582 2716 et
602 2684 723 2724 oratii,
751 2689 935 2729 poematos
957 2684 1182 2721 characteres
1208 2686 1290 2717 sunt
1311 2685 1479 2728 quatuor.
1510 2690 1592 2725 epos

138 2737 271 2771 dicitur
301 2736 345 2770 C.
368 2735 464 2771 Ven.
625 2732 648 2760 ii
664 2747 813 2771 carmen
839 2735 1098 2782 hexametron]
1129 2736 1287 2770 carmine
1312 2734 1517 2768 hexametro
1545 2731 1588 2765 B.

133 2786 146 2822 j
167 2787 364 2825 diffinitum
386 2795 443 2823 est
461 2787 588 2835 περιοχὴ
610 2787 695 2822 θείων
713 2788 768 2822 καὶ
788 2788 921 2835 ἡρωικῶν
939 2790 994 2823 καὶ
1014 2788 1069 2834 ἀ.]
1091 2788 1275 2835 diffinitam
1290 2791 1354 2821 est.
1377 2796 1458 2831 epos
1477 2787 1528 2818 est
1547 2794 1590 2818 en

135 2842 302 2889 perioche
331 2841 429 2876 thiort
454 2845 487 2876 te
512 2852 549 2875 ce
577 2841 740 2875 heroicon
761 2852 798 2876 ce
818 2853 841 2875 a
861 2839 911 2875 A.
943 2852 1024 2887 epos
1052 2845 1102 2875 est
1133 2839 1390 2886 henperiochae
1415 2837 1590 2871 thiontece

140 2895 303 2930 heroicon
323 2894 370 2930 B.
400 2905 483 2940 epos
502 2898 552 2928 est
570 2893 789 2939 emperioche
809 2893 978 2928 thiontice
997 2893 1040 2928 C.

823 2963 905 3000 31.
