1962 3355
357 163 452 211 462
961 169 1213 216 Diomedis
1608 186 1704 217 LIB.
1730 186 1806 217 111.

320 284 559 330 zresoluta
594 284 694 346 ejus
736 286 992 349 posteriore
1029 298 1175 351 parte,
1203 287 1462 352 dactylum.
1533 288 1625 334 Sed
1667 307 1808 352 spon-

355 360 469 406 deus
505 371 735 425 perpetuo
772 362 818 408 in
852 364 946 409 fine
981 364 1187 426 ponitur,
1223 363 1356 424 cujus
1389 364 1492 409 loco
1526 364 1808 427 plerumque

355 437 588 483 trochaeus
625 437 875 493 invenitur,
901 451 953 486 ea
991 440 1185 495 ratione,
1210 439 1320 501 quia
1352 438 1719 486 findifferentem
1759 441 1807 487 in

354 514 580 560 omnibus
607 515 768 560 metris
800 526 1091 579 postremam
1123 515 1352 577 syllabam
1381 525 1558 561 veteres
1583 534 1683 562 esse
1708 534 1808 563 cre-

355 589 588 636 diderunt.
673 590 742 636 Hi
780 591 923 653 igitur
954 590 1096 654 pedes
1138 591 1329 653 syllabis
1369 592 1588 655 impares,
1624 602 1807 657 tempo-

354 666 484 712 ribus
542 666 759 728 aequaleS,
807 682 888 711 sex
946 666 1217 729 regionibus
1274 667 1530 726 distributi,
1578 680 1806 732 quaterna

353 751 569 805 tempora
601 759 685 788 sua
720 741 989 788 scandendo
1021 743 1291 806 partienteS‚
1317 754 1540 807 quattuor
1569 755 1616 792 et
1639 746 1806 810 viginti

355 819 664 881 temporibUS,
707 819 842 865 metri
891 820 1036 866 totius
1085 821 1179 867 sive
1221 827 1412 865 gtomas
1453 820 1523 865 vel
1568 828 1806 866 commata

355 895 451 940 sive
488 895 605 951 cola,
630 912 737 956 quae
774 895 947 942 Latine
984 897 1232 954 sectiones,
1269 895 1463 952 hincisa,
1494 896 1708 941 membra
1737 895 1806 941 di-

315 992 334 1020 3
356 979 541 1026 cuntur,
568 971 775 1033 perfecta
812 970 1215 1020 iconformatione
1250 972 1554 1019 concludunt.
1632 972 1807 1018 Obser-

355 1055 489 1091 vatur
527 1055 701 1104 autem,
737 1065 794 1093 ne
832 1048 1029 1095 ultimus
1064 1067 1146 1113 pes
1181 1048 1239 1095 sit
1277 1049 1562 1111 trisyllabuS‚
1598 1049 1807 1112 exceptis

353 1122 568 1186 pauculis
626 1123 851 1181 versibus,
897 1126 977 1187 qui
1033 1126 1261 1188 ὑπέρμετροι
1320 1124 1557 1182 dicuntur,
1604 1143 1806 1188 quorum

354 1198 693 1246 abundantiam
738 1201 984 1265 excipiunt
1020 1202 1069 1248 hi
1114 1220 1270 1248 versus
1308 1202 1388 1265 qui
1425 1214 1700 1265 sequuntur,
1737 1203 1807 1249 in-

355 1275 583 1338 cipientes
621 1275 681 1322 ka
719 1277 1017 1341 synaloepha,
1044 1278 1223 1324 ratione
1260 1279 1534 1342 rhythmica
1569 1278 1707 1336 facta,
1733 1297 1809 1325 eo-

356 1368 448 1413 que
472 1350 619 1398 ¹facto
644 1353 832 1410 vitium,
850 1354 976 1417 quod
1002 1365 1100 1401 erat
1127 1356 1172 1401 in
1198 1357 1291 1401 fine
1317 1373 1492 1410 versus,
1517 1355 1808 1402 continuatio

353 1428 595 1490 sequentis
622 1429 855 1476 emendat.

532 1570 650 1615 CAP.
670 1570 818 1616 XIII.
856 1570 938 1616 DE
964 1586 1164 1617 NOMINE
1191 1588 1377 1619 VERSUS
1404 1588 1631 1619 HEROICI.

422 1666 597 1713 Versus
637 1668 852 1714 heroicus
890 1670 1098 1715 senarius
1137 1670 1329 1716 diversis
1366 1670 1606 1716 vocabulis
1649 1670 1810 1733 appel-

356 1743 492 1788 latur.
570 1743 706 1790 Idem
748 1744 876 1790 enim
919 1755 966 1791 et
1009 1746 1281 1793 hexameter
1322 1747 1440 1792 mvel
1483 1746 1698 1809 Pythius,
1735 1747 1808 1792 vel

356 1819 552 1883 Epicus‚
591 1822 661 1867 vel
703 1821 973 1885 nPriapeus‚
1015 1833 1061 1869 et
1104 1823 1358 1869 Bucolicus
1400 1834 1619 1877 vocatur;
1670 1841 1810 1887 super

355 1914 470 1959 quas
507 1898 846 1960 appellationes
881 1898 1023 1944 etiam
1062 1899 1233 1945 Latine
1272 1899 1439 1962 longus
1476 1910 1662 1946 0versus
1694 1899 1810 1946 dici-

355 1982 444 2019 tur.
516 1973 710 2020 Heroici
750 1975 892 2037 igitur
927 1984 1051 2031 sunt,
1078 1976 1294 2039 quotiens
1320 1976 1366 2022 in
1393 1977 1547 2040 primo
1573 1976 1807 2040 spondeus

355 2059 442 2106 est,
468 2059 515 2097 et
547 2050 592 2096 in
619 2052 803 2109 Ptertio,
828 2061 874 2097 et
907 2052 953 2097 in
987 2062 1135 2098 sexto.
1207 2052 1469 2099 Heroicum
1508 2063 1667 2099 autem
1702 2070 1810 2117 pro-

354 2135 515 2190 pterea
561 2127 746 2183 dicitur,
787 2128 914 2190 quod
956 2129 1161 2176 virorum
1210 2130 1402 2176 fortium
1452 2148 1522 2176 res
1563 2139 1716 2193 gestas
1755 2148 1808 2177 ac

355 2204 480 2251 facta
514 2215 873 2252 commemoret.
944 2205 1295 2252 Hexametrum
1332 2223 1539 2267 quoque,
1564 2205 1691 2267 quod
1727 2221 1807 2250 sex

355 2281 627 2344 regionibus
665 2282 928 2346 spondeum
961 2292 1008 2329 et
1032 2282 1272 2346 dactylum
1306 2282 1449 2345 pedes
1474 2281 1668 2328 diversis
1706 2298 1806 2326 mo-

352 2354 427 2401 dis
453 2356 806 2419 rationibusque
829 2367 1115 2404 qconservet.

410 2508 425 2535 f
443 2510 685 2557 indifferenter
705 2510 800 2545 Ven.
1004 2517 1025 2545 g
1045 2512 1184 2558 tomas]
1209 2512 1346 2547 thomos
1364 2512 1408 2547 A.
1431 2517 1542 2547 tomos
1562 2512 1606 2547 Β.
1629 2523 1742 2547 comes
1762 2511 1807 2549 C.

355 2561 377 2588 h
398 2563 453 2599 vel
472 2561 590 2598 incisa
608 2562 680 2610 vel]
704 2564 760 2599 vel
779 2563 836 2598 bis
857 2575 932 2599 om.
952 2564 1046 2599 AB.
1237 2562 1247 2589 i
1268 2564 1571 2611 confirmatione]
1602 2565 1807 2613 conforma-

358 2618 452 2651 tione
471 2616 613 2652 A.B.C.
776 2613 797 2641 k
818 2628 838 2651 a
857 2616 975 2652 vocali
995 2616 1247 2666 synaloephae]
1273 2631 1295 2653 a
1314 2618 1490 2666 sinalyfen
1512 2618 1556 2654 A.
1579 2631 1601 2653 α
1619 2619 1808 2666 sinalyphe

357 2670 399 2705 C.
420 2682 444 2705 a
462 2669 659 2716 synaliphae
678 2668 774 2705 Ven.
796 2670 910 2704 vocali
929 2682 988 2705 orn
1011 2670 1059 2706 Β,
1161 2669 1172 2698 l
1192 2670 1351 2718 factum]
1364 2671 1474 2720 facto
1493 2672 1636 2707 A.B.C.
1720 2679 1750 2697 m
1770 2679 1808 2707 et

357 2722 524 2772 pythius]
547 2722 604 2759 vel
618 2722 765 2769 pythius
782 2723 876 2760 ΑΒ.
1036 2731 1055 2749 n
1078 2724 1265 2773 proprius]
1286 2727 1457 2772 priapeus
1475 2725 1616 2761 A.B.C.
1632 2725 1808 2772 pirichius

357 2776 452 2813 Ven.
478 2777 541 2824 qui
561 2787 646 2812 mox
669 2776 837 2811 bucolius.
1013 2782 1030 2802 0
1051 2778 1194 2825 versus]
1217 2790 1279 2825 pes
1297 2778 1436 2814 A.B.C.
1460 2778 1552 2814 Ven.
1574 2790 1610 2813 v.
1633 2777 1805 2814 Ciceron.

356 2828 474 2879 Legg.
496 2829 546 2866 II.
568 2840 627 2875 27.
712 2835 731 2863 P
751 2830 898 2877 quarto]
926 2831 1030 2864 tertio
1050 2830 1190 2866 A.B.C.
1234 2831 1325 2866 Mox
1348 2832 1508 2867 heroicus
1527 2830 1592 2868 iid.
1676 2838 1695 2865 q
1715 2843 1806 2867 con-

356 2883 491 2929 servet]
517 2889 702 2918 conservat
722 2882 812 2918 A.C.
830 2882 923 2918 Ven.
955 2882 1059 2918 Malo
1073 2885 1313 2919 diversimodz's
1333 2886 1532 2921 rationibus
1547 2889 1726 2920 conservet
1746 2885 1805 2920 Sc.
