1962 3355
153 177 213 207 CA
223 177 261 207 Ρ.
283 171 326 208 8.
470 162 552 208 De
573 161 727 223 specie
743 167 990 222 poematos
1013 160 1285 206 communis.
1508 167 1600 205 443

152 282 660 346 xcomprehendantur,
699 282 769 327 vel
809 281 934 343 quod
973 281 1085 326 olim
1133 289 1318 343 Ypartes
1357 279 1606 326 Homerici

153 360 376 406 carminis
413 360 457 405 in
495 358 803 406 theatralibus
835 357 1020 404 circulis
1060 375 1168 403 cum
1211 357 1393 413 baculo,
1428 356 1500 401 Zid
1538 366 1608 402 est

152 435 297 498 virga,
336 436 719 500 pronuntiabant,
763 434 842 497 qui
890 435 948 480 ab
992 433 1160 479 eodem
1204 433 1421 478 Homero
1466 432 1606 478 adicti

155 521 265 557 sunt
293 512 592 558 Homeristae.

221 588 472 634 Poematos
497 588 789 634 characteres
824 595 935 633 sunt
967 585 1032 642 hi,
1059 584 1225 648 μακρὸς,
1261 584 1438 648 βραχὺς,
1472 585 1610 645 μέσος,
1631 612 1648 643 5

155 663 326 726 ἀνθηρός.
375 663 572 727 1’Μοικρὸς
597 674 680 719 est,
706 672 758 709 ut
782 662 905 725 apud
931 662 1185 725 Virgilium
1212 679 1321 707 cum
1349 661 1612 707 narratione

157 739 413 796 character,
441 749 493 786 ut
525 740 571 786 in
610 739 863 786 undecimo
890 739 970 785 ubi
1003 739 1060 784 de
1085 738 1290 785 Camilla
1313 738 1425 785 facit
1460 755 1615 784 narra-

158 815 338 861 tionem
366 815 448 870 sic,

331 892 488 932 Pulsus
507 893 554 932 ob
574 893 778 933 invidiam
799 901 955 949 Creng
976 894 1164 948 viresque
1182 892 1396 948 superbas.

158 966 259 1011 Aut
282 974 335 1011 ut
363 984 410 1011 se
437 966 614 1012 habent
638 967 830 1013 secundi
857 976 904 1013 et
931 967 1054 1013 tertii
1091 967 1213 1012 libri.
1284 966 1448 1029 Βραχὺς
1471 974 1541 1011 est
1568 973 1617 1010 ut

161 1041 207 1086 in
234 1041 417 1103 quinto,
441 1042 521 1088 ubi
549 1042 607 1088 de
633 1043 914 1107 Ganymede
939 1043 1135 1089 strictim
1163 1051 1318 1089 narrat
1342 1042 1434 1088 sic:

282 1118 432 1157 Victori
453 1118 704 1174 chlamydem
724 1126 936 1168 auratam,
957 1119 1109 1174 dquam
1122 1119 1313 1174 plurima
1333 1120 1488 1158 circum

275 1185 481 1240 Purpura
503 1187 738 1226 emaeamlro
757 1187 914 1242 duplici
935 1186 1129 1226 Meliboea
1149 1187 1350 1234 cucurrit,

275 1253 547 1307 Intea‘tusque
564 1266 672 1307 puer
674 1254 891 1308 frondosa
914 1255 1060 1308 regius
1082 1253 1163 1292 Ida

285 1319 436 1358 Veloces
443 1319 593 1373 jaculo
614 1319 773 1360 fcervos
793 1334 998 1376 cursuque
1000 1321 1188 1376 fatigat.

164 1399 305 1448 Μέσος
329 1406 414 1451 est,
442 1408 492 1443 ut
517 1398 565 1443 in
590 1398 760 1461 primo,

277 1474 330 1513 H
329 1474 397 1513 uic
416 1482 436 1511 g
443 1475 628 1528 coujuuoe
649 1474 837 1515 Sichaeus
858 1480 948 1514 erat
967 1475 1200 1515 ditissimus
1221 1476 1323 1530 agri

278 1541 536 1590 Phoenicum,
554 1547 591 1582 ct
611 1556 767 1598 magno
787 1544 950 1583 mz‘serae
970 1543 1141 1583 dilectus
1161 1556 1313 1583 auwre.

165 1620 255 1667 Est
279 1621 405 1666 enim
433 1621 662 1684 castigata
687 1622 902 1676 narratio,
936 1621 1002 1667 sic
1033 1630 1195 1667 tamen
1234 1630 1284 1667 ut
1308 1621 1468 1667 onmia
1493 1638 1624 1667 coni-

169 1697 309 1761 plexa
335 1697 408 1743 sit.

233 1773 428 1837 Ἀνθηρός,
455 1783 508 1820 ut
537 1775 585 1821 in
619 1775 837 1839 septimo,
864 1775 943 1820 ubi
977 1775 1302 1820 amoenitatem
1341 1773 1433 1820 luci
1460 1791 1511 1819 ac
1540 1774 1625 1818 flu-
1643 1787 1662 1818 6

170 1850 311 1896 minis
336 1850 645 1897 describendo
670 1850 782 1896 facit
806 1851 1118 1896 narrationem
1147 1850 1237 1897 sic:

282 1928 335 1966 H
336 1942 415 1967 uuc
435 1929 694 1983 iuter-fluvio
722 1928 961 1983 Tyberinus
981 1942 1141 1967 amec-no

285 1994 304 2021 h
318 1995 543 2035 Vorticibus
567 1995 731 2049 rapidis
751 2001 789 2035 et
809 1995 940 2035 multa
944 1996 1096 2050 flavus
1116 2009 1247 2035 arena

285 2064 340 2102 Iu
361 2077 476 2102 mare
492 2064 760 2118 prorumpit;
796 2064 927 2103 varice
946 2064 1179 2119 circumque
1199 2076 1408 2118 supraque

285 2130 473 2170 Asszwtce
494 2131 602 2186 ripis
624 2130 805 2170 volucres
827 2132 1070 2187 affaminis
1091 2130 1223 2171 ialveo

288 2198 466 2237 *Etlzera
487 2199 717 2239 mulcebant
736 2205 875 2249 cautu,
897 2200 1064 2255 lucoque
1085 2199 1292 2240 volabant.

227 2362 246 2380 X
286 2355 668 2404 comprehendantur]
706 2357 980 2404 prehendantur
1011 2358 1054 2392 C.
1218 2364 1236 2390 Y
1270 2355 1409 2404 partes]
1451 2368 1557 2403 pares
1587 2357 1631 2391 A.

172 2413 295 2455 patres
315 2409 357 2443 C.
468 2415 485 2433 Ζ
505 2408 541 2444 id
562 2410 637 2456 est]
664 2411 754 2446 idem
776 2411 819 2446 C.
931 2417 950 2436 ὃ
970 2409 1059 2446 dicti
1080 2411 1184 2456 sunt]
1204 2411 1290 2445 dica·
1311 2409 1401 2445 AB.
1512 2407 1531 2434 b
1553 2414 1633 2444 Μα-

175 2462 241 2508 κρὲς
260 2461 375 2503 enim,
398 2468 437 2496 ut
457 2462 552 2509 apud
574 2463 684 2512 Verg.
706 2476 790 2499 cum
819 2462 856 2499 in
879 2462 1078 2499 undecimo
1099 2463 1144 2499 de
1166 2463 1338 2509 Metabo]
1363 2474 1502 2498 macros
1522 2467 1579 2498 est,
1593 2466 1634 2497 at

177 2514 275 2560 apud
300 2513 490 2559 Virgilium
518 2518 728 2551 narratione
758 2517 948 2553 character
971 2522 1011 2552 ut
1043 2519 1078 2552 ἰη
1112 2518 1293 2552 undecimo
1320 2517 1380 2552 ubl
1408 2517 1452 2551 de
1479 2516 1635 2551 Camilla

177 2567 272 2602 AB.
294 2567 439 2601 Macros
459 2572 509 2602 est
529 2571 627 2614 apud
648 2570 833 2616 Virgilium
857 2572 892 2605 in
908 2571 979 2605 XI.
997 2570 1057 2605 ubi
1077 2571 1120 2605 de
1143 2571 1297 2605 Camilla
1314 2570 1355 2605 C.
1389 2569 1536 2604 Macros
1556 2580 1634 2604 cum

176 2620 425 2666 -Vz'rgilium
447 2621 481 2654 in
501 2622 636 2656 decimo
655 2624 698 2657 de
720 2623 877 2658 Camilla
897 2624 994 2659 Ven.
1115 2630 1131 2649 c
1160 2623 1310 2673 regnos]
1343 2635 1455 2669 regno
1483 2627 1565 2657 sunt
1590 2621 1632 2656 B.

178 2670 197 2698 d
218 2685 295 2720 quae
310 2674 471 2719 plurima
492 2674 535 2709 C.
620 2680 636 2699 e
655 2675 849 2711 Maeandro
870 2689 945 2712 oni.
967 2676 1059 2712 AB.
1093 2677 1306 2712 Maenamlro
1329 2676 1420 2712 Ven.
1522 2672 1537 2699 f
1554 2686 1634 2710 cer--

180 2739 255 2761 vos.
277 2726 401 2772 Μέσος]
434 2738 552 2761 cervos
571 2727 647 2775 ⁶·f·
677 2740 787 2763 mesos
806 2729 900 2765 A.B.
928 2730 951 2764 i.
975 2742 1007 2765 e.
1036 2742 1212 2777 (ursaque
1228 2729 1387 2777 fatigat.
1533 2733 1555 2760 g
1576 2725 1635 2761 Si-

180 2779 303 2815 chaeus
333 2780 428 2825 erat]
463 2779 609 2814 sichaeus
635 2786 727 2816 crat.
759 2782 794 2816 d.
828 2783 979 2828 apemcla
1008 2782 1051 2818 A.
1087 2788 1165 2818 erat
1189 2784 1225 2819 d.
1248 2796 1281 2817 a.
1299 2795 1338 2829 p.
1361 2794 1389 2816 e.
1411 2793 1458 2816 m.
1480 2781 1513 2814 cl.
1538 2784 1562 2814 t.
1589 2779 1633 2814 B.

180 2830 201 2858 ¹¹
222 2831 439 2879 vorticibus]
464 2833 651 2867 verticibus
670 2833 811 2869 A.B.C.
975 2832 985 2859 i
1015 2835 1137 2882 alveo]
1161 2838 1263 2871 alveo
1283 2835 1405 2869 ethera
1434 2833 1637 2868 mulcebant

182 2890 291 2921 cantu
313 2887 462 2933 lucoque
486 2886 679 2933 (loquoqae
699 2887 745 2923 B.
773 2888 919 2934 locoque
939 2888 1001 2933 C.)
1025 2889 1207 2924 volabant.
1229 2888 1368 2924 ΑΒΕ.

851 2956 988 2994 3L2
