1962 3355
150 214 256 244 CAP.
277 208 320 244 2.
583 196 664 242 De
688 194 870 242 Metris
899 195 1176 242 Orator-um.
1511 205 1604 243 403

148 326 176 345 “
203 318 405 375 cadenti,
427 335 521 380 quo
541 317 644 363 loco
671 316 788 362 mihi
815 315 1000 363 videtur
1019 316 1170 375 aptior
1187 317 1402 363 creticus.
1439 317 1605 363 Doch-

148 403 176 421 “
204 396 327 441 mius
369 402 526 440 autem
570 411 594 438 e
635 393 847 455 quinque
890 392 1098 455 syllabis,
1142 392 1267 438 brevi
1309 401 1356 438 et
1397 391 1602 438 Sduabus

148 476 175 495 ‘⁴
202 470 370 533 longis,
396 471 524 514 brevi
559 478 606 514 et
637 469 795 531 longa,
830 467 920 513 boc
953 476 1023 512 est
1055 468 1231 513 amicos
1268 474 1411 524 tenes,
1434 468 1601 530 quovis

148 553 174 571 “
202 546 305 592 loco
331 555 467 609 aptus
493 545 599 591 est.''

212 621 370 666 tIdem
406 621 572 667 Cicero
604 620 662 666 de
695 619 896 684 pedibus
929 629 976 666 et
1008 619 1254 667 structuris
1295 620 1386 665 sic:
1425 627 1452 645 “
1474 620 1601 665 Iam-
1619 632 1657 664 45

146 702 173 722 ‘⁶
200 697 286 741 bus
322 697 448 742 enim
486 696 893 759 frequentissimus
933 705 1003 741 est
1043 696 1088 741 in
1132 696 1212 750 θὶς,
1252 713 1356 757 quae
1395 695 1600 740 demisso

146 779 174 797 “
201 781 341 834 atque
380 773 550 818 humili
588 789 801 818 sermone
839 771 1086 817 dicuntur:
1137 790 1273 834 paean
1320 780 1507 816 vautem
1551 770 1598 816 in

145 854 173 873 “
202 849 527 912 amplioribus,
565 850 610 893 in
650 856 848 910 utroque
882 847 1111 910 dactylus
1182 848 1351 909 Itaque
1392 847 1440 892 in
1475 846 1600 891 varia

146 930 174 949 “
200 934 247 970 et
281 934 510 988 perpetua
549 925 757 970 oratione
796 923 843 970 hi
887 932 997 968 sunt
1040 923 1162 968 inter
1198 941 1245 969 se
1282 922 1513 969 miscendi
1553 932 1600 968 et

148 1006 176 1026 “
201 1000 538 1064 temperandi.”

208 1077 420 1122 WCicero
444 1076 500 1122 ad
534 1075 866 1122 XHerennium
893 1075 940 1121 in
968 1084 1064 1120 arte
1088 1074 1321 1121 rhetorica
1354 1074 1412 1120 de
1448 1092 1599 1120 mem-
1617 1087 1659 1125 46

145 1154 242 1208 br0,
267 1153 312 1199 id
339 1162 410 1199 est
434 1152 550 1217 Υπερὶ
574 1153 711 1207 κώλου,
737 1160 764 1178 “
785 1152 1008 1198 Blembra
1033 1151 1256 1196 orationis
1283 1151 1491 1215 appellat
1526 1170 1597 1197 res

143 1235 170 1254 “
198 1229 399 1275 breviter
424 1230 676 1284 absolutas,
695 1229 795 1274 sine
819 1228 964 1273 totius
984 1226 1386 1273 demonstratione
1413 1237 1600 1274 senten-

142 1311 170 1330 “
195 1305 286 1360 tiae,
329 1323 419 1367 qua
453 1305 634 1350 Zdenuo
673 1304 763 1350 alio
801 1303 1017 1349 membro
1055 1303 1278 1348 orationis
1319 1304 1598 1367 excipiatur,

142 1388 169 1406 “
197 1381 286 1427 hoc
322 1390 476 1444 pacto,
503 1381 572 1427 Et
600 1381 788 1427 inimico
806 1379 1054 1442 proderas,
1091 1379 1137 1425 id
1179 1389 1249 1426 est
1289 1398 1435 1426 unum
1471 1382 1598 1444 quod

141 1457 489 1521 “appellamus
539 1458 825 1502 membrum.
917 1455 1107 1501 Deinde
1159 1455 1250 1501 hoc
1297 1457 1600 1520 aexcipiatur

140 1540 168 1559 “
194 1542 379 1596 oportet
420 1534 581 1590 altero,
630 1532 698 1579 Et
734 1534 939 1579 amicum
981 1532 1201 1579 lcedebas.
1286 1534 1363 1580 Ex
1411 1534 1597 1581 duobus

140 1616 168 1635 “
194 1610 422 1655 membris
448 1609 549 1656 haec
574 1610 817 1656 exornatio
843 1618 998 1673 potest
1022 1619 1250 1656 constare.
1310 1610 1403 1656 Sed
1440 1610 1598 1657 bcom-

141 1691 169 1710 “
197 1685 470 1731 modissima
506 1695 552 1731 et
589 1685 936 1732 absolutissima
969 1694 1040 1732 est
1070 1694 1200 1748 cquae
1226 1704 1283 1732 ex
1311 1687 1459 1733 tribus
1486 1706 1598 1734 con-

141 1767 169 1786 “
196 1770 301 1817 stat,
336 1760 458 1808 dhoc
495 1771 650 1825 pacto,
688 1762 762 1808 Et
802 1762 989 1808 ‘inimico
1020 1762 1270 1824 proderem,
1307 1769 1353 1808 et
1391 1764 1595 1810 amicum

141 1844 169 1862 “
196 1836 414 1894 loecleba3‚
452 1845 497 1884 et
539 1838 625 1884 tibi
665 1855 758 1884 non
793 1838 1081 1884 consulebas
1170 1839 1310 1895 Item,
1336 1839 1442 1885 ZVee
1476 1841 1593 1902 reip.

141 1920 169 1939 ‘⁶
196 1914 490 1969 consuluisti,
527 1930 611 1961 nec
636 1915 799 1960 amieis
825 1913 1073 1976 profudi-sti,
1098 1930 1181 1959 nec
1217 1915 1421 1962 inimicis
1455 1918 1596 1964 resti-

140 1997 168 2015 “
194 1991 335 2036 tacti?

193 2129 207 2148 s
228 2131 265 2159 et
284 2123 443 2170 duabus]
466 2130 504 2159 θῖ
523 2136 598 2158 om.
619 2124 716 2159 Ven.
736 2123 820 2159 Ald.
841 2131 878 2159 et
900 2137 997 2160 mox.
1134 2125 1146 2149 ¹2
1161 2124 1265 2159 Orat.
1286 2137 1318 2160 c.
1340 2125 1402 2172 58.
1432 2125 1593 2161 Idem—

138 2173 188 2211 sic
209 2189 286 2213 om.
308 2178 403 2213 Ven.
488 2182 508 2201 V
527 2183 649 2212 autem
672 2176 729 2224 in]
756 2184 878 2212 autem
902 2189 1014 2212 manu
1035 2174 1072 2210 in
1094 2177 1189 2213 Ven.
1272 2184 1300 2202 W
1321 2178 1470 2225 Cicero]
1496 2179 1592 2215 Item

139 2227 271 2266 Cicero
293 2230 386 2267 Ven.
523 2236 544 2254 x
564 2229 818 2275 Herennium]
840 2230 924 2266 Lib.
947 2230 1014 2266 lv.
1036 2240 1068 2264 c.
1091 2241 1147 2278 19.
1277 2236 1293 2260 Υ
1312 2232 1379 2279 περὶ
1399 2234 1497 2267 κώλου
1516 2244 1592 2267 om.

136 2281 232 2318 Ven.
385 2290 399 2305 Ζ
420 2281 561 2328 denuo]
585 2283 630 2318 de
651 2295 746 2318 novo
768 2283 862 2318 Ven.
1014 2290 1033 2309 a
1053 2282 1272 2332 excipiatur]
1299 2283 1478 2333 excipitur
1498 2285 1592 2320 Ven.

135 2331 156 2360 b
177 2335 827 2384 commodissima-—absolutissima]
852 2335 1484 2373 commodissime—absolutissime
1498 2338 1592 2374 Ven.

137 2397 223 2440 post
242 2390 279 2427 h.
296 2403 329 2426 v.
351 2389 494 2425 lacuna.
603 2395 620 2415 c
640 2389 737 2438 quae]
760 2391 822 2438 qui
846 2389 939 2425 Ven.
1050 2387 1069 2415 d
1089 2390 1160 2426 hoc
1182 2390 1276 2426 Ven.
1298 2398 1384 2440 post
1402 2398 1527 2440 pacto.

800 2964 827 3000 3
861 2966 935 3002 F2
