1962 3355
160 191 266 224 cAP.
289 187 360 225 15.
552 178 632 225 De
634 176 830 242 figuris
852 194 1019 224 versus
1043 178 1235 224 heroici.
1515 176 1607 224 465

159 316 298 363 supra
330 301 714 355 memoravimus,
740 300 908 356 clarus,
933 308 979 345 et
1004 299 1085 361 qui
1112 298 1227 344 adeo
1254 298 1387 361 mipsi
1411 297 1611 360 Virgilio

158 375 351 438 placuit,
376 386 427 421 ut
460 376 589 421 nullo
621 375 859 421 inmutato
890 375 1127 421 elemento
1152 374 1337 420 duobus
1367 383 1506 421 neum
1535 392 1612 420 vo-

159 451 420 498 luminibus
446 469 619 515 ponere
642 451 903 498 delectatus
930 451 1005 509 sit,

333 539 539 579 Oceanum
559 539 718 579 interea
737 553 920 595 surgens
937 539 1107 580 Aurora
1128 539 1334 595 oreliquit.

157 625 509 672 Animadvertis
552 626 694 691 pedes
731 627 942 690 singulos
980 627 1044 674 ita
1080 645 1181 673 esse
1214 626 1472 674 scansionis
1508 628 1612 690 lege

153 701 341 757 divisos,
366 711 418 748 ut
454 707 615 749 eorum
655 703 812 750 nullus
851 712 1033 768 partem
1072 703 1297 749 orationis
1323 703 1610 760 Pincluserit,

156 777 243 824 nisi
272 778 568 836 novissimus,
594 797 735 841 quem
764 781 918 826 finalis
944 781 1195 827 necessitas
1222 780 1363 844 cogit.

356 938 475 984 CAP.
495 938 605 985 XV.
643 939 723 986 DE
749 954 952 985 Flemus
976 955 1164 986 VERSUS
1192 955 1418 986 HEROICI.

220 1041 395 1088 Versus
434 1042 647 1089 heroicus
681 1042 847 1106 recipit
871 1043 1045 1105 figuras
1081 1043 1276 1106 triginta
1312 1043 1443 1089 duas.
1513 1043 1610 1088 Aut

154 1117 279 1163 enim
317 1135 374 1164 ex
413 1119 635 1165 omnibus
672 1119 894 1183 spondeis
927 1119 1030 1175 erit,
1055 1127 1103 1165 et
1135 1120 1225 1165 (ἰοὶ)
1264 1119 1352 1166 hoc
1389 1119 1610 1183 spondai-

154 1211 241 1240 zon
269 1193 455 1251 dicitur,
479 1195 586 1256 rqui
612 1195 688 1241 vix
717 1195 840 1258 apud
862 1194 1059 1241 Latinos
1086 1195 1337 1252 invenitur,
1357 1213 1460 1241 raro
1485 1195 1610 1258 apud

154 1271 346 1317 Graecos
383 1279 466 1324 est,
504 1279 550 1315 et
585 1271 672 1316 erit
715 1269 985 1331 hujusmodi
1017 1288 1176 1317 versus
1214 1272 1611 1318 Smonoschema-

153 1346 305 1402 tistus‚
330 1346 377 1391 id
403 1354 473 1391 est
498 1345 639 1391 unius
666 1347 844 1408 figurae,
870 1348 948 1392 ¹⁵ut
973 1346 1008 1392 si
1035 1346 1194 1403 facias,

323 1429 410 1468 Aut
428 1428 534 1468 leves
554 1428 718 1468 lamnas
737 1428 845 1468 lento
865 1427 1023 1469 ducunt
1042 1435 1234 1484 argento.

215 1512 315 1558 Aut
348 1511 383 1557 si
420 1520 584 1557 auctus
621 1528 821 1556 numero
847 1511 1059 1574 quinque
1096 1513 1385 1576 syllabarum
1411 1521 1606 1560 Vomnes
1629 1535 1644 1556 2

151 1588 370 1634 habuerit
394 1586 623 1650 dactylos,
648 1586 695 1633 id
720 1597 790 1633 est
815 1589 1041 1650 quinque,
1067 1598 1113 1635 et
1137 1589 1199 1635 ob
1230 1589 1320 1635 hoc
1344 1589 1606 1652 dactylicus

150 1664 438 1719 nominatur,
474 1664 603 1722 (nam
645 1664 867 1710 ultimum
902 1664 1044 1710 etiam
1079 1673 1257 1728 wsupra
1292 1665 1501 1712 diximus
1537 1666 1608 1712 di-

151 1740 389 1802 syllabum
426 1757 526 1786 esse
561 1739 767 1801 debere‚)
793 1740 1306 1787 Xmonoschematistus
1331 1740 1527 1797 dicetur,
1555 1751 1605 1788 ut

151 1825 221 1862 est

224 1853 237 1873 ³
322 1881 536 1921 Panditur
554 1882 714 1920 interea
733 1881 877 1922 domus
897 1882 1187 1936 omnipotentis
1212 1882 1391 1936 Olympi.

215 1963 389 2008 Versus
425 1979 548 2016 vero,
575 1962 655 2024 qui
693 1971 763 2008 est
798 1963 1001 2010 sedecim
1042 1963 1346 2026 syllabarum,
1372 1964 1430 2010 de
1466 1965 1640 2028 quin-3

149 2056 242 2101 que
280 2038 478 2101 pedibus
516 2038 694 2084 habens
730 2056 879 2085 unum
919 2039 1199 2102 spondeum,
1234 2041 1359 2086 varie
1394 2041 1604 2103 quinque

148 2116 361 2179 regiones
398 2124 799 2179 ypereurrentem,
831 2115 918 2162 erit
956 2117 1214 2179 figurarum
1250 2117 1476 2180 quinque,
1514 2117 1603 2163 hoc

200 2314 230 2333 1¹³
252 2306 319 2356 ipsi
340 2307 452 2357 Verg.
484 2306 635 2356 placuit,
667 2315 708 2343 ut
738 2307 841 2343 nullo
873 2308 1033 2355 mutato]
1068 2310 1175 2356 ipsius
1207 2309 1356 2356 Virgilio
1382 2311 1536 2357 placuit,
1563 2315 1603 2344 ut

145 2362 247 2396 nullo
267 2362 301 2395 in
323 2365 464 2396 mutato
486 2361 527 2396 A.
692 2367 711 2385 Π
733 2361 769 2396 in
794 2359 1059 2409 voluminibus]
1094 2375 1174 2397 eum
1194 2363 1433 2398 voluminibus
1453 2363 1547 2398 A.B.
1567 2375 1601 2398 n.

146 2415 242 2449 Ven.
326 2419 345 2438 0
366 2412 524 2461 reliquit.
557 2414 824 2460 animadverte]
850 2415 1031 2462 relinquit.
1062 2417 1318 2451 animadvertis
1341 2416 1382 2450 Β.
1467 2423 1486 2449 P
1502 2415 1601 2452 clau-

146 2467 252 2512 serit]
278 2467 460 2501 incluserit
480 2467 572 2501 A.B.
728 2474 748 2501 ‘l
768 2468 814 2503 ab
835 2468 922 2514 hoc]
946 2469 987 2504 ob
1009 2468 1074 2504 hoc
1092 2469 1136 2504 A.
1160 2470 1255 2505 Ven.
1315 2469 1412 2504 Tum
1434 2471 1602 2517 spondia-

146 2532 210 2555 zon
230 2519 323 2555 A.B.
344 2519 574 2565 sponclaz'cum
599 2519 694 2556 Ven.
825 2529 839 2548 ¹·
859 2521 921 2570 qui
944 2522 1019 2568 vix]
1043 2524 1135 2569 quod
1154 2523 1213 2558 vix
1234 2523 1279 2559 A.
1302 2522 1399 2559 Ven.
1511 2531 1523 2548 Ξ
1543 2539 1602 2568 μ’,-

146 2572 399 2618 νοσχηματικὸς]
424 2572 801 2609 monoschaematistus
821 2574 916 2611 A.B.
1054 2576 1069 2601 t
1089 2583 1130 2611 ut
1150 2576 1178 2611 si
1200 2576 1252 2611 sic
1273 2575 1386 2611 facias
1407 2583 1469 2611 aut
1490 2575 1602 2611 leveis

147 2637 274 2662 ocreas
290 2624 395 2661 lento
415 2623 556 2659 ducunt
578 2634 742 2674 argento.
772 2626 834 2662 vel
855 2628 1004 2675 auctus]
1031 2633 1071 2663 ut
1089 2629 1252 2677 sifacias
1267 2634 1333 2664 aut
1353 2630 1443 2665 leves
1463 2629 1602 2663 lamnas

149 2680 243 2715 lento
262 2679 397 2713 ducunt
423 2681 584 2723 argento.
617 2683 681 2713 aut
698 2680 729 2713 si
748 2684 876 2715 auctus
895 2681 988 2716 A.B.
1016 2683 1065 2717 sic
1091 2695 1167 2719 om.
1191 2682 1285 2718 Ven.
1317 2689 1354 2717 et
1382 2694 1466 2717 mox
1492 2687 1532 2716 ut
1558 2683 1600 2715 si.

146 2737 163 2753 v
184 2743 315 2768 omnes
336 2730 464 2776 habet]
493 2731 605 2765 omnis
626 2730 790 2766 habuerit
811 2733 904 2768 A.B.
927 2741 965 2769 et
985 2746 1069 2770 mox
1091 2736 1134 2771 ob
1156 2736 1231 2770 hoc.
1264 2734 1485 2770 habuit—ob
1508 2734 1599 2769 Ven.

146 2791 176 2810 W
196 2785 324 2833 supra]
348 2785 456 2818 etiam
477 2795 587 2829 supra
608 2783 701 2818 A.B.
724 2784 819 2819 Ven.
961 2792 981 2811 X
1001 2794 1040 2822 et
1061 2786 1091 2822 is
1111 2787 1224 2823 etiam
1246 2786 1524 2833 μονοσχηματικὸς
1544 2784 1599 2820 di-

148 2838 268 2884 cetur]
300 2836 653 2872 monoschematistus
679 2838 812 2872 dicitur
831 2837 923 2874 A.B.
955 2841 1310 2877 monoschematistus
1339 2841 1474 2874 (licetur
1506 2838 1599 2873 Ven.

148 2897 167 2924 y
188 2889 483 2939 percurrentem]
505 2894 754 2935 percurrentes
772 2889 816 2924 B.

845 2960 932 2997 30
