1962 3355
124 224 233 254 CAP.
258 217 329 253 14.
374 205 458 252 De
479 206 644 253 metris
665 221 773 269 quoe
796 220 853 251 ex
880 203 1260 251 Pentlzemimere
1283 206 1361 264 850.
1483 207 1570 257 177

124 327 499 385 ⁰informabitur,
513 325 640 389 quod
668 325 754 372 erit
773 326 819 370 in
839 342 1037 371 numero
1062 332 1110 370 et
1133 340 1302 387 genere
1321 321 1575 367 Phalaecio-

125 421 230 450 rum
267 421 351 466 per
379 402 761 465 conjunctionem
801 401 931 446 heroi
963 400 1226 447 hexametri
1259 409 1306 446 et
1335 397 1578 454 trochaici,

127 479 253 526 haud
281 479 391 526 aiias
416 497 557 542 quam
584 478 808 542 superior,
827 495 886 524 ex
910 477 1210 541 copulatione
1233 476 1440 532 iambici,
1457 485 1579 521 tam-

124 574 286 619 quam,

328 633 531 678 Dudum
555 632 721 678 saucia
746 647 878 687 cura,
903 631 1080 677 Eoeerit
1083 629 1329 695 furorem.

127 697 208 755 Et,
326 762 626 809 PEluctabile
649 769 847 824 tempuS‚
872 762 1035 823 qFata,
1039 761 1142 824 jam
1159 759 1417 822 parabant.

128 860 236 906 Nec
270 860 428 907 minus
465 860 903 924 hephthemimeres
939 869 1084 915 tome,
1115 857 1306 904 subdito
1334 856 1421 902 sibi
1448 873 1583 902 versu
1604 863 1623 894 6

128 936 346 982 trimetro
386 936 674 994 catalectico,
712 937 792 998 qui
835 954 892 981 ex
942 934 1232 999 pyrrhichio,
1278 932 1504 997 spondeo,
1540 942 1588 978 et

131 1012 291 1058 iambo
356 1012 623 1069 rsubsistat,
681 1021 846 1076 aptum
898 1011 1088 1074 tragicis
1147 1010 1324 1056 Schoris
1380 1018 1586 1055 metrum

129 1094 145 1116 ῑ
153 1087 410 1151 praestabit,
434 1089 575 1143 velut,

333 1164 501 1210 Multa,
525 1181 708 1227 quoque
732 1171 778 1210 et
802 1163 922 1209 bello
942 1179 1129 1225 passus.

132 1239 339 1294 Dehinc,

331 1314 453 1360 Fato
470 1313 714 1379 profugus
737 1314 1020 1377 Lavinaque
1046 1315 1190 1360 venit.

134 1392 274 1446 Item,

338 1455 501 1503 Obrue
524 1475 607 1503 nos
631 1457 929 1521 Danaosque
950 1456 1108 1513 simul,

334 1533 491 1579 vAras
514 1532 708 1580 Priami
731 1534 956 1580 damnato
973 1534 1085 1595 pias
1109 1539 1235 1578 tunc.

140 1621 251 1673 Quo
277 1638 445 1684 genere
471 1622 607 1667 metri
641 1631 687 1667 et
710 1621 964 1685 Euripides
998 1622 1047 1666 in
1073 1621 1256 1675 Oreste,
1280 1627 1327 1665 et
1351 1619 1596 1681 WPompo·
1617 1636 1631 1667 7

138 1698 244 1744 nius
286 1706 442 1743 noster
486 1696 532 1742 in
578 1697 672 1743 suis
714 1699 786 1744 usi
827 1706 1103 1744 noscuntur.
1172 1696 1248 1741 Ex
1287 1695 1452 1741 eadem
1499 1694 1597 1739 sola

140 1774 557 1838 hephthemimere
595 1784 723 1821 tome
761 1774 885 1837 apud
929 1773 1217 1837 Septimium
1269 1771 1498 1816 Serenum
1548 1769 1597 1814 in

140 1851 384 1915 opusculis
410 1852 709 1915 conpositum
738 1868 928 1897 carmen
956 1848 1229 1911 hujusmodi
1256 1847 1499 1910 reperitur,

339 1928 508 1990 Inquit
530 1928 713 1974 amicus
737 1944 857 1990 ager
882 1927 1080 1979 domino,

344 2003 400 2049 Si
425 2004 539 2050 bene
562 2004 658 2049 xmi
663 2001 852 2066 facias,
877 2002 1083 2048 memini.

340 2078 500 2125 Pinea
527 2078 724 2125 brachia
748 2078 858 2124 dum
883 2077 1143 2139 trepidant,

341 2155 502 2201 Audio
527 2154 819 2201 canticulum
844 2153 1073 2216 Zephyri.

142 2230 372 2292 YAdjecta
396 2230 581 2276 residua
607 2230 742 2276 metri
781 2239 912 2294 parte
944 2228 1177 2275 efficietur
1210 2227 1485 2273 hexameter
1520 2224 1603 2270 he-

144 2324 265 2360 rous,
292 2307 382 2352 boc
410 2306 566 2360 modo,

199 2443 218 2463 ⁰
248 2436 486 2483 formabitur]
509 2435 770 2473 informabitur
795 2437 836 2473 P.
1002 2444 1021 2471 P
1050 2435 1264 2482 eluctabile]
1296 2433 1536 2471 ineluctabile
1565 2434 1604 2469 P.

145 2497 167 2524 q
187 2489 298 2536 Fata]
322 2490 434 2526 Facta
455 2491 494 2526 P.
605 2496 621 2515 r
640 2489 832 2536 subsistat]
852 2490 1030 2526 subsistet
1051 2490 1090 2525 P.
1203 2495 1217 2514 s
1237 2487 1398 2534 choreis]
1422 2487 1545 2523 choris
1566 2487 1604 2522 P.

146 2542 162 2569 t
181 2542 385 2592 praestabit]
410 2543 574 2592 portabit
595 2543 633 2578 P.
748 2549 767 2568 V
786 2544 879 2578 Aras
901 2542 1036 2578 Priami
1057 2543 1250 2589 damnate]
1276 2554 1376 2577 acras
1397 2539 1605 2588 Priamique

146 2595 325 2632 damnato
345 2596 387 2633 P.
418 2596 504 2632 Vid.
526 2597 680 2632 Santen.
701 2596 788 2631 Ter.
808 2596 932 2632 Maur.
955 2609 990 2644 p.
1013 2607 1103 2643 332.
1187 2601 1215 2620 W
1236 2593 1483 2643 Pomponius]
1507 2593 1606 2628 Pon-

149 2647 313 2698 tiponius
334 2649 374 2684 P.
483 2655 503 2674 X
525 2649 592 2695 mi]
618 2648 705 2684 mihi
729 2649 768 2685 P.
880 2656 898 2682 y
919 2648 1078 2699 adjecta]
1101 2647 1164 2697 qui
1185 2647 1331 2697 adjecta
1350 2647 1391 2682 P.

204 2769 242 2804 6.
276 2769 415 2804 Priami
440 2767 627 2814 damrmte]
663 2766 716 2802 vel
745 2768 848 2801 dam-
907 2765 1031 2802 fabula
1047 2766 1183 2801 Oreste
1204 2777 1310 2800 usum
1329 2771 1446 2799 metro
1468 2761 1538 2797 hoc
1551 2761 1607 2796 di-

151 2826 238 2856 nato
269 2821 324 2856 vel
357 2823 541 2862 damnare,
573 2828 614 2855 ut
640 2818 677 2855 in
708 2820 850 2855 Teren·
907 2819 970 2862 cit,
993 2827 1031 2855 et
1050 2819 1175 2854 locum
1200 2817 1351 2859 indicat,
1373 2816 1435 2851 sed
1465 2816 1502 2849 in
1528 2813 1607 2849 vul-

152 2873 255 2909 tiano
287 2875 334 2920 (v.
361 2873 479 2922 1967)
511 2872 693 2909 scribitur.
740 2873 850 2907 Euri-
906 2871 1000 2921 gatis
1022 2871 1212 2907 codicibus
1234 2870 1326 2906 ratio
1344 2882 1417 2904 non
1435 2874 1603 2916 apparet.

153 2926 278 2975 pidem
312 2934 434 2962 autem
467 2934 504 2962 et
531 2924 778 2962 Terentianus
813 2924 850 2960 in
908 2924 1106 2960 CAMER.

984 3003 1068 3031 Aa
