1962 3355
135 188 237 219 CAP.
262 183 306 220 4.
348 172 431 219 De
455 172 659 219 [ambico
683 177 828 218 metro
853 178 898 217 et
922 171 1023 235 ejus
1044 170 1281 233 speciebus
1307 169 1390 231 850.
1467 169 1555 226 267

478 332 486 340 .
515 332 524 341 .
551 331 560 340 .
588 331 596 339 .
622 295 793 354 νμήνιον,

474 372 536 419 τὸν
562 370 813 418 Καλυδώνιον.

471 466 573 506 Inde
593 464 706 506 tlzoro
719 470 855 521 pater.

470 535 527 574 M
524 547 594 574 ens
612 533 690 574 sibi
709 533 880 573 conscia.

138 607 268 653 Huic
292 617 441 654 metro
465 607 767 664 Wacatalecto,
791 605 836 653 id
862 614 931 652 est
956 603 1271 669 HymenaieQ
1297 603 1453 650 addita
1476 604 1568 667 syl-

137 685 242 730 laba
266 685 402 732 faciet
427 695 626 732 metrum
654 683 1010 731 Archilochium
1048 681 1568 746 Xpenthemimericum,

138 760 218 808 sed
243 761 459 825 simplex.

229 905 312 951 De
337 906 638 953 Archilochio
660 904 1073 968 penthemimerico
1096 900 1297 964 simplici
1320 901 1487 964 hyper·
1592 910 1631 951 67

737 981 983 1028 catalecto.

210 1075 565 1122 Archilochium
603 1074 1087 1138 ypenthemimerz‘cam
1120 1071 1319 1134 Simplex
1349 1071 1578 1134 hyperca-

144 1151 367 1198 talei-tum
402 1152 903 1198 monoschematistum
941 1159 1036 1196 est:
1074 1158 1256 1195 constat
1291 1149 1415 1195 enim
1457 1165 1579 1195 sem-

145 1245 227 1292 per
250 1228 432 1273 duobus
458 1227 657 1292 dactylis
682 1237 728 1274 et
753 1229 947 1293 syllaba,

536 1306 572 1352 ἐν
595 1305 634 1352 δὲ
658 1307 946 1362 Βατουσιάῧης,

145 1378 206 1428 et,

535 1444 646 1498 μῆνιν
669 1437 773 1484 ἄειδε
799 1440 878 1485 θεά.

540 1531 672 1570 Arma
693 1531 908 1586 virumque
927 1545 1042 1570 cano.

539 1598 678 1654 Lydia
698 1599 764 1639 dic
776 1612 857 1655 per
876 1613 1026 1639 omnes.

150 1673 261 1719 Hoc
297 1682 498 1719 metrum
532 1672 823 1737 duplicatum
858 1673 999 1719 faciet
1030 1672 1386 1719 Archilochium
1425 1671 1586 1736 dipen-

150 1748 530 1796 themimericum
568 1758 918 1813 pentametrum
951 1749 1009 1796 de
1043 1767 1136 1812 quo
1160 1749 1300 1812 paulo
1328 1757 1434 1795 ante
1469 1757 1587 1795 trac-

153 1825 258 1871 tavi.
307 1825 417 1872 Hoc
440 1835 596 1872 tamen
623 1826 738 1872 scire
762 1826 1005 1883 debemus,
1029 1825 1154 1888 quod
1179 1825 1464 1888 dactylicum
1490 1842 1587 1870 me-

152 1910 274 1947 trum
301 1911 348 1948 et
369 1901 468 1963 ejus
494 1902 668 1962 species
698 1903 1032 1966 septendecim,
1058 1911 1277 1966 quattuor
1300 1901 1585 1948 catalexibus

153 1996 292 2025 unam
320 1979 465 2025 solam
493 1997 585 2026 non
611 1980 777 2044 recipit
801 1981 1315 2044 brachycatalecticam.

320 2057 418 2097 Has
439 2057 512 2097 tibi
532 2058 722 2113 dactylici
741 2059 892 2113 species
905 2072 985 2113 pei·
1004 2058 1193 2098 carmina
1211 2057 1332 2097 metri

322 2124 401 2165 Bis
419 2139 540 2166 senas
559 2132 596 2166 et
615 2126 792 2182 quinque
811 2126 937 2166 simul
956 2126 1091 2167 Zdedit
1111 2139 1179 2166 ore
1198 2124 1396 2166 sacerdos.

179 2298 317 2351 CAP.
348 2298 444 2350 IV.
504 2301 588 2351 Dc
616 2300 848 2351 Iambico
873 2309 1038 2352 metro
1062 2308 1112 2351 et
1136 2299 1278 2368 aejus
1303 2295 1566 2368 speciebus

676 2385 869 2454 viginti
894 2385 1076 2437 tribus.

224 2505 480 2552 Iambicum
512 2514 713 2553 metrum
749 2524 844 2552 non
876 2515 927 2553 ut
960 2505 1245 2569 dactylicum
1281 2502 1483 2566 simplex
1507 2510 1591 2558 est,

157 2581 238 2628 sed
278 2582 484 2630 varium:
521 2583 655 2645 cujus
691 2584 868 2647 species
910 2592 1020 2629 sunt
1053 2582 1265 2639 infinitae,
1302 2579 1382 2626 sed
1419 2577 1591 2643 princi-

209 2712 229 2731 V
256 2705 361 2750 μήνιον
378 2704 431 2739 τὶν
449 2706 648 2753 καλυδώνιον]
681 2708 1412 2755 TGCCGPyIAHNIONwTONAAONION.
1435 2701 1480 2737 L.
1510 2699 1590 2748 qui-

159 2759 226 2796 bus
247 2758 378 2794 litteris
397 2757 470 2792 duo
490 2757 657 2806 exempla
675 2756 782 2804 hujus
808 2759 912 2796 metri
933 2759 1102 2795 videntur
1121 2756 1315 2794 contineri.
1422 2762 1450 2781 W
1470 2761 1591 2790 acata-

158 2813 274 2860 lecto]
300 2812 472 2847 catalecto
492 2810 545 2845 Li
612 2817 632 2836 Χ
652 2813 1037 2861 penthemimericum]
1057 2812 1332 2859 pentamcticum
1352 2809 1398 2845 L.
1467 2814 1486 2841 Y
1502 2818 1590 2854 pen-

161 2868 436 2903 themimerz'cum
454 2869 606 2900 metrum
624 2866 770 2913 simplex
790 2867 835 2903 L.
955 2873 972 2892 Ζ
992 2864 1109 2913 dedit]
1134 2867 1205 2901 edit
1225 2864 1270 2901 L.
1380 2869 1399 2888 a
1419 2860 1520 2907 hujus
1538 2872 1589 2906 sp.

161 2932 313 2957 ΧΧΧΠΙ
335 2919 382 2956 L.

791 2992 955 3029 Mm2
