1962 3355
354 184 448 232 492
910 224 913 226 ,
953 175 1207 223 Diomedis
1604 190 1702 222 Lm.
1729 191 1804 222 111.

524 296 582 335 M
581 309 735 338 aecenas
756 296 894 336 atavis
913 296 1018 336 edite
1036 297 1224 352 regibus.

355 367 486 430 Ergo
521 377 714 431 apparet
750 367 876 430 quod
908 368 1226 415 Archilochus
1263 368 1622 432 cinterposuerit
1658 367 1809 414 dime-

356 452 479 490 trum
507 461 567 490 ex
591 444 899 490 Archilochio
925 444 1214 506 hujusmodi,

530 521 717 575 Cupiunt
736 519 879 559 dfizras
900 526 938 559 et
956 525 1117 575 aptant.

360 595 469 641 Hoc
491 594 583 640 tale
609 602 692 649 est,
718 593 855 654 quale
881 592 1012 650 illud,

536 671 625 709 Vice
646 670 756 709 veris
776 674 814 708 et
834 669 1016 708 Favoni.

301 774 336 803 23
422 741 735 805 eGlyconium
771 757 827 786 ex
862 741 1068 788 iambico
1100 741 1355 788 dimetrum
1398 742 1445 788 in
1488 742 1690 790 Horatio
1715 743 1809 789 tale

357 827 441 876 θεῖ,

527 893 628 933 IVon
649 894 749 933 ebur
768 907 896 949 neque
916 908 1107 934 [nereum.

358 967 471 1013 Hoc
504 983 563 1012 ex
600 965 817 1012 inferiore
848 966 1037 1013 iambici
1074 977 1206 1031 parte
1242 968 1491 1031 praecisum
1526 978 1612 1014 est.
1681 967 1810 1014 Nam

359 1043 394 1088 εἰ
423 1042 608 1088 freddas
634 1042 674 1087 ei
700 1042 950 1106 principia,
976 1045 1219 1107 supplebis
1245 1045 1506 1092 iambicum
1534 1045 1616 1101 sic,

530 1120 619 1160 Ibis
640 1120 884 1169 ng‘bzcrnis,
903 1135 986 1161 non
1008 1122 1109 1161 ebur
1130 1135 1258 1176 neque
1278 1136 1469 1162 aureum.

301 1210 341 1240 24
426 1192 616 1238 Ionicus
654 1191 750 1237 ι1οἰτέ
776 1193 990 1245 ἐλάσσονος
1020 1193 1208 1251 dicitur>
1239 1193 1369 1256 iquia
1406 1194 1484 1241 hic
1517 1212 1599 1258 pes
1632 1202 1817 1240 constat

360 1287 417 1315 ex
443 1269 626 1315 duabus
661 1269 879 1316 brevibus
912 1280 957 1316 et
995 1270 1178 1317 duabus
1218 1271 1384 1334 longis.
1456 1270 1619 1333 Hujus
1655 1287 1817 1317 exem-

359 1347 493 1407 plum
521 1346 566 1391 in
592 1345 828 1392 kHoratio
853 1355 938 1401 θεῖ,

532 1423 796 1463 Illiserarum
816 1429 875 1462 est
895 1437 1022 1478 neque
1042 1425 1174 1464 sonori
1197 1423 1296 1463 dare
1317 1423 1473 1463 ludum.

304 1520 341 1552 25
429 1495 619 1541 Ionicus
644 1495 739 1541 Ῑάπό
773 1494 945 1556 μείζονος
982 1496 1208 1558 superiori
1245 1496 1520 1542 contrarius.
1591 1495 1719 1542 Nam
1757 1513 1817 1542 ex

362 1573 545 1619 duabus
582 1573 733 1636 longis
770 1581 817 1618 et
854 1572 1036 1618 duabus
1077 1573 1297 1618 brevibus
1337 1581 1539 1630 constat,
1566 1572 1700 1634 cujus
1737 1590 1817 1618 ex-

363 1650 592 1713 emplum,

535 1726 679 1765 Pansa
701 1725 865 1780 optime,
886 1725 1003 1765 divos
1024 1725 1119 1773 cole,
1140 1725 1177 1765 si
1200 1726 1264 1765 vis
1285 1725 1413 1765 bonus
1435 1739 1533 1765 esse.

365 1798 463 1844 Hic
492 1806 539 1843 et
575 1797 848 1844 ¹¹¹Sotadeus
873 1806 1081 1855 vocatur,
1105 1798 1215 1859 quia
1241 1797 1438 1844 Sotades
1464 1815 1519 1844 eo
1558 1797 1819 1861 plurimum

364 1892 476 1921 usus
502 1883 586 1920 est.

308 1971 348 2003 26
430 1950 793 1997 Archilochium
831 1969 890 1997 ex
940 1951 1131 1997 iambici
1171 1960 1305 2015 parte
1346 1951 1489 2016 priori
1530 1952 1579 1997 in
1618 1951 1821 1999 Horatio

366 2028 488 2075 ntale
513 2037 598 2083 θεῖ,

545 2105 600 2145 Ut
612 2105 760 2159 prisca
776 2118 885 2160 gens
907 2105 1072 2145 mortali
1080 2119 1159 2145 nvn.

368 2177 502 2223 Huic
539 2177 575 2222 si
608 2177 828 2223 inferiora
865 2178 1097 2234 restituas,
1122 2196 1227 2240 quae
1252 2177 1570 2224 Archilochus
1608 2187 1823 2242 amputa-

368 2255 450 2310 vit,
475 2253 617 2300 facies
643 2254 902 2301 iambicum
926 2255 1148 2314 ⁰plenum
1176 2255 1257 2310 sic,

545 2330 602 2369 Ut
616 2330 760 2384 prisca
775 2344 885 2385 gens
905 2330 1143 2370 mortalium
1164 2330 1292 2369 vitam
1315 2329 1458 2369 trahit.

424 2486 439 2505 ⁰
460 2478 707 2527 amputaverit
737 2478 936 2514 dimetrum
964 2488 1020 2514 est
1047 2478 1288 2515 Archilochio
1319 2488 1359 2514 ut
1386 2481 1458 2526 est]
1493 2482 1745 2528 interposuerit
1769 2484 1824 2518 di-

371 2536 521 2567 metrum
542 2544 584 2566 ea:
604 2532 833 2567 Archilochio
866 2531 1063 2577 hujusmodi
1085 2537 1135 2567 est
1155 2533 1245 2567 AB.
1273 2535 1479 2579 imposuerit
1500 2534 1595 2569 Ven-
1625 2533 1687 2582 qui
1713 2547 1825 2583 supra

371 2587 543 2632 apparuit
563 2592 601 2620 et
620 2584 714 2620 infra
735 2586 829 2619 modi
850 2597 914 2632 pro
936 2590 988 2620 ut.
1121 2582 1141 2610 (l
1161 2585 1272 2632 feras]
1286 2586 1396 2633 fortis
1416 2588 1510 2622 Ven.
1532 2586 1595 2635 qui
1618 2600 1705 2623 mox
1725 2589 1825 2624 aliud

373 2651 439 2688 pro
462 2639 564 2673 illud.
705 2643 720 2662 θ
742 2637 984 2686 Glyconium]
1014 2639 1231 2673 Gletiom‘nm
1252 2640 1295 2674 A.
1323 2641 1534 2676 Glisiom'um
1556 2641 1598 2676 B.
1709 2639 1725 2666 f
1743 2641 1825 2677 red-

374 2691 446 2738 dis]
470 2693 598 2727 reddas
617 2691 712 2726 AB.
846 2698 866 2724 g
887 2691 1113 2738 Liburnium]
1140 2693 1308 2727 Liburnis
1328 2693 1418 2728 AB.
1555 2692 1575 2718 h
1596 2695 1827 2740 apelassonos

373 2745 466 2780 AB.
576 2742 586 2769 i
607 2743 710 2792 quia]
736 2745 796 2790 qui
815 2744 857 2779 A.
879 2756 990 2790 quare
1012 2744 1103 2779 Ven.
1242 2743 1262 2770 k
1285 2745 1445 2782 Horatio
1466 2747 1540 2794 est]
1567 2752 1617 2782 est
1636 2759 1711 2783 om.
1732 2748 1823 2783 AB.

374 2797 466 2833 Ῑάπὸ
492 2797 647 2843 μείσονος]
679 2799 904 2844 apomizonos
936 2798 1026 2833 AB.
1246 2805 1276 2824 m
1296 2798 1499 2846 sotadicus]
1535 2801 1701 2835 sotadeus
1732 2801 1824 2836 AB.

375 2859 395 2876 ¹1
418 2851 505 2898 tale]
532 2852 605 2886 tale
623 2856 673 2885 est
695 2850 784 2886 AB.
978 2857 996 2876 0
1018 2859 1058 2886 ut
1078 2850 1195 2899 prisca
1218 2864 1309 2901 gens
1331 2852 1559 2900 mortalium]
1590 2855 1681 2888 sicut
1704 2855 1825 2900 prisca

376 2906 581 2940 mortalium
602 2904 692 2940 AB.
715 2905 808 2940 Ven.
853 2904 946 2940 Mox
965 2906 1074 2939 vitari
1095 2904 1188 2940 Ven.
