1962 3355
361 180 455 218 428
957 170 1212 217 Diomedis
1616 184 1712 214 Lm.
1735 185 1810 216 111.

363 291 489 338 vocis
523 292 810 338 abominosae
849 291 1009 338 audire
1050 309 1142 337 non
1182 290 1395 355 lpossint.
1467 288 1813 336 Rhadmantho

365 378 522 415 autem
571 369 856 415 constitutus
911 367 1125 423 traditur,
1163 367 1242 428 qui
1291 364 1505 411 Arcadiae
1551 365 1812 428 111princeps

363 455 569 491 venerat.
639 445 754 490 Fors
791 444 1018 507 accipitur
1053 443 1112 488 ab
1148 442 1378 504 agricolis.
1449 441 1561 487 Hoc
1596 460 1811 488 successu

364 531 412 567 et
447 522 537 567 hoc
561 521 721 568 divino
756 521 849 566 ritu
875 538 900 565 a
925 519 1118 564 musicis
1156 516 1359 563 cumulis
1392 517 1581 579 paribus
1614 526 1716 563 ture
1743 517 1814 563 in-

365 599 516 644 censis
543 597 766 644 altaribus
794 596 998 641 musicos
1025 595 1191 640 choros
1217 592 1416 655 geminis
1443 593 1678 656 gressibus
1704 603 1815 640 ”ex-

364 675 575 738 plicaret,
601 682 648 719 et
683 670 918 735 aequipedi
958 688 1073 715 sono
1110 669 1284 715 tibicen
1323 669 1621 732 spondalium
1649 687 1815 716 canere

365 750 592 811 ⁰juberet‚
619 757 670 794 ut
705 747 888 793 duabus
921 746 1073 809 longis
1106 746 1339 801 melodiis,
1375 746 1509 808 quasi
1545 746 1815 809 duplicibus

365 835 412 872 et
445 825 640 887 jugibus
680 824 828 870 ontis
864 840 1087 888 prospera
1123 823 1316 868 deorum
1353 823 1571 869 voluntas
1610 824 1818 868 firmare—

326 926 346 957 9
367 912 455 948 tur.
524 902 739 947 Numam
776 899 1063 964 Pompilium
1092 898 1363 944 qdivinitate
1398 898 1665 961 praeditum,
1689 898 1819 944 hunc

366 978 534 1042 pedem
563 977 863 1041 pontificium
896 975 1155 1039 appellasse
1180 984 1462 1031 memorant,
1485 984 1616 1020 rcum
1644 974 1818 1020 SSalios

359 1055 572 1118 juniores
611 1053 756 1116 aequis
789 1053 1025 1116 gressibus
1059 1052 1338 1098 circulantes
1376 1050 1642 1097 tinduceret
1678 1068 1820 1114 spon-

367 1132 455 1178 deo
492 1131 616 1176 melo
653 1130 828 1193 patrios
869 1130 1053 1193 placare
1089 1127 1334 1190 indigetes.
1408 1126 1538 1190 Ergo
1578 1136 1626 1172 et
1666 1126 1818 1172 dibra-

368 1209 484 1254 chus
517 1217 564 1253 et
595 1206 830 1271 spondeus
863 1215 1050 1253 tantum
1076 1205 1283 1251 Vhabent
1308 1202 1354 1248 in
1381 1203 1485 1260 arsi,
1511 1212 1743 1265 quantum
1772 1203 1819 1248 in

367 1284 505 1331 thesi.

312 1382 349 1402 10
435 1360 632 1405 Iambus
674 1358 754 1420 qui
797 1367 984 1404 constat
1024 1375 1081 1403 ex
1125 1356 1252 1402 brevi
1301 1364 1347 1401 et
1394 1357 1550 1418 longa,
1592 1366 1643 1400 ut
1680 1354 1821 1408 Dies,

368 1435 561 1481 errsui
595 1434 828 1480 maledico
863 1433 1047 1488 habilis,
1073 1432 1211 1494 Χπαρὲι
1239 1430 1281 1476 τὸ
1306 1432 1513 1491 ἰαμβίζειν
1539 1432 1703 1476 Graece
1739 1448 1821 1475 no-

371 1511 592 1556 minatur.
654 1509 812 1571 Hujus
839 1518 996 1555 autem
1023 1509 1154 1571 origo
1176 1507 1304 1553 verbi
1333 1525 1389 1553 ex
1417 1507 1610 1553 nomine
1633 1507 1821 1552 Iambes

369 1586 559 1632 famulae
601 1585 731 1631 Celei
768 1584 1049 1638 5derivatur,
1089 1602 1194 1646 quae
1237 1584 1473 1640 Cererem,
1507 1585 1654 1629 filiam
1696 1601 1824 1646 quae-

369 1662 514 1708 rendo
551 1661 607 1707 ad
645 1661 945 1724 BIeganiram
990 1659 1240 1722 conjugem
1283 1659 1411 1705 Celei
1454 1659 1677 1714 delatam,
1713 1677 1821 1705 cum

369 1738 562 1784 vidisset
599 1737 849 1792 solicitam,
873 1737 996 1782 male
1027 1736 1257 1783 tractavit.
1329 1736 1535 1788 Quidam
1575 1745 1731 1782 autem
1758 1736 1824 1782 fe-

369 1823 480 1860 runt
516 1814 730 1859 iambum
758 1813 889 1875 quasi
927 1813 1183 1859 triambum
1218 1831 1243 1859 a
1277 1813 1624 1876 triumphatore
1648 1813 1824 1858 Libero

316 1915 349 1935 11
371 1890 779 1954 cognominatum.
864 1889 988 1935 ZSed
1032 1889 1107 1934 alii
1143 1906 1168 1934 a
1208 1889 1365 1935 Marte
1405 1899 1560 1935 ortum
1600 1889 1820 1935 Iambum

373 2046 523 2081 libantes
541 2044 628 2080 MS.
646 2056 703 2092 ap.
722 2042 939 2092 Scioppium
962 2043 985 2079 l.
1001 2056 1033 2079 c.
1057 2049 1094 2078 ut
1110 2056 1184 2079 om.
1200 2044 1296 2079 Ven.
1327 2044 1420 2079 Mox
1439 2056 1504 2092 pro
1525 2044 1826 2091 componebantur

371 2097 620 2134 Ruhnkenius
649 2109 706 2145 ap.
736 2097 891 2133 Santen.
912 2097 1063 2133 Terent.
1086 2097 1206 2132 Maur.
1228 2109 1263 2145 p.
1281 2097 1343 2143 63.
1375 2099 1569 2144 composita
1592 2097 1824 2138 canebantur,

374 2150 572 2187 Santenius
593 2150 882 2185 concinebantur.
999 2148 1010 2175 1
1028 2163 1102 2185 non
1124 2157 1279 2198 possent
1297 2149 1478 2197 Arcadiae]
1502 2162 1572 2185 non
1588 2151 1735 2197 possint.
1765 2162 1827 2184 ra-

373 2206 523 2240 clamant
544 2204 588 2238 ho
609 2208 726 2238 autem
749 2205 962 2238 constitutus
983 2204 1141 2238 traditur
1162 2205 1222 2250 qui
1243 2203 1433 2238 Archadia>
1452 2203 1500 2238 Β.
1601 2209 1632 2227 m
1651 2203 1826 2251 princeps

372 2265 534 2298 venerat,
557 2269 634 2291 sors
660 2254 838 2304 accipitur
866 2268 933 2304 pro
963 2255 1145 2305 agricolis.
1206 2256 1289 2291 Hoc
1321 2256 1510 2296 successit,
1532 2262 1570 2291 et
1600 2255 1670 2290 hoc
1700 2254 1825 2290 divum

374 2310 447 2345 ritu
468 2308 627 2344 cumulis
649 2309 797 2357 paribus
817 2321 839 2343 a
859 2308 1006 2344 musicis
1024 2310 1130 2344 thure
1150 2307 1328 2354 incensis]
1349 2310 1529 2355 principes
1553 2309 1739 2355 (princeps
1759 2308 1822 2354 B.)

374 2367 532 2404 venerat,
543 2362 629 2409 fors
650 2360 759 2408 (fons
774 2361 836 2407 B.)
857 2363 1032 2408 accipitur
1048 2362 1092 2396 ab
1109 2362 1276 2407 agricolis
1292 2361 1356 2396 boc
1369 2373 1528 2396 successu
1551 2365 1632 2405 (suo
1649 2374 1744 2396 cessa
1759 2361 1823 2407 Β.)

376 2421 410 2451 et
431 2415 496 2450 hoc
511 2416 630 2449 (livino
651 2417 722 2449 ritu
740 2427 760 2449 α
777 2415 919 2448 ‘musicis
933 2415 1082 2449 cumulis
1098 2414 1247 2460 paribus
1266 2419 1344 2449 ture
1360 2415 1506 2449 incensis
1524 2414 1612 2449 A.B.
1635 2427 1711 2449 cum
1734 2415 1828 2450 aulis

372 2467 1033 2515 paribus—mtisicus—spondaulium
1060 2466 1272 2502 Salmasius.
1324 2466 1409 2502 Vid.
1433 2468 1586 2503 Sauten.
1607 2467 1652 2502 ad
1673 2468 1826 2503 Terent.

376 2521 498 2556 Maur.
521 2533 556 2569 p.
575 2520 638 2555 62.
778 2526 796 2544 ¹1
819 2518 1020 2567 explicare]
1045 2520 1241 2566 eas-plicaret
1260 2521 1306 2555 A.
1329 2521 1423 2555 Ven.
1587 2521 1822 2570 ojubebant]

367 2574 512 2620 juberet
531 2574 577 2608 B.
601 2573 695 2607 Ven.
825 2578 844 2605 P
867 2571 1034 2616 vocibus]
1057 2574 1146 2607 rotis
1167 2574 1208 2607 A.
1231 2585 1304 2608 oni.
1331 2574 1371 2608 Β.
1393 2575 1486 2609 vocis
1505 2574 1602 2609 Ven.
1731 2580 1751 2607 q
1771 2573 1827 2609 di-

378 2626 548 2674 vinitate]
573 2627 735 2661 divinare
754 2624 847 2660 A.B.
868 2624 961 2660 Ven.
1014 2625 1106 2660 Mox
1123 2627 1328 2674 pontificum
1352 2627 1445 2661 Ven.
1533 2633 1548 2651 ¹·
1567 2634 1604 2662 et
1625 2626 1727 2672 curn]
1751 2639 1829 2661 cum

377 2681 424 2716 A.
446 2680 541 2715 Ven.
652 2683 667 2702 s
690 2676 824 2723 Salios]
849 2678 938 2712 alios
958 2678 1004 2713 Β.
1114 2678 1128 2703 ’ί
1150 2677 1580 2728 induceret—placasse]
1612 2681 1829 2714 inducere—

372 2734 539 2781 placaret
557 2732 602 2766 A.
624 2731 718 2766 Ven.
735 2732 900 2777 placaret
919 2731 964 2766 B.
1022 2731 1115 2766 Mox
1137 2737 1253 2767 tamen
1276 2745 1342 2781 pro
1364 2738 1502 2768 tantum
1520 2733 1614 2769 Ven.
1724 2739 1743 2757 V
1763 2732 1828 2767 ha-

379 2786 486 2832 bent]
514 2785 618 2820 habet
639 2785 680 2819 A.
685 2784 730 2819 Β.
881 2791 908 2810 W
929 2783 1136 2832 versuique]
1160 2798 1261 2821 versu
1280 2786 1325 2821 A.
1332 2786 1374 2821 Β.
1395 2785 1431 2820 V
1434 2798 1491 2821 en.
1628 2791 1648 2810 X
1667 2786 1830 2831 ιαμὲῐιζειν

377 2856 413 2875 το
433 2838 585 2886 ὑβρίζειν]
609 2837 794 2872 iambizein
816 2837 936 2872 Graece
952 2838 1156 2872 nominatim
1170 2839 1212 2873 A.
1217 2839 1262 2873 B.
1279 2840 1314 2873 τὸ
1333 2841 1471 2887 ὑβρίζειν
1487 2851 1561 2874 om.
1580 2838 1672 2874 Ven.
1720 2844 1738 2872 y
1759 2850 1827 2873 no-

378 2891 557 2938 minatur]
580 2892 766 2927 derivatur
785 2890 831 2925 A.
838 2890 882 2925 B.
1045 2897 1063 2916 Ζ
1085 2891 1175 2937 Sed]
1200 2904 1274 2928 om.
1298 2891 1343 2927 B.
