1962 3355
361 189 422 237 62
875 193 1035 240 Marii
1063 194 1305 242 Victorini
1659 213 1753 243 mn.
1782 213 1813 243 ῐ.

360 312 452 359 hoc
490 313 603 360 facit
643 313 994 372 Ditrochaeum,
1031 327 1085 362 ut
1125 318 1452 364 ’‘Zenodorus.
1540 318 1814 363 Consimilis

358 398 380 429 ἴ
395 389 542 435 ferme
569 390 639 436 his
665 398 712 435 et
736 390 813 436 illa
840 391 1111 438 lonicorum
1147 393 1380 440 ordinatio
1406 404 1489 441 est.
1536 394 1663 440 Nan]
1699 412 1814 457 prae—

359 466 581 512 euntibus
623 466 804 512 duabus
853 467 1003 530 longis
1047 468 1271 529 subjectae
1318 469 1423 516 duae
1465 471 1643 524 breves,
1668 470 1813 515 veluti

360 543 566 606 spondeo
607 543 942 606 zpyrrhichius
990 544 1214 601 adnexus,
1253 545 1469 592 Ionicum
1521 545 1596 591 ἀπὸ
1642 546 1814 606 μείζονος

297 639 340 669 44
357 620 687 682 procreabunt,
725 628 777 665 ut
808 620 1103 667 Demetrius.
1191 622 1372 667 Rursus
1410 630 1594 667 mutato
1631 614 1815 684 tempo-

359 711 462 740 rum
500 695 608 751 situ,
633 712 741 741 cum
779 696 940 741 breves
977 696 1027 742 in
1064 697 1217 760 prima
1256 698 1380 753 sede,
1407 697 1616 743 secunda
1654 707 1810 743 autem

358 771 511 833 longae
570 772 940 828 constituuntur,
990 772 1034 818 id
1083 782 1166 826 est,
1207 774 1521 836 apyrrhichio
1576 773 1812 837 spondeus

348 845 544 908 jugatus
593 846 814 892 Ionicum
861 846 936 892 ἀπὸ
981 847 1194 899 ἐλάσσονος
1243 849 1410 911 gignit,
1450 859 1501 895 ut
1541 849 1812 896 Diomedes.

294 942 334 974 45
356 922 375 950 b
391 922 667 984 Sequuntur
692 923 894 968 Paeonici
926 923 1084 986 pedes,
1110 941 1308 969 numero
1333 934 1570 986 quattuor,
1595 927 1674 987 qui
1703 935 1814 971 sunt

355 999 666 1062 cpentasemi,
705 999 907 1062 sescupli
941 1000 1068 1045 enim
1107 1000 1287 1045 ratione
1323 999 1648 1046 dconsistunt:
1689 1001 1814 1047 ideo-

355 1092 447 1136 que
483 1075 644 1120 metris
673 1075 870 1120 minime
908 1075 1097 1122 inutiles
1132 1077 1441 1122 aestirnantur.
1502 1076 1594 1122 Sed
1620 1075 1812 1140 Epitriti

354 1150 466 1197 dicti
494 1153 555 1197 ob
581 1152 894 1213 adjectionem
924 1153 1073 1199 tertiae
1101 1153 1261 1216 partis,
1288 1170 1431 1215 quam
1470 1162 1580 1198 sunt
1606 1153 1812 1207 Paeones,

356 1228 619 1290 meritoque
646 1246 668 1274 a
696 1229 869 1274 Graecis
903 1229 968 1275 ita
1002 1229 1116 1276 dicti
1144 1230 1360 1291 ἐπίτριτοιε
1399 1246 1508 1275 nam
1549 1238 1659 1274 sunt
1698 1229 1813 1292 hep-

353 1304 538 1358 tasemi,
566 1304 690 1350 unde
727 1306 1058 1368 tetrasyllabis,
1084 1306 1164 1368 qui
1199 1315 1308 1351 sunt
1345 1323 1543 1352 numero
1569 1305 1730 1351 decem
1765 1315 1811 1351 et

354 1397 450 1437 sex,
471 1389 488 1409 e
502 1390 726 1442 quattuor
745 1391 928 1427 tantun]
948 1382 1085 1427 utiles
1107 1392 1390 1439 asseruntur,
1408 1382 1454 1428 id
1474 1391 1558 1439 est,
1575 1382 1812 1428 choriam-

353 1458 440 1503 bus
467 1468 512 1503 et
538 1459 823 1521 antispastus
850 1459 1130 1521 aequalitatis
1150 1459 1329 1505 ratione
1354 1467 1639 1514 constantes,
1659 1457 1737 1503 sed
1766 1468 1812 1502 et

352 1534 504 1580 Ionici
531 1534 638 1592 duo,
665 1534 1047 1596 fceterisdeceni
1085 1553 1181 1581 non
1213 1535 1327 1581 adeo
1360 1535 1662 1581 necessariis:
1700 1552 1807 1579 nam

351 1610 686 1657 &ditrochaeum
710 1622 756 1657 et
776 1612 1038 1658 diiambum
1069 1612 1189 1657 inter
1207 1611 1463 1675 disyllabos
1497 1612 1647 1674 magis
1677 1621 1810 1674 aptos

292 1695 333 1735 46
353 1686 514 1733 haberi
552 1688 734 1734 volunt.
803 1689 957 1752 Igitur
995 1689 1138 1735 Paeon
1185 1688 1365 1752 primus
1404 1688 1505 1743 erit,
1542 1688 1617 1734 cui
1657 1687 1811 1750 prima

315 1826 322 1833 '
351 1764 508 1827 longa,
534 1774 624 1811 tres
659 1766 882 1812 continue
917 1767 1080 1811 breves
1116 1764 1138 1794 ¹¹
1156 1765 1410 1821 adhaerent,
1435 1783 1493 1811 ex
1530 1765 1738 1811 trochaeo
1764 1774 1811 1810 et

291 1863 330 1894 47
352 1841 627 1904 pyrrhichio
666 1842 931 1905 copulatuS,
971 1852 1023 1887 ut
1065 1841 1298 1888 Ccecilz'us.
1383 1842 1630 1888 Secundus
1668 1842 1808 1887 Paeon

349 1917 644 1981 praecedente
669 1919 813 1975 brevi,
832 1928 1057 1981 sequente
1082 1919 1239 1981 longa,
1264 1918 1338 1964 cui
1365 1918 1682 1979 subjiciuntur
1705 1917 1810 1963 duae

350 1994 513 2040 breves
550 2012 606 2040 ex
646 1994 803 2041 iambo
845 2005 892 2041 et
938 1995 1214 2058 pyrrhichio
1252 1995 1547 2051 formabitur,
1585 2002 1637 2040 ut
1660 1992 1811 2039 Cane-

291 2091 332 2128 48
348 2069 544 2131 phoras.
600 2071 788 2117 Tertius
815 2090 839 2117 e
863 2071 1046 2117 duabus
1073 2072 1308 2128 brevibus,
1332 2072 1469 2132 longa
1498 2069 1649 2126 tertia,
1673 2087 1810 2131 quar-

350 2154 398 2192 ta
423 2147 550 2192 brevi
584 2148 765 2210 syllaba
790 2148 1098 2211 compositus,
1119 2165 1178 2194 ex
1204 2146 1481 2210 pyrrhichio
1510 2155 1557 2190 et
1587 2145 1808 2202 trochaeo,

290 2239 332 2272 49
352 2231 404 2268 ut
440 2221 696 2284 Epicurus.
785 2224 1019 2276 Quartum
1064 2234 1221 2269 autem
1262 2231 1428 2284 quarta
1466 2221 1622 2284 longa,
1658 2221 1807 2266 tribus

350 2299 570 2346 brevibus
591 2300 784 2362 syllabis
804 2300 849 2345 in
873 2300 1024 2362 priina
1045 2300 1232 2362 regione
1251 2298 1433 2362 positis,
1453 2315 1510 2343 ex
1530 2296 1808 2360 pyrrhichio

404 2455 425 2474 Χ
445 2449 677 2486 Zenodorus.
708 2449 929 2495 consimilis]
953 2449 1183 2485 Zenodotus.
1214 2461 1298 2483 cum
1321 2446 1449 2483 similis
1470 2447 1510 2482 P.
1631 2453 1650 2480 y
1670 2446 1803 2494 ferme]

351 2501 478 2538 formae
500 2503 541 2538 P.
689 2509 706 2528 z
729 2503 934 2552 pyrrichius
955 2504 1137 2550 annexus]
1162 2501 1372 2550 Pirrichyus
1392 2500 1566 2536 adnexus.
1678 2506 1696 2525 a
1717 2500 1807 2548 Pyr-

351 2553 483 2602 richio]
506 2555 682 2592 Pirrichio
705 2557 744 2591 P.
868 2553 887 2581 b
908 2557 1132 2604 sequuntur]
1159 2562 1336 2591 secuntur
1355 2554 1395 2589 P.
1539 2559 1554 2578 c
1574 2551 1802 2602 pentasemi]

350 2608 549 2658 pentasimi
572 2609 612 2644 P.
734 2606 753 2634 d
772 2610 1002 2656 consistunt]
1029 2608 1236 2644 subsistunt
1257 2608 1295 2643 P.
1422 2613 1437 2632 e
1459 2614 1617 2654 quatuor
1637 2606 1802 2652 tantum]

350 2664 537 2722 quarituor
556 2681 700 2708 tantum
724 2672 831 2708 utiles
854 2673 892 2708 P.
1003 2670 1018 2697 f
1034 2672 1192 2718 caeteris]
1216 2671 1347 2707 ceteris
1369 2671 1408 2706 P.
1501 2678 1522 2707 g
1542 2669 1803 2716 ditrochaeum]

350 2726 583 2763 ditrocheum
605 2726 644 2761 P.
788 2724 806 2750 h
830 2725 1038 2772 adhaerent]
1064 2725 1241 2761 adherent
1261 2725 1302 2759 P.
1324 2731 1361 2760 et.
1382 2736 1465 2759 mox
1487 2723 1639 2759 trocheo
1660 2730 1698 2758 et
1718 2735 1805 2771 pyr-

351 2779 479 2816 richio.

404 2896 466 2930 44.
498 2882 669 2932 jugatus]
700 2886 854 2932 jugatur
893 2882 1045 2917 Samen.
1167 2892 1229 2929 45.
1275 2878 1442 2926 inutiles]
1482 2877 1592 2914 utiles
1650 2878 1803 2914 Santen.

348 2938 435 2973 Ter.
456 2937 579 2973 Maur.
602 2950 639 2986 p.
661 2948 745 2972 121.
1103 2934 1189 2970 Ter.
1210 2933 1334 2969 Maur.
1356 2945 1392 2981 p.
1413 2943 1497 2978 123.
