1962 3355
358 182 455 221 480
954 172 1204 219 Diomedis
1620 185 1717 216 Lm.
1738 185 1812 216 111.

359 293 459 340 sine
486 292 632 340 dubio
667 301 761 339 gex
799 293 948 339 tribus
986 292 1073 347 his,
1099 291 1144 337 id
1171 300 1241 337 est
1266 290 1568 353 htribrachys
1592 290 1664 335 vel
1704 308 1814 335 ana-

358 378 548 433 paestus,
563 369 634 415 vel
662 369 760 429 ipse
785 367 1021 414 dominus.
1068 367 1429 428 Nonnunquam
1457 367 1599 412 etiam
1628 368 1815 430 pyrrhi-

359 445 521 492 chium
560 444 784 501 admittit,
809 444 918 506 quia
943 443 1197 489 novissima
1224 442 1360 488 metri
1398 443 1580 506 syllaba
1615 442 1816 489 iindiffe—

320 539 337 572 5
360 530 515 568 renter
539 521 742 584 ponitur.
806 519 883 565 Ex
910 519 999 564 boc
1027 518 1190 580 utique
1214 517 1451 563 derivatur
1471 518 1483 557 j
1502 518 1816 575 choliambus,

359 597 406 643 in
440 599 533 643 fine
565 596 850 652 claudicans,
887 594 1110 657 quoniam
1144 593 1341 657 expulso
1376 594 1651 657 pyrrhichio
1685 612 1818 641 versa

360 673 460 719 vice
496 672 732 736 spondeus
769 669 1132 733 kinterpositUS,
1165 678 1330 733 utpote
1364 670 1624 717 contrarius
1657 671 1818 718 adver-

361 749 466 795 sarii
491 766 623 794 crura
648 747 839 811 frangit.
910 747 1091 810 Saepius
1117 755 1273 792 autem
1302 746 1450 793 tertiae
1475 746 1818 794 lcombinatio-

360 826 431 871 nis
479 823 684 870 secundo
723 823 842 887 pede
884 823 1123 869 invenitur
1160 823 1432 869 communis
1475 824 1673 886 syllaba,
1711 842 1817 888 quae

359 901 595 965 excipitur
631 918 657 946 a
695 900 878 946 duabus
921 900 1307 955 consonantibus,
1346 917 1545 962 quarum
1591 900 1718 963 prior
1758 902 1818 947 sit

321 987 508 1034 fimuta,
544 994 743 1040 sequens
780 976 974 1039 liquida.
1045 976 1168 1022 Sane
1205 976 1319 1022 huic
1354 984 1504 1023 metro
1541 976 1746 1022 ternario
1779 977 1815 1023 si

359 1053 608 1101 accesserit
647 1062 813 1116 quarta
845 1052 1052 1116 dipodia,
1092 1054 1144 1098 fit
1180 1069 1341 1098 versus
1382 1061 1413 1080 ¹¹²
1432 1052 1702 1115 quadratus,
1735 1053 1815 1116 qui

358 1148 442 1195 per
482 1130 884 1177 combinationem
926 1138 1092 1191 quater
1128 1127 1307 1184 feritur,
1351 1128 1540 1174 eosdem
1587 1129 1817 1192 recipiens

359 1208 501 1270 pedes
528 1225 647 1270 quos
674 1216 693 1235 ¹¹
710 1207 896 1253 iambus
923 1206 1167 1260 ternarius,
1192 1222 1327 1268 aeque
1359 1205 1602 1268 tragoediae
1638 1223 1819 1252 comoe-

360 1284 545 1346 diaeque
570 1283 885 1335 conveniens3
923 1290 942 1311 ⁰
959 1291 1006 1328 et
1031 1281 1175 1327 habet
1200 1299 1308 1327 vero
1342 1281 1387 1327 in
1415 1300 1463 1327 se
1487 1282 1813 1329 catalecticum

361 1370 407 1406 et
437 1360 765 1406 acatalectum.
835 1359 890 1404 In
931 1358 1021 1404 hoc
1058 1367 1210 1404 metro
1245 1366 1343 1404 tam
1383 1358 1601 1405 inseritur
1639 1359 1685 1405 in
1725 1361 1817 1405 fine

362 1437 648 1500 pariambus,
669 1452 812 1498 quam
840 1434 1107 1480 excluditur
1130 1443 1150 1473 P
1167 1434 1484 1480 choriambus

676 1580 792 1624 CAP.
818 1576 1037 1623 XXVII.
1098 1577 1179 1623 DE
1202 1591 1508 1622 TRoanlco.

426 1665 743 1710 Trochaicum
784 1674 987 1710 metrum
1031 1664 1196 1727 recipit
1236 1663 1378 1727 pedes
1409 1664 1633 1726 quinque,
1656 1663 1820 1728 dacty-

362 1742 477 1795 lum,
515 1740 796 1804 spondeum,
833 1749 1144 1803 anapaestum,
1170 1741 1462 1803 tribrachyn,
1486 1741 1768 1797 trochaeum,
1795 1760 1820 1787 a

361 1835 456 1879 quo
483 1817 766 1863 nominatur.
818 1816 902 1863 qIn
930 1816 1166 1881 triplicem
1195 1827 1351 1862 autem
1374 1816 1538 1863 feritur
1561 1817 1819 1881 dipodiam‚

361 1902 408 1939 et
443 1893 700 1956 unicuique
737 1893 837 1939 sine
866 1892 1013 1939 dubio
1036 1893 1180 1958 pedes
1213 1903 1308 1939 tam
1346 1903 1688 1957 praeponuntur
1722 1895 1820 1952 Υὴὶ,

360 1971 611 2027 trochaeus,
659 1970 890 2033 dactylus,
938 1970 1233 2032 tribrachys;
1287 1987 1431 2032 quam
1488 1979 1501 1999 ⁵
1518 1970 1822 2034 subjungitur

360 2047 561 2109 quilibet
584 2046 642 2093 de
675 2064 815 2110 supra
840 2047 1113 2093 memoratis
1138 2046 1348 2109 quinque
1384 2047 1600 2110 pedibus.
1659 2048 1821 2094 tCata-

362 2123 487 2169 lexin
512 2123 626 2169 facit
651 2133 732 2169 aut
758 2124 804 2169 in
831 2123 1174 2187 amphimacro,
1202 2134 1282 2169 aut
1307 2123 1352 2169 in
1380 2124 1570 2187 epitrito
1595 2134 1775 2186 quarto.

417 2263 438 2290 g
457 2254 592 2301 tribus]
617 2256 728 2291 tribus
749 2256 801 2291 his
820 2256 864 2291 A.
998 2254 1018 2280 h
1040 2254 1263 2304 tribrachys]
1289 2267 1331 2291 ez*
1350 2256 1559 2292 tribracchis
1579 2257 1622 2292 A.
1732 2254 1743 2281 i
1763 2255 1820 2291 in-

363 2309 592 2355 differenter]
621 2309 860 2356 ind1‘fferentia
886 2308 928 2343 B.
1057 2307 1069 2342 j
1092 2312 1219 2354 σκάζων
1239 2307 1276 2343 in
1299 2309 1372 2344 fine
1392 2308 1622 2356 claudicans]
1645 2309 1820 2345 choliam-

365 2363 427 2397 bus
446 2363 570 2410 infine
589 2362 794 2397 chlodicans
813 2362 857 2397 A.
880 2362 1106 2397 choriambus
1126 2362 1171 2397 B.
1194 2361 1289 2396 Ven.
1313 2373 1380 2409 pro
1401 2364 1540 2406 σκάζων.
1664 2360 1686 2388 k
1704 2361 1819 2399 inter-

364 2413 531 2463 ponitur]
557 2416 782 2461 interpositos
802 2415 892 2450 A.B.
1086 2412 1096 2439 l
1117 2413 1426 2461 combinationis]
1449 2415 1700 2451 declinationis
1722 2415 1818 2452 Ven.

363 2466 427 2516 qui
448 2480 537 2503 mox
559 2469 731 2502 trinacrio
751 2479 818 2515 pro
840 2468 1010 2503 ternario.
1192 2473 1224 2492 m
1244 2467 1445 2515 quadratus
1465 2467 1737 2505 choriambicus
1758 2467 1821 2517 qui

363 2521 508 2569 quater]
533 2522 734 2567 quadratus
760 2522 819 2566 qui
840 2532 909 2567 per
937 2520 1235 2556 cumbinationem
1256 2525 1384 2567 quater
1403 2521 1497 2556 A.B.
1531 2523 1731 2568 quadratus
1760 2524 1821 2569 qui

364 2574 692 2609 choriambitionem
714 2577 842 2620 quater
863 2573 955 2608 Ven.
1148 2581 1168 2600 n
1189 2571 1387 2621 iambicus]
1413 2575 1550 2610 iambus
1568 2575 1662 2611 A.B.
1685 2576 1822 2611 iambus

366 2628 538 2662 trinarius
558 2626 654 2662 Ven.
792 2634 811 2652 0
831 2631 864 2661 et
885 2626 991 2662 habet
1010 2638 1092 2662 vero
1114 2628 1148 2661 in
1168 2638 1203 2661 se
1222 2627 1472 2663 catalectzcum
1492 2633 1526 2663 et
1546 2630 1821 2665 acatalecticum

364 2682 401 2715 in
422 2680 486 2715 hoc
505 2684 619 2715 metro
640 2684 711 2714 tam
734 2680 902 2715 inseritur
921 2679 1017 2715 A.B.
1190 2686 1209 2714 P
1230 2680 1459 2728 periambus]
1483 2682 1706 2717 choriambus
1725 2682 1818 2717 A.B.

364 2740 383 2767 q
404 2731 763 2782 triplici—dipodia]
801 2734 835 2767 in
868 2733 1266 2780 triplicem—slipoclion
1286 2733 1381 2769 A.B.
1411 2735 1584 2782 triplicem
1606 2734 1819 2782 autemfer-

366 2791 425 2822 tur
447 2787 638 2835 tripodium
659 2786 753 2821 Ven.
932 2792 947 2811 ¹·
967 2786 1167 2833 trochaeus]
1194 2787 1249 2821 hic
1272 2787 1435 2823 trocheus
1454 2788 1500 2823 A.
1524 2789 1561 2823 hi
1581 2788 1754 2824 trochaeus
1773 2787 1818 2822 Β.

365 2839 426 2888 qui
456 2852 565 2889 supra
592 2840 686 2885 pecli.
829 2845 843 2865 ⁵
864 2839 1158 2887 subjunguntur]
1181 2838 1411 2885 subjungitur
1431 2840 1523 2876 A.B.
1555 2838 1819 2886 subjzmgantur

366 2893 458 2928 Ven.
600 2892 614 2917 t
635 2891 894 2938 catalecticon]
920 2893 1106 2927 catalaron
1129 2893 1224 2927 A.B.
