1962 3355
366 180 450 219 580

878 176 1142 231 Scriptorum
1163 175 1319 230 aliquot

644 288 826 327 Caesurae
847 301 1039 327 versuum
1062 297 1157 327 sunt
1177 295 1389 341 quattuor,
1410 284 1451 325 id
1473 294 1546 334 est,

427 367 788 414 Pentltemz'meres,
825 365 846 392 h
860 365 1233 420 heplctlzemimeres,
1270 365 1390 404 tritos
1429 363 1637 412 trochcros,
1673 366 1818 401 tetarte

368 436 587 476 bucolicon.
633 433 976 473 Pentlzemimeres
996 447 1159 472 coesnra
1164 434 1240 486 fit,
1262 433 1447 487 quotiens
1460 436 1558 486 post
1578 429 1679 469 duos
1691 428 1818 484 pedes

368 503 528 558 syllaba
558 515 774 541 remanens
794 507 960 555 partem
989 501 1184 540 terminat
1213 500 1427 539 orationis.

1487 499 1539 537 H
1538 497 1612 552 eph
1617 497 1717 536 them
1724 497 1777 535 im
1782 509 1819 536 e-

370 584 436 610 res
463 583 622 609 caesura
634 569 709 622 fit,
729 569 914 622 quotiens
940 573 1035 621 post
1055 573 1136 606 tres
1153 566 1276 620 pedes
1307 579 1524 605 remanens
1544 565 1703 619 syllaba
1723 577 1820 603 ora-

371 637 496 677 tionis
523 640 683 690 partem
718 634 975 673 determinat.

1054 634 1197 673 Tritos
1231 633 1428 673 trocltoeos
1450 633 1528 686 fit,
1559 631 1743 686 quotiens
1774 631 1820 669 in

372 704 496 743 tertia
527 703 697 757 regione
720 716 825 756 pars
855 702 1058 741 orationis
1092 700 1262 755 [finitur
1295 714 1386 740 cum
1412 699 1585 754 dactylo.

1653 698 1823 737 Tetarte

371 772 575 811 bucolicon
587 771 664 824 fit,
686 784 777 810 cum
808 771 854 809 in
875 775 1026 825 quarta
1057 771 1227 825 regione
1250 783 1359 824 pars
1388 767 1590 808 orationis
1621 781 1712 806 cum
1726 766 1822 820 fine

370 852 515 878 sensus
536 837 697 892 dactylo
719 838 985 887 terminatur,
1009 835 1100 876 klcis
1121 837 1317 892 exemplis
1331 852 1343 875 .·

529 906 743 955 Degeneres
763 905 907 942 animos
927 904 1040 942 timor
1060 904 1191 954 arguit.

1250 905 1336 940 Heu
1358 903 1489 953 quibus
1511 903 1583 940 ille.

535 971 645 1013 Nate,
669 984 759 1007 meae
781 970 885 1014 vires,
910 982 990 1006 mea
1011 982 1144 1019 magna
1164 968 1344 1019 potentia,
1367 967 1477 1003 solus.

373 1037 459 1078 Sed
477 1051 528 1077 em
548 1037 613 1077 his
633 1044 829 1094 quattuor
848 1039 1020 1078 caesuris
1041 1037 1136 1077 deta>
1157 1037 1311 1092 prima)
1337 1036 1392 1075 ad
1418 1036 1548 1091 legem
1576 1034 1826 1074 scandendo-

374 1119 467 1144 rum
499 1118 694 1144 versuum
724 1111 823 1146 sant
851 1106 1012 1153 dicatoe,
1033 1110 1175 1144 ceteroe
1197 1117 1293 1144 vero
1313 1103 1407 1143 duae
1433 1108 1691 1158 posterorum
1723 1101 1824 1141 tech-

373 1172 734 1226 nicorumjudicio
754 1179 853 1212 sunt
873 1175 1047 1212 omissae.

1005 1297 1070 1336 De
1093 1295 1243 1336 metris.

432 1375 576 1414 Metra
606 1380 705 1414 sunt
732 1375 947 1414 verborum
978 1376 1117 1430 spatia
1148 1375 1270 1414 certis
1297 1374 1472 1429 pedibus
1501 1387 1549 1412 ac
1579 1373 1827 1428 temporibus

375 1443 612 1491 terminata,
644 1442 791 1496 quibus
821 1441 1009 1481 adhoeret
1042 1441 1274 1494 rhythmus,
1307 1442 1352 1480 'id
1382 1447 1441 1481 est
1473 1441 1708 1489 modulatio,
1736 1454 1828 1495 qum

375 1515 485 1549 certa
506 1509 758 1548 dimensione
781 1515 1006 1564 temporum
1030 1510 1291 1548 terminatur.

434 1576 670 1616 Metrornm
702 1577 891 1615 carmina
918 1591 999 1631 pro
1035 1576 1245 1616 voluntate
1277 1581 1314 1614 et
1348 1590 1428 1629 pro
1463 1575 1723 1618 delectatione
1754 1588 1829 1613 au-

375 1644 486 1683 rium
518 1644 711 1683 instituta
744 1650 856 1693 sunt,
879 1649 940 1692 ut,
961 1643 1163 1699 quidquid
1190 1643 1304 1682 dulce
1333 1649 1513 1692 sonaret,
1534 1644 1726 1683 mulceret
1755 1656 1830 1681 au-

379 1710 524 1750 ditum.

435 1776 661 1817 ¹Prceterea
692 1782 776 1817 tam
798 1777 913 1832 apud
946 1777 1127 1827 Graecos,
1161 1793 1284 1833 quam
1315 1778 1430 1833 apud
1456 1778 1631 1818 Latinos
1664 1778 1831 1834 mlonge

436 1914 456 1941 h
493 1916 822 1962 hephthemimeres,
862 1917 965 1952 tritos
1003 1921 1075 1952 tro-

378 1969 505 2015 clzaeos]
535 1969 620 2004 Ms.
642 1971 876 2016 eptimimeres
903 1972 985 2005 titos
1006 1975 1076 2005 tro-

378 2023 501 2064 chceos,
523 2030 561 2057 et
580 2023 631 2058 sic
652 2022 751 2059 alibi.
788 2023 943 2060 HEUS.

432 2073 585 2123 ifim'tur
605 2088 682 2110 cum
709 2077 870 2123 dactylo]
903 2076 989 2113 MS.
1011 2077 1076 2111 da-

378 2130 485 2164 ctulo.
530 2128 804 2176 Reponendum
827 2142 912 2166 vero
931 2137 986 2166 est
1007 2135 1079 2164 tro-

380 2183 487 2218 chaeo.
521 2182 674 2217 HEUS.

432 2232 453 2260 k
475 2235 527 2270 his
546 2235 729 2282 exemplis]
762 2235 922 2272 Videtur
950 2243 1079 2272 auctor

379 2287 605 2337 singularum
623 2300 844 2324 caesurarum
860 2289 1006 2339 singula
1018 2303 1079 2325 ex-

379 2340 502 2389 empla
533 2341 591 2376 hic
621 2340 815 2377 addidisse.
873 2342 1076 2385 Librarius,

380 2393 454 2429 sive
493 2394 731 2443 negligentia,
768 2394 840 2430 sive
878 2394 965 2444 quia
1005 2409 1079 2432 non

382 2447 542 2488 videbat,
563 2459 636 2495 quo
659 2447 769 2482 modo
790 2447 956 2496 proxime
982 2461 1076 2496 prae-

379 2511 513 2548 gressae
544 2498 752 2534 definitioni
780 2503 939 2548 τετάρτης
970 2503 1081 2544 βουκο-

381 2557 475 2587 λικῶν
506 2551 677 2601 exempla
707 2551 929 2588 diversarum
966 2566 1081 2589 caesu-

382 2618 503 2640 rarum
529 2603 660 2651 subjici
690 2604 846 2654 possint,
868 2606 1079 2655 exemplum

381 2660 549 2705 τατάρτης
575 2659 762 2701 βουκολικέὖν
789 2670 809 2694 e
835 2658 967 2708 Virgll.
988 2660 1079 2695 AEn.

382 2711 448 2747 lv.
473 2723 527 2758 13·
559 2710 657 2760 quod
682 2709 814 2747 ultimo
835 2711 917 2747 loco
937 2725 1080 2761 ponen-

382 2764 469 2800 dum
502 2771 592 2806 erat,
626 2764 746 2813 primo
776 2763 933 2814 scripsit.
992 2767 1081 2802 Post

382 2816 419 2852 id
449 2816 635 2853 ordinavit
668 2829 813 2853 versum
849 2830 892 2853 ex
927 2819 1079 2855 AEneid.

383 2871 414 2906 1.
435 2870 524 2906 668.
545 2883 654 2919 quem
687 2878 816 2906 auctor
841 2872 939 2917 τομὴν
965 2874 1078 2916 πενθη-

382 2926 497 2970 μιμερῆ
516 2923 699 2960 declarare
715 2930 824 2972 atque
845 2925 1003 2973 primum
1026 2925 1079 2960 lo-

1132 1929 1216 1952 cum
1249 1929 1431 1967 occupare
1458 1917 1633 1954 voluerat.
1693 1918 1830 1954 Versus

1132 1982 1229 2011 vero,
1263 1971 1395 2018 quibus
1426 1971 1508 2007 duae
1537 1971 1686 2019 reliquae
1715 1984 1830 2008 caesu-

1134 2035 1181 2058 rae
1212 2024 1527 2066 monstrabantur,
1555 2023 1664 2073 plane
1695 2023 1832 2060 omisit.

1188 2128 1198 2155 l
1221 2131 1420 2178 Praeterea]
1446 2130 1606 2180 Vulgata
1620 2129 1751 2166 Isidori
1769 2142 1830 2166 ex-

1136 2183 1313 2231 emplaria
1347 2183 1410 2219 lib.
1443 2184 1473 2219 I.
1509 2183 1614 2233 Orig.
1653 2196 1734 2232 cap.
1767 2195 1830 2231 37.

1135 2235 1314 2282 adjiciunt
1342 2237 1488 2272 verbum
1520 2238 1710 2278 sciendam,
1733 2236 1832 2285 quod

1136 2288 1270 2325 rectius
1291 2302 1311 2325 a
1330 2297 1458 2325 nostro
1479 2297 1515 2325 et
1536 2289 1582 2325 ab
1597 2288 1746 2339 optimis
1763 2289 1831 2326 Isi-

1134 2342 1212 2378 dori
1242 2341 1432 2378 codicibus
1462 2343 1579 2378 abest.
1637 2342 1767 2378 Solent
1792 2344 1831 2386 ii,

1135 2394 1195 2443 qui
1225 2394 1512 2431 commentarios
1542 2395 1745 2432 electorum
1779 2396 1832 2432 fa-

1135 2448 1251 2487 ciunt,
1292 2457 1401 2496 atque
1448 2448 1558 2485 etiam
1599 2448 1834 2498 Hispalensis

1135 2501 1344 2550 episcopus,
1380 2502 1447 2538 hac
1484 2502 1662 2538 brevitate
1700 2501 1764 2545 uti,
1797 2511 1835 2539 et

1137 2554 1256 2596 verba,
1279 2567 1360 2603 quae
1388 2568 1462 2590 non
1484 2555 1564 2591 sine
1584 2554 1694 2591 taedio
1722 2555 1833 2591 lecto-

1138 2619 1216 2642 rum
1249 2607 1383 2656 saepius
1411 2608 1576 2644 iteranda
1604 2608 1771 2650 fuissent,
1793 2621 1834 2644 ο-

1137 2659 1298 2697 mittere.
1375 2661 1484 2697 Conf.
1532 2661 1714 2697 Isidorum
1765 2662 1834 2698 hoc

1136 2712 1216 2762 ipso
1244 2713 1338 2750 libro
1359 2727 1437 2763 cap.
1459 2726 1496 2762 3.
1525 2727 1558 2763 p.
1577 2715 1665 2751 820.
1696 2727 1744 2750 vs.
1771 2726 1832 2762 25.

1135 2779 1214 2814 cap.
1233 2778 1294 2815 39.
1317 2780 1350 2816 p.
1368 2767 1454 2815 854.
1475 2780 1527 2803 vs.
1542 2778 1603 2815 57.
1625 2768 1692 2804 &c.
1735 2767 1835 2803 Hinc

1136 2820 1269 2863 Graeci,
1291 2828 1469 2869 tanquam
1490 2820 1663 2857 AElianus
1691 2820 1726 2856 in
1751 2821 1833 2856 Var.

1140 2873 1238 2908 Hist.
1261 2872 1466 2910 orationem
1487 2886 1585 2923 saepe
1605 2874 1651 2909 ab
1670 2873 1718 2909 ὅτι
1742 2872 1834 2910 inci-

1138 2925 1256 2973 piunt.
1315 2926 1549 2963 Glossatores
1567 2939 1654 2962 vero
1682 2934 1834 2963 senten-
