1962 3355
629 512 1477 567 aCOMMENTARIUM

371 654 596 694 RUFINI
631 654 678 692 V.
702 653 756 691 D.
792 651 1219 691 GRAMMATICI
1253 650 1722 690 ANTIOCHENSIS

654 742 719 780 IN
755 741 984 780 METRA
1017 741 1458 781 TERENTIANA.

862 897 1248 924 -—-Q-———

325 1014 440 1087 aaE
454 1037 816 1084 UANTHIUS
842 1037 887 1082 in
915 1037 1274 1083 Commentario
1294 1038 1505 1083 Terentii
1531 1037 1589 1083 de
1609 1037 1781 1094 fabula,

327 1114 416 1160 hoe
436 1123 506 1160 est
525 1114 610 1160 bde
632 1113 884 1171 comoedia,
904 1115 969 1160 sie
993 1114 1134 1160 dicit:
1172 1122 1199 1141 “
1219 1114 1466 1160 Coneinna
1485 1123 1780 1177 argumento,

325 1196 351 1215 ‘⁶
377 1190 705 1237 consuetudini
733 1209 954 1254 congrua,
977 1191 1108 1237 utilis
1143 1190 1402 1247 sententiis,
1427 1198 1558 1253 grata
1590 1190 1779 1244 salibus,

327 1274 353 1293 ‘⁶
379 1278 488 1330 apta
514 1269 706 1314 metro.”
774 1268 839 1313 Et
869 1277 1032 1331 postea
1066 1268 1158 1313 sic:
1196 1275 1223 1293 ‘⁶
1247 1268 1442 1313 Veteres
1468 1266 1553 1313 etsi
1585 1267 1655 1312 usi
1690 1265 1778 1330 ipsi

327 1350 355 1369 ‘⁶
380 1361 570 1405 quoque
616 1352 633 1373 ⁰
650 1344 811 1390 metris
859 1344 1174 1407 negligentius
1222 1344 1412 1390 iambici
1455 1361 1614 1389 versus
1661 1342 1781 1389 dun-

328 1426 511 1465 “taxat
548 1420 593 1466 in
636 1421 844 1467 seeundo
881 1430 926 1466 et
962 1431 1128 1483 quarto
1162 1422 1280 1478 loco,
1305 1431 1464 1467 tamen
1500 1438 1523 1465 a
1557 1419 1780 1465 Terentio

327 1503 355 1523 “
380 1496 638 1543 vincuntur
675 1498 958 1544 resolutione
998 1497 1136 1559 hujus
1177 1497 1311 1543 metri
1353 1505 1585 1559 quantum
1623 1504 1781 1558 potest

326 1579 354 1599 ‘⁶
379 1573 660 1620 comminuti
688 1574 743 1620 ad
769 1574 1025 1637 imaginem
1053 1592 1201 1638 prosae
1228 1572 1489 1619 orationis.''

395 1650 548 1713 Asper
573 1650 618 1695 in
644 1650 1003 1696 Commentario
1027 1650 1235 1696 Terentii
1262 1649 1354 1695 sic:
1391 1654 1418 1675 ‘⁶
1440 1649 1602 1694 Hosee
1623 1665 1779 1694 versus

329 1732 358 1751 ‘⁶
385 1743 522 1787 agere
548 1729 785 1789 coepisset,

440 1806 467 1824 ‘⁶
490 1803 612 1841 Itane
625 1803 768 1857 patris
788 1804 852 1842 ais
873 1803 1098 1842 adventum
1119 1802 1296 1842 veritum
1317 1801 1412 1840 hinc
1433 1801 1566 1840 abisse
1582 1800 1760 1840 domum.

326 1881 353 1899 ‘⁶
378 1873 442 1919 Et
467 1873 688 1936 deinceps
713 1892 817 1936 quae
843 1884 1106 1936 sequuntur
1130 1873 1385 1936 quadrati.”

392 1948 681 1995 dDiomedes
721 1949 810 1996 sic:
848 1959 876 1977 ‘⁶
901 1950 1229 2014 Septenarium
1273 1967 1457 1996 versum
1495 1949 1642 1996 Varro
1679 1950 1779 1994 fieri

327 2034 352 2051 ‘⁶
379 2025 493 2071 dicit
531 2025 622 2071 hoe
663 2026 820 2083 modo,
857 2035 990 2073 eeum
1035 2027 1091 2073 ad
1134 2027 1348 2073 iambum
1388 2026 1659 2089 trisyllabus
1696 2043 1779 2090 pes

328 2107 355 2126 ‘⁶
381 2101 582 2157 additur,
608 2112 654 2147 et
678 2104 732 2148 fit
756 2104 864 2157 tale,

442 2182 469 2200 ‘⁶
495 2178 606 2223 Quid
624 2178 934 2219 immerentibus
954 2181 1102 2219 noces?
1132 2180 1233 2234 qnid
1254 2180 1414 2221 invides
1435 2181 1580 2221 amicis
1594 2181 1637 2220 ‚9³⁹

395 2258 421 2276 ‘⁶
447 2250 677 2297 Similiter
701 2252 749 2297 in
774 2252 996 2298 Terentio
1021 2270 1180 2298 versus
1206 2263 1290 2307 est,

442 2330 470 2351 “
488 2327 603 2366 Nam
624 2329 661 2367 Si
684 2329 897 2368 remittant
916 2330 1130 2384 quippiam
1155 2329 1433 2368 fPlcilumenae
1453 2329 1622 2369 dolores.

392 2404 418 2423 ‘⁶
442 2397 507 2444 Et
532 2398 580 2444 in
604 2399 772 2445 Plauto
797 2418 920 2463 saepe
944 2401 1059 2446 tales
1084 2401 1417 2464 reperiuntur.''

392 2474 540 2520 Varro
565 2475 622 2520 de
647 2476 807 2538 lingua
831 2476 1003 2522 Latina
1028 2476 1084 2522 ad
1114 2478 1392 2523 'Marcellum
1422 2478 1513 2523 sie:

393 2555 421 2576 ‘⁶
447 2551 604 2602 Quare
630 2551 675 2596 in
704 2552 974 2613 hujusmodi
1015 2553 1124 2598 loeis
1161 2553 1271 2617 poni
1310 2564 1497 2617 oportet
1532 2563 1691 2601 notam
1731 2554 1778 2600 in

327 2631 355 2652 ‘⁴
381 2635 696 2673 transversum
720 2627 841 2674 inter
865 2628 1083 2690 syllabas,
1108 2629 1400 2692 frequentius
1427 2630 1483 2676 ad
1510 2640 1779 2677 extremum

382 2753 402 2773 a
421 2747 763 2794 Commentarium]
789 2747 849 2784 Sic
868 2748 951 2785 Ald.
977 2750 1276 2787 Commentarimn
1301 2753 1424 2800 Rufini
1444 2754 1487 2788 (le
1507 2753 1637 2788 Metris
1659 2753 1777 2789 Comi-

328 2801 376 2835 εἰς
396 2800 490 2836 Ven.
575 2806 615 2827 aa
633 2800 862 2848 Euanthius]
886 2802 1069 2839 Euantius
1086 2804 1181 2841 Ven.
1204 2818 1235 2841 v.
1256 2806 1408 2842 Terent.
1430 2806 1663 2842 U‘esterhow
1685 2805 1729 2840 T.
1745 2806 1777 2841 Ι.

329 2866 364 2901 p.
388 2865 456 2889 LV.
544 2851 563 2878 b
585 2853 630 2889 de
650 2853 849 2901 comoedia]
872 2855 1042 2892 comedia
1062 2858 1158 2893 Ven.
1268 2866 1284 2884 c
1306 2858 1450 2904 metris]
1474 2858 1510 2894 in
1533 2857 1659 2894 metris
1679 2859 1778 2895 Ven.

329 2904 346 2931 11
367 2906 589 2993 Diomxedes]
615 2920 650 2956 p.
668 2919 756 2954 514.
853 2915 869 2933 e
889 2909 993 2954 cum]
1015 2923 1129 2958 quum
1151 2912 1244 2947 Ven.
1357 2911 1371 2937 f
1388 2911 1632 2958 Philumenae]
1657 2911 1778 2961 philo-

330 2973 445 2996 lllGllae
503 2972 560 2996 el]-
