1962 3355
129 207 236 237 CAP.
264 202 306 237 2.
588 190 671 236 De
696 189 877 236 Metris
905 190 1183 236 Oratorum.
1486 197 1583 246 389

242 314 329 353 Aut
349 314 435 353 vice
455 317 616 352 mutata
636 325 782 351 nomen
803 312 1035 352 mutabitur
1057 313 1145 351 uni.

241 381 445 421 nPrimus
465 380 626 420 iambus
646 380 741 428 erit,
762 393 854 419 cum
858 379 997 433 finem
1018 380 1193 419 creticus
1213 378 1358 434 ea‘plet.

240 449 392 487 Prima
412 449 564 497 brevis,
585 447 799 502 longaeque
820 447 927 496 duce,
950 447 1103 497 brevis,
1125 447 1274 487 ultima
1294 447 1437 502 longa,

241 516 574 571 Eoeemplumque
593 515 701 555 artis
721 514 892 554 dabitur
912 513 1143 569 respublica
1162 514 1292 563 nobis,

242 592 286 611 nn
304 585 437 630 Quam
459 584 603 624 Cicero
623 597 722 623 casu
738 582 929 638 genitivo
942 595 1100 637 ponere
1113 581 1287 637 gaudet.

242 651 338 690 Hoc
353 651 457 706 pede
476 651 694 706 composito
715 649 1048 704 laudaturjama
1065 649 1282 705 pedestris,

250 719 305 759 Ut
325 719 437 759 docet
460 719 672 760 Ausonius
692 723 834 759 orator
861 717 1030 757 Tullius
1050 717 1217 771 ingens.

249 787 450 827 Omnibus
468 788 545 828 iste
565 788 661 827 locis
682 800 902 826 numerum
914 799 993 841 pes
1013 786 1134 840 efficit
1153 791 1312 841 aptum,

249 854 400 910 Longa
421 855 580 894 brevem
601 855 805 910 sequitur,
827 854 994 910 longam
1016 853 1167 902 brevis,
1187 852 1320 907 adjice
1339 851 1524 907 longam,

246 922 420 977 Syllaba
436 924 582 978 prima
603 923 739 962 brevis
759 936 851 962 cum
869 921 1028 977 syllaba
1048 921 1176 976 longa
1194 919 1389 968 secunda,

252 990 400 1029 Tertia
420 990 563 1045 longa,
586 990 723 1030 brevis
742 995 908 1045 quarta,
922 988 1208 1044 productaque
1227 989 1377 1044 quinta

254 1057 422 1097 Tullius
441 1063 597 1106 orator,
619 1071 690 1096 ceu
710 1057 830 1096 multi
850 1056 1062 1096 dochmion
1082 1061 1220 1096 ornat.

736 1157 858 1202 Item
887 1156 952 1202 sic
971 1175 980 1202 z
1608 1176 1630 1206 4

249 1245 439 1285 Creticus
458 1251 580 1300 atque
600 1244 800 1285 trochccus
820 1245 901 1284 erit
920 1244 992 1299 qui
1011 1243 1201 1283 claudere
1218 1248 1409 1298 possunt,

247 1312 335 1351 Aut
355 1312 560 1366 spondeus
580 1313 689 1352 inest
708 1311 822 1351 nidlo
841 1311 1080 1350 discrimine
1083 1311 1214 1366 finis.

249 1377 287 1432 [0
295 1379 383 1419 Aut
404 1380 490 1419 vice
510 1385 670 1420 mutata
690 1392 836 1419 nomen
857 1379 1089 1418 mutabitur
1107 1378 1227 1432 illis]

247 1447 544 1502 Principioque
564 1446 766 1487 trochceon
786 1446 919 1496 habes,
944 1447 1002 1499 in'
1001 1447 1093 1500 fine
1112 1446 1343 1487 molossum.

246 1514 303 1554 At
307 1516 420 1570 finis
441 1515 632 1555 bacchius
652 1515 746 1563 erit,
768 1514 905 1554 brevis
925 1514 1073 1554 ultima
1092 1514 1267 1555 claudet.

248 1583 399 1638 Longa
419 1585 475 1623 sit
495 1597 604 1623 anne
624 1583 776 1630 brevis,
797 1582 959 1622 nullum
979 1582 1202 1622 discrimen
1221 1581 1406 1622 habetur.

254 1651 309 1690 Ut
328 1652 427 1691 solet
446 1652 490 1691 in
512 1653 656 1692 metris
676 1651 817 1691 doctus
837 1664 1075 1706 componere
1097 1656 1221 1691 vates.

251 1718 336 1757 Aut
358 1719 498 1759 PAsioe
518 1720 705 1759 numeris
721 1719 906 1774 pulcher2
928 1719 1091 1773 bisfine
1111 1718 1327 1759 trochaeus.

252 1786 337 1826 Sed
357 1788 495 1841 magis
516 1788 701 1842 erigitur
718 1787 896 1842 spondeo
915 1787 1104 1827 clausula
1104 1787 1258 1841 fortis.

252 1853 305 1891 H
303 1868 381 1893 ane
401 1854 511 1894 docet
531 1855 734 1910 cloquium
755 1855 906 1894 summi
927 1855 1216 1895 Demosthenis
1236 1860 1379 1895 artem.

589 1955 741 2000 them
769 1973 927 2001 versus
954 1954 1146 2001 Rufini:
1614 1974 1631 2005 5

252 2042 446 2096 Spondeo
466 2057 648 2082 narrare
668 2044 798 2083 solent
819 2044 892 2084 tibi
914 2043 1096 2083 rhetores
1116 2048 1223 2091 acta,

253 2109 373 2155 Quod
385 2111 543 2165 gravis
563 2117 601 2150 et
622 2111 783 2159 tardus,
805 2124 871 2150 res
885 2116 1031 2166 gestas
1051 2111 1255 2151 mentibus
1275 2111 1412 2165 affert,

251 2176 485 2231 Dactylicis
504 2183 664 2217 certant
676 2178 854 2232 pedibus
875 2179 946 2233 qui
966 2192 1136 2218 currere
1147 2183 1342 2233 possunt.

250 2244 444 2283 Dicimus
464 2246 660 2300 egregios
687 2245 940 2300 Theopompi
961 2260 1071 2286 more
1089 2247 1263 2295 labores,

248 2312 311 2351 Et
330 2313 459 2351 vitam
481 2313 692 2368 insignem
712 2313 934 2354 laudamus
956 2314 1157 2355 Isocratis
1178 2320 1304 2364 farte,

252 2380 304 2418 H
303 2381 340 2419 ic
359 2380 481 2420 stilus
501 2380 704 2431 historiis,
726 2382 792 2421 hic
811 2382 1005 2422 laudibus
1024 2382 1164 2438 aptior
1184 2382 1325 2422 liceret.

162 2484 237 2529 De
265 2485 444 2530 ambitu
473 2486 569 2531 sive
593 2487 807 2545 circuitu,
833 2504 975 2550 quem
1004 2488 1158 2534 Graeci
1185 2486 1376 2550 8περίοδον
1399 2486 1579 2534 dicunt.
1616 2505 1636 2535 6

253 2572 405 2611 Dicere
425 2587 544 2612 musa
550 2574 690 2628 jubet,
712 2589 774 2615 me
794 2576 928 2616 dicere
933 2577 1073 2631 jussit
1092 2576 1253 2631 Apollo,

254 2640 508 2679 ‘Circuitum
529 2647 813 2697 orator-&quot
831 2644 1023 2684 membris
1044 2643 1214 2683 reddere
1233 2642 1363 2692 debet,

196 2766 214 2783 ¹¹
236 2757 395 2807 primus]
420 2771 557 2807 pronus,
580 2759 671 2796 Ven.
797 2769 839 2788 nn
860 2763 1001 2810 Quem]
1025 2765 1149 2803 Quam
1170 2765 1265 2800 Ven.
1288 2763 1373 2800 Ald.
1488 2768 1506 2787 ⁰
1522 2762 1597 2796 Aut

144 2811 347 2848 vice—illis
367 2825 442 2848 om.
482 2813 576 2847 Ven.
598 2812 682 2849 Ald.
770 2830 776 2836 ⁸
821 2821 841 2849 P
861 2816 972 2863 Asiae]
996 2817 1092 2853 adsit
1113 2818 1206 2854 Ven.
1227 2817 1310 2853 Ald.
1459 2822 1477 2848 q
1499 2815 1594 2850 Item

141 2878 265 2901 versus
286 2864 414 2901 Rufini
435 2878 511 2901 om.
533 2866 630 2902 Ven.
651 2866 734 2902 Ald.
890 2875 901 2891 Γ
921 2870 1016 2917 arte]
1039 2878 1156 2907 artem
1177 2872 1272 2906 Ven.
1429 2874 1444 2893 s
1464 2869 1598 2915 περίοδον

141 2931 216 2955 om,
238 2919 331 2955 Ven.
471 2920 481 2939 t
502 2917 727 2967 Circuitum]
751 2919 920 2958 Circuitu
940 2923 1035 2959 Ven.
1165 2931 1185 2950 V
1204 2924 1313 2972 quot]
1339 2919 1428 2971 quid
1450 2921 1543 2956 Ven.
