1962 3355
97 192 202 224 CAP.
229 188 266 225 1.
552 179 637 226 De
661 178 842 226 Metris
870 178 1084 226 Cornicis.
1450 185 1542 223 385

162 299 296 346 Idem
337 301 533 347 Sisenna
570 301 616 346 in
641 301 997 364 Amphitryone
1021 301 1113 347 sic:
1153 305 1180 326 ‘⁶
1205 298 1299 346 His
1325 307 1548 361 quattuor
1570 314 1606 335 22

94 381 121 401 ‘⁶
147 378 397 440 generibus
428 378 648 440 quintum
685 377 880 431 accedit,
905 377 963 422 de
996 394 1166 440 genere
1192 392 1408 422 versuum
1438 373 1546 436 ¹¹qui

96 458 123 477 ‘⁶
150 470 244 499 non
271 464 380 500 sunt
405 454 718 501 uniusmodi.”

163 529 299 576 Idem
336 531 534 577 Sisenna
559 531 604 576 in
628 531 840 594 Captivis
861 530 951 577 sic:
988 536 1016 556 ‘⁶
1043 530 1142 576 Hic
1169 529 1354 574 iornatu
1382 545 1401 572 s
1427 527 1550 572 litte·
1571 543 1609 572 23,

98 623 195 652 ram
222 607 356 652 metri
385 625 525 652 causa
548 606 768 653 kam.isit.''

164 683 299 729 Idem
340 684 535 730 Sisenna
573 684 616 730 in
645 685 892 730 Aulularia
931 685 1023 730 sic:
1060 691 1089 711 ‘⁶
1116 684 1238 730 Haec
1273 701 1413 729 scena
1445 699 1553 728 ana-

97 765 125 785 “
152 760 347 822 paestico
385 770 534 807 metro
570 771 655 818 est,
685 761 787 807 ¹sed
826 761 1013 808 concisa
1052 770 1176 818 sunt,
1202 770 1254 807 ut
1287 778 1380 806 non
1416 758 1553 805 intel-

98 842 125 861 “
152 836 310 899 ligas.”
504 891 511 897 -

164 912 292 958 Juba
327 913 371 959 in
404 915 524 960 libro
548 927 715 978 quarto
751 916 818 962 sic
849 915 990 961 dicit:
1027 923 1055 942 “
1080 915 1357 961 lamborum
1395 913 1554 974 itaque
1576 935 1615 964 24

99 994 127 1015 “
150 991 369 1053 exempla
394 1009 498 1052 quae
521 993 774 1038 mmaxime
799 992 1094 1053 frequentata
1120 999 1231 1036 sunt
1255 988 1440 1035 subdidi
1461 1008 1469 1034 :

233 1086 404 1146 ηΠάτερ
430 1087 652 1145 Ανκοῖμβα,
678 1092 781 1131 ποῖον
806 1085 966 1146 ἐφράσω
991 1083 1112 1135 το]ῧε;

231 1159 388 1211 Δαναὸς
412 1163 429 1206 ὁ
452 1163 690 1218 πεντήκοντα
715 1160 929 1222 θυγατέρων
953 1162 1097 1222 πατήρ.

233 1239 394 1300 ΟΞανθῇ
416 1243 571 1301 παλαιῇ
594 1236 690 1298 γρηῒ
709 1242 907 1300 πολλῇσιν
931 1235 1049 1300 φίλῃ.

233 1309 339 1367 Οἷδ’,
366 1312 434 1358 ὑπὸ
458 1313 535 1375 ’γαρ
561 1313 660 1373 ὑμῶν
684 1315 883 1376 παρετάθη
905 1311 971 1357 καὶ
997 1312 1254 1375 Περικλέους.

230 1389 403 1447 Ἱμάτιον
428 1389 556 1452 ἐφόρει
582 1389 763 1450 μαλακὸν
788 1389 892 1453 ἐρίων
916 1395 1143 1435 Σικελικῶν.

230 1464 288 1510 Τὸ
308 1466 346 1511 δὲ
370 1468 690 1529 προσκεφάλαιον
715 1465 839 1524 φησιν
862 1465 951 1526 ἅμα
976 1463 1037 1512 σοι
1063 1466 1278 1525 βούλομαι.

222 1542 363 1582 Videre
383 1557 465 1582 mm
488 1544 575 1583 vult
598 1544 801 1584 PCoelium
826 1543 1045 1583 Pancetius

211 1610 379 1650 Misera
400 1612 563 1651 marino
584 1625 676 1667 quse
696 1611 887 1651 qtmnida
907 1611 1026 1651 litore

222 1679 347 1718 Vallis
364 1693 442 1734 per
462 1680 568 1719 ‘imas
590 1693 710 1719 avene
730 1679 870 1719 labens
890 1679 1055 1718 caerulo.

215 1747 418 1803 Armiger
437 1749 501 1787 ‘in
523 1748 604 1787 Ida
621 1749 723 1803 pede
744 1763 853 1803 vago
873 1748 1000 1788 litora
1013 1753 1160 1802 petens

218 1814 402 1863 Coerula,
424 1829 507 1855 non
527 1816 651 1855 aliter
671 1830 877 1870 superans
897 1815 1078 1870 sliqnida
1099 1814 1303 1854 malacioe.

220 1882 366 1945 ῒΠαρὰ
391 1889 515 1941 σοφοῦ
540 1886 668 1943 νμάθε
694 1883 816 1928 κλύων
841 1882 917 1927 ὅσα
942 1902 1002 1932 τις
1027 1879 1073 1926 ἂν
1097 1882 1336 1940 καταμάθοι.

217 1959 518 2014 WRapefizces,
539 1973 636 2014 cape
649 1973 778 2014 puer,
799 1973 921 2013 sopor
941 1958 1042 2007 abit,
1065 1971 1164 1997 cane
1185 1957 1320 1996 melos.

170 2045 227 2089 In
253 2043 344 2089 alio
368 2044 471 2089 loco
497 2044 588 2090 sic:
626 2050 652 2070 ‘⁴
678 2042 947 2090 [ambicum
988 2052 1193 2088 metrum
1231 2059 1322 2087 non
1358 2057 1415 2086 ex
1450 2040 1560 2085 solis
1580 2058 1618 2088 25

105 2119 328 2165 “iambis
361 2119 689 2175 conscribitur,
726 2119 805 2165 sed
843 2119 1053 2181 quinque
1087 2118 1285 2181 suscipit
1320 2116 1480 2180 pedeS,
1512 2115 1560 2161 id

105 2202 133 2222 ‘⁶
157 2204 228 2242 est
263 2195 496 2253 iambum,
530 2195 854 2249 tribrachum,
892 2194 1483 2259 anapaestum,dactylum,
1516 2201 1563 2238 et

104 2279 132 2299 ‘⁶
158 2272 437 2336 spondeum,
475 2272 565 2318 hoc
600 2282 671 2319 est
709 2273 921 2318 iambum
963 2280 1010 2318 et
1049 2270 1312 2335 spondeum
1352 2280 1399 2316 et
1438 2269 1561 2315 solu-

104 2357 134 2377 “
159 2350 310 2396 tiones
336 2367 515 2398 eorum.
535 2349 713 2395 scilicet
737 2367 793 2395 ex
821 2348 965 2395 iambi
993 2348 1226 2393 solutione
1251 2347 1560 2400 tribrachum,

158 2529 179 2556 h
199 2531 262 2580 qui
282 2531 376 2578 non]
399 2531 461 2580 qui
484 2532 576 2568 Ven.
597 2532 683 2568 Ald.
794 2530 804 2557 i
825 2541 957 2568 ornatu
980 2532 1023 2578 S]
1049 2538 1201 2567 ornatus
1222 2531 1317 2567 Ven.
1426 2526 1448 2554 k
1469 2527 1560 2564 ami-

105 2583 170 2631 sit]
195 2583 295 2620 misit
318 2584 402 2620 Ald.
580 2584 590 2611 l
611 2585 672 2621 sed
693 2584 859 2633 concisa]
886 2597 925 2632 s3
949 2588 1054 2621 codsa
1074 2586 1171 2622 Ven.
1193 2584 1257 2620 sed
1278 2595 1456 2620 conversa
1475 2581 1559 2617 Ald.

105 2645 136 2663 m
157 2637 316 2674 maxime
336 2650 412 2674 om.
435 2638 531 2674 Ven.
553 2638 638 2674 Ald.
749 2646 769 2665 n
789 2641 1116 2686 Πάτερ-βούλομαι
1137 2651 1213 2674 om.
1236 2637 1331 2673 Ven.
1435 2644 1454 2663 0
1474 2639 1560 2673 Ξαν-

105 2693 354 2737 θῆ-βοῦλομαι
385 2704 460 2726 om.
495 2691 577 2727 Ald.
767 2700 787 2727 P
817 2691 979 2728 Coelium
1015 2691 1217 2738 Panaetius]
1253 2690 1387 2727 coelum
1419 2700 1561 2738 paneus

104 2755 201 2792 Ven.
224 2754 359 2791 coelum
384 2755 424 2790 P.
446 2754 528 2790 Ald.
638 2762 658 2789 q
678 2755 838 2803 tumida]
863 2755 1034 2792 timidam
1059 2756 1151 2791 Ven.
1177 2755 1275 2790 Tum
1298 2756 1333 2789 in
1354 2753 1456 2789 addit
1478 2751 1560 2788 Ald.

106 2816 121 2835 ¹·
141 2808 179 2845 in
199 2808 285 2854 Ida]
310 2808 410 2844 unda
430 2808 526 2844 Ven.
548 2807 648 2843 huda
667 2808 750 2844 Ald.
885 2816 900 2834 s
921 2808 1059 2857 liquida
1079 2807 1262 2855 malaciae]
1286 2807 1385 2855 liqna
1406 2803 1560 2841 maliciae

108 2862 203 2899 Ven.
224 2862 307 2900 Ald.
443 2864 452 2884 ¹
472 2862 571 2909 Παρὰ
591 2869 662 2897 etc.
684 2874 760 2897 om.
782 2862 879 2897 Ven.
1014 2869 1034 2887 V
1051 2865 1138 2908 μάθε
1159 2862 1275 2907 κλύων]
1300 2861 1461 2905 μεμάθηκ’
1483 2857 1561 2904 ἐγὼν

108 2915 193 2952 Ald.
305 2922 334 2940 w
353 2915 459 2964 Rape
480 2913 587 2962 facis]
612 2914 708 2950 faces
727 2927 818 2965 cape
838 2915 931 2951 Ven.
954 2923 990 2951 et
1012 2928 1096 2951 mox
1118 2927 1205 2950 rane
1227 2913 1344 2949 melis.

789 2986 877 3023 3D
