1962 3355
125 193 235 226 CAP.
257 187 302 225 8.
338 179 422 225 De
443 177 772 240 Autispastico
795 184 944 224 metro
969 185 1014 225 et
1039 187 1138 241 ejus
1161 177 1419 239 speciebus.
1489 184 1578 232 291

123 298 376 362 f[Constat
422 300 549 346 enim
598 299 953 346 Pherecratium
999 297 1359 363 antispasticum
1403 295 1581 360 duplici

124 376 423 423 Pherecratio
446 376 684 439 dactylico
708 375 948 438 copulato,

237 453 366 493 Nunc
386 459 423 493 te
443 452 604 492 Bacche
624 466 786 502 canam,
811 465 882 491 nec
900 466 984 491 nort
1004 450 1229 505 sylvestria
1249 450 1416 505 tecum]

334 589 418 636 De
440 590 660 636 trimetro
686 588 1100 654 brachycatalecto
1124 587 1367 634 Praxilz'o,
1598 600 1619 634 6

188 677 524 739 Antis-pastum
570 678 842 724 trimetrum
890 676 1357 740 brachycatalectum
1399 674 1582 722 Praxi-

121 753 239 800 lium
264 755 318 800 fit
343 754 540 818 ghippio
564 755 718 812 tertio,
744 755 894 800 tribus
919 753 1152 807 trochaeis,

357 831 632 886 Tralmmtque
652 845 763 870 nunc
784 831 986 871 machinae
1005 831 1209 870 carinam.

123 901 233 947 Hoc
258 902 400 948 etiam
427 903 798 966 ithyphallicum
822 904 1188 965 antispasticum
1213 910 1529 965 nuncupatur.

267 1044 351 1090 De
374 1051 656 1092 tetrametro
673 1062 798 1107 puro
822 1045 1132 1107 antispastico
1157 1043 1433 1090 acatalecto.
1598 1061 1615 1094 7

185 1131 574 1193 Antispasticum
605 1138 937 1178 tetrametrum
966 1149 1146 1193 purum
1181 1131 1499 1178 acatalectum
1524 1132 1579 1177 fit

119 1216 343 1268 quattuor
366 1207 651 1270 antispastis,

233 1284 361 1337 Refer
381 1284 514 1323 slIusa
526 1297 679 1338 precor
699 1283 818 1322 dulce
837 1283 959 1323 melos
981 1297 1073 1323 voce
1093 1283 1113 1310 ¹³
1123 1297 1278 1323 sonans
1297 1297 1434 1324 sacra.

119 1355 343 1402 Graecum
370 1356 644 1419 exemplum
674 1373 766 1401 non
790 1356 990 1420 repperi.

428 1498 510 1544 De
534 1505 814 1545 tetrametro
839 1498 1103 1546 acatalecto
1127 1499 1289 1546 mioeto.
1595 1510 1615 1540 8

183 1584 572 1648 Autispastz'cum
597 1592 931 1632 tetrametrum
957 1586 1275 1633 acatalectum
1300 1588 1501 1634 mixtum
1525 1590 1580 1635 fit

119 1663 393 1726 antispasto,
419 1662 712 1719 choriambo,
739 1663 904 1727 hippio
928 1674 1109 1726 quarto,
1136 1663 1302 1728 hippio
1326 1664 1480 1711 tertio.

232 1740 436 1780 Sacerdos
457 1740 602 1780 docens
621 1741 717 1780 bene
740 1742 1031 1795 vossbrmavit
1050 1742 1106 1781 acl
1125 1748 1237 1782 artes
1258 1742 1399 1782 bonas.

120 1812 327 1865 Quidam
363 1813 571 1876 imperiti
608 1813 666 1860 de
709 1815 800 1860 hoc
842 1824 992 1861 metro
1033 1816 1306 1879 exemplum
1346 1816 1580 1863 dederunt

118 1889 234 1936 illud
262 1891 600 1946 Horatianum,

231 1967 406 2006 Nullam
438 1968 540 2006 Vare
559 1981 682 2006 sacra
701 1967 783 2006 vite
794 1968 924 2022 prius
943 1969 1099 2008 severis
1119 1969 1320 2008 arborem.

119 2040 260 2094 Quod
287 2049 368 2086 aut
391 2040 758 2103 Asclepiadeum
785 2049 868 2095 est,
889 2040 1012 2087 sicut
1032 2050 1140 2087 ante
1164 2042 1439 2098 monstravi,
1466 2061 1578 2089 con-

117 2127 244 2163 stans
270 2116 495 2180 spondeO,
520 2117 823 2173 choriambis,

230 2193 403 2234 Nullam
432 2193 439 2246 Ι
474 2194 576 2233 Vare
595 2208 718 2233 sacra
743 2192 750 2248 Ι
778 2194 860 2233 vite
875 2195 1001 2248 prius
1028 2193 1034 2249 Ι
1059 2195 1217 2235 severis
1236 2195 1454 2249 arlborem.

115 2267 215 2313 Aut
260 2265 556 2324 Phalecium,
594 2275 816 2312 constans
864 2267 1090 2330 spondeo,
1126 2267 1332 2331 dactylo,
1380 2268 1575 2332 syllaba,

115 2343 322 2405 dactylo,
347 2343 543 2406 syllaba,
567 2342 752 2388 duobus
776 2342 993 2406 dactylis.

229 2420 404 2460 Nullam
433 2419 439 2472 Ι
474 2421 576 2459 Vare
594 2429 733 2466 sacira
761 2420 766 2475 Ι
794 2421 876 2460 vite
893 2418 1031 2475 prilus
1058 2419 1063 2475 Ι
1090 2421 1246 2460 severis
1273 2419 1278 2476 Ι
1304 2422 1507 2462 arborem.

229 2558 312 2604 De
336 2565 618 2604 tetrametro
643 2559 881 2621 Sapphico
908 2559 1141 2621 Priapeio
1167 2561 1458 2608 catalectico.
1591 2581 1612 2611 9

183 2645 567 2708 Antispasticum
608 2653 944 2694 tetrametrum
992 2648 1323 2696 catalecticum
1366 2649 1574 2712 Sapphi-

118 2741 223 2770 cum
247 2723 530 2784 Priapeium
566 2724 620 2768 fit
657 2724 885 2786 spondeo,
914 2724 1122 2788 dactylo,
1158 2725 1357 2772 bacchio
1385 2725 1485 2786 (sed
1522 2733 1573 2770 ut

173 2850 188 2870 e
211 2843 549 2879 Constat—tecum
570 2855 645 2878 om.
662 2843 706 2879 L.
780 2851 801 2878 g
820 2843 966 2894 hippio]
991 2845 1111 2892 hippio
1134 2847 1238 2881 tertio
1259 2846 1301 2880 L.
1376 2843 1395 2871 h
1416 2846 1572 2892 sonans]

120 2909 249 2933 canens
268 2897 310 2933 L.

778 2969 911 3021 Pp2
