1962 3355
397 180 454 217 10
902 167 1060 215 Marii
1087 167 1331 216 Victorini
1685 180 1781 211 Lm.
1806 181 1838 210 1.

390 290 504 336 facit
526 290 773 345 incestum,
793 307 887 336 non
920 290 1154 336 incastum
1171 308 1186 335 .·
1219 288 1536 351 ipromiscuus
1559 287 1703 332 etiam
1728 303 1841 348 pro-

392 367 568 413 miscue
603 365 730 421 facit,
769 383 862 411 non
899 366 1150 428 promisce,
1186 383 1219 411 u
1256 365 1381 410 enim
1424 362 1645 427 kperduci
1687 361 1841 416 debet,

336 459 371 488 15
394 442 515 488 sicut
541 442 761 488 assiduus
785 441 974 487 assidue
997 441 1124 487 facit.
1194 441 1425 493 Quotiens
1462 455 1713 485 numerum
1751 437 1844 499 sig-

392 517 656 573 nificamus,
691 534 774 580 per
811 523 830 562 t
870 534 964 562 non
1005 534 1087 579 per
1127 516 1160 562 d
1185 516 1482 562 scribendum
1526 514 1628 570 erit,
1672 524 1722 559 ut
1760 519 1842 566 tot,

393 599 505 656 quot
521 613 535 639 :
574 592 639 639 sic
663 601 710 639 et
730 593 948 655 quotiens
974 592 1243 656 praepositio
1269 592 1305 636 si
1327 590 1433 635 ¹erit
1458 589 1534 645 ad,
1556 605 1640 652 per
1665 588 1709 644 d,
1735 596 1799 645 ut,

393 745 437 791 E
654 678 741 725 Ad
762 685 955 725 mortem
979 680 1022 725 si
1046 686 1093 725 te
1097 678 1229 742 sors.

439 754 472 801 ἵ,

657 808 743 854 Ad
763 825 896 871 quem.
921 809 989 855 sic
1012 807 1192 854 roseoll.

393 895 440 940 Si
468 895 555 940 erit
579 903 736 940 autem
764 895 1036 955 conjunctio
1062 912 1144 957 per
1168 901 1202 949 t,
1229 902 1294 947 ut,

657 970 730 1015 At
752 970 925 1033 regina
946 970 1104 1032 gravi.

337 1057 374 1089 16
393 1045 591 1107 Antiqui
617 1063 701 1108 pro
720 1045 846 1091 msed
867 1045 1133 1091 scribebant
1151 1044 1328 1098 sedum,
1345 1051 1503 1089 nostra
1526 1050 1637 1089 aetas
1663 1051 1842 1106 partem

393 1122 653 1167 litterarum
693 1121 740 1166 in
773 1138 828 1166 eo
853 1120 1146 1176 nreservavit,
1181 1129 1382 1183 partem,
1406 1119 1647 1165 brevitatis
1683 1118 1846 1181 gratia,

393 1215 451 1244 ex
493 1215 548 1243 eo
589 1197 836 1254 ⁰detraxit,
873 1196 1052 1242 nullam
1092 1196 1391 1242 immutavit:
1425 1205 1471 1241 et
1506 1213 1591 1240 nos
1629 1212 1710 1257 per
1749 1195 1846 1251 sed,

338 1296 374 1326 17
394 1290 538 1336 quam
571 1290 653 1336 per
675 1279 747 1319 set
782 1273 1056 1318 scribamus.
1127 1271 1341 1318 Nomina
1365 1289 1470 1333 quae
1506 1270 1728 1333 singulari
1764 1287 1847 1315 no-

395 1347 625 1393 minativo
661 1365 770 1393 casu
807 1348 855 1393 in
899 1365 952 1393 us
987 1347 1153 1393 litteris
1186 1347 1517 1401 terminantur,
1550 1356 1601 1392 ut
1637 1346 1846 1402 Atticus,

394 1424 597 1479 Brutus,
623 1432 669 1468 et
693 1422 878 1479 similia,
913 1423 1151 1486 Pgenitivo
1176 1440 1284 1468 casu
1311 1440 1404 1468 una
1428 1431 1614 1484 recepta
1642 1422 1658 1466 z'
1692 1421 1847 1467 littera

395 1499 786 1545 qdeclinabuntur
813 1509 861 1544 et
893 1499 1168 1556 scribentur,
1193 1515 1285 1545 non
1314 1515 1397 1561 per
1420 1497 1514 1542 duo
1540 1498 1570 1553 i,
1599 1506 1651 1543 ut
1676 1497 1846 1550 Attici,

396 1576 576 1622 Bruti.-
615 1592 719 1636 quae
763 1584 920 1621 autem
958 1575 1249 1622 nominativo
1288 1575 1304 1620 z·
1342 1574 1544 1620 litteram
1582 1573 1848 1630 habuerint,

396 1660 462 1705 ut,
494 1650 698 1704 Gellius,
725 1651 954 1707 Furnius,
990 1651 1196 1714 genitivo
1232 1650 1498 1713 rgeminare
1523 1649 1697 1695 debent
1730 1650 1761 1705 i,
1797 1657 1849 1694 ut

341 1741 376 1771 18
404 1728 569 1782 Gellii,
590 1727 775 1773 Fur-nii.
819 1728 1006 1783 Voster,
1032 1728 1189 1784 vortit,
1214 1737 1261 1773 et
1286 1726 1458 1773 similia
1483 1743 1565 1788 per
1591 1742 1628 1782 e,
1647 1743 1740 1771 non
1766 1741 1850 1788 per

397 1821 437 1861 ο,
463 1805 662 1849 scribere
688 1803 930 1850 debemus.
979 1804 1108 1850 SHas
1134 1804 1278 1868 igitur
1304 1821 1439 1849 voces
1459 1811 1506 1848 et
1530 1802 1706 1848 similes
1731 1801 1846 1855 istis,

396 1880 622 1942 itemque,
647 1880 901 1942 agendum,
926 1880 1220 1936 medendum,
1241 1879 1536 1941 capiendum,
1542 1876 1848 1942 faciendum,

398 1973 480 2018 per
506 1972 529 2001 e
553 1956 709 2018 potius
734 1972 876 2017 quam
914 1973 997 2018 per
1028 1973 1057 2001 u
1077 1975 1091 2001 .·
1131 1956 1252 2002 sicut
1288 1956 1568 2011 acerrimus,
1594 1954 1850 2007 existimat,

453 2083 462 2110 i
486 2084 715 2131 promiscua]
742 2084 979 2120 Promiscuus
1002 2086 1042 2120 P.
1210 2084 1230 2111 k
1261 2085 1428 2134 perduci]
1462 2084 1616 2134 produci
1637 2086 1678 2120 P.
1723 2084 1854 2121 Edidit

400 2136 658 2173 Commelinus
678 2137 879 2172 secundum
902 2137 1200 2173 emendationem
1223 2136 1449 2173 Camerarii:
1483 2146 1660 2186 praeterea
1687 2137 1852 2187 interpo-

400 2190 563 2226 nendum
585 2189 726 2225 videtur
743 2202 826 2225 non.
913 2188 925 2215 1
944 2190 1013 2226 erit
1034 2190 1096 2238 ad]
1119 2188 1148 2224 si
1170 2189 1238 2225 erit
1258 2189 1304 2225 ad
1325 2202 1389 2239 per
1409 2191 1432 2225 cl
1452 2190 1490 2225 P.
1578 2188 1601 2215 ll
1620 2197 1690 2226 etc.
1712 2203 1788 2227 om.
1810 2191 1849 2226 P.

400 2249 430 2268 m
452 2250 507 2278 set
526 2241 749 2283 scribebant,
771 2241 834 2278 sed
856 2243 959 2289 curn]
980 2242 1189 2278 scribebant
1209 2243 1339 2278 sedum
1360 2243 1401 2278 P.
1522 2249 1542 2268 n
1563 2242 1772 2291 reservarit]
1797 2256 1852 2279 re-

401 2294 558 2331 servavit
575 2296 616 2330 P.
765 2300 782 2320 0
803 2294 1014 2338 detraxerit,
1035 2294 1255 2330 nonnullam
1276 2294 1498 2342 immutarit]
1522 2295 1688 2338 detraxit,
1712 2295 1852 2332 nullam

401 2347 611 2384 immutavit
631 2347 671 2383 P.
772 2354 792 2381 P
807 2346 985 2396 genitivo]
1008 2347 1178 2397 genetivo
1199 2349 1241 2383 P.
1263 2356 1300 2383 et
1319 2347 1370 2383 sic
1392 2348 1466 2383 fere
1487 2360 1645 2397 semper.
1751 2355 1771 2383 q
1791 2348 1852 2385 de-

401 2400 639 2436 clinabuntur
671 2407 709 2435 et
746 2399 973 2447 scribuntur]
1015 2400 1138 2436 littera
1169 2400 1454 2437 declinabuntur
1489 2410 1526 2437 et
1563 2400 1771 2438 scribentur
1810 2402 1853 2438 P.

402 2460 418 2478 r
436 2453 644 2502 geminare]
665 2451 846 2501 geminari
867 2453 908 2488 P.
993 2459 1006 2478 ⁵
1029 2453 1108 2489 Has
1130 2454 1253 2501 voces]
1279 2454 1359 2490 Has
1379 2453 1491 2503 igitur
1508 2467 1617 2491 voces
1638 2455 1677 2491 P.
1766 2457 1775 2478 t
1795 2466 1854 2491 ce-

403 2506 586 2553 dendum]
610 2505 828 2541 caedendum
849 2505 889 2541 P.

463 2601 509 2636 16
538 2599 690 2649 Antiqui
721 2601 806 2649 pro]
838 2600 952 2636 Hunc
979 2600 1101 2636 locum
1158 2603 1294 2638 nullam
1316 2605 1528 2644 immutarit,
1555 2608 1588 2638 et
1613 2614 1676 2638 nos
1699 2615 1766 2649 per
1791 2602 1855 2638 sed

405 2653 459 2690 sic
480 2653 679 2703 legendum
701 2661 827 2689 censet
846 2653 1099 2689 Camerarius:
1159 2668 1264 2702 quam
1290 2668 1356 2702 per
1376 2665 1431 2692 set
1458 2656 1663 2691 scribamus.
1722 2655 1855 2691 Sedum

411 2708 558 2754 Antiqui
571 2718 641 2753 pro
657 2705 719 2741 sed
735 2706 863 2742 sedum
877 2706 1100 2741 scribebant:
1158 2708 1226 2744 hac
1246 2708 1516 2757 significatione
1531 2720 1712 2755 nusquam
1730 2707 1853 2756 legere

405 2761 466 2794 sed
502 2771 580 2794 cum
611 2763 733 2794 nostra
761 2764 848 2794 (Βίας
871 2764 1016 2806 partem
1044 2759 1101 2794 lit·
1157 2760 1323 2796 memini.
1368 2761 1541 2797 COMM.
1596 2759 1680 2797 Vid.
1724 2760 1853 2803 Isidor,

408 2818 566 2848 terarum
599 2812 635 2846 in
664 2823 703 2847 eo
732 2813 934 2852 reservarit,
960 2816 1100 2858 partem
1158 2814 1260 2862 Orig.
1283 2814 1311 2850 Ι.
1332 2815 1391 2850 26.

409 2866 591 2900 brevitatis
617 2866 739 2910 gratia
763 2877 804 2899 ex
833 2877 872 2899 eo
891 2865 1100 2906 detraxerit,
