1962 3355
110 230 215 262 CAP.
239 225 285 263 3.
533 215 615 262 De
636 216 805 261 metris
831 214 1136 261 Horatianis.
1472 228 1561 265 225

109 337 297 389 Quibus
339 336 547 383 numeris
583 336 851 398 frequenter
893 334 1089 398 Sappho
1127 336 1335 382 carmina
1370 355 1563 401 compo-

108 412 254 457 suisse
280 412 592 475 cognoscitur.
663 411 848 457 Feritur
872 410 962 456 hoc
996 420 1199 457 metrum
1227 411 1318 458 fvel
1346 431 1428 476 per
1452 414 1563 459 sim-

106 487 251 549 plices
287 488 445 551 pedes,
470 505 670 551 quorum
698 487 877 550 primus
911 485 1140 550 dactylus,
1167 488 1398 534 secundus
1424 507 1563 552 spon-

107 563 237 621 deus,
276 565 440 610 tertius
493 564 780 627 pariambus,
820 571 1013 625 quartus
1068 564 1321 621 trochaeus,
1364 565 1560 626 quintus

107 639 355 699 spondeus,
380 641 453 686 vel
489 640 750 692 troehaeus3
794 639 867 684 vel
903 656 986 701 per
1023 638 1264 701 dipodian,
1290 649 1342 685 ut
1377 650 1561 687 constet

106 715 295 777 epitrito
343 715 550 762 secundo
587 732 728 777 quem
777 722 824 760 et
871 714 1091 778 hippium
1135 714 1353 771 dicimus,
1388 715 1561 762 dehinc

106 790 399 849 choriambo,
435 792 604 838 ultimo
648 791 844 837 bacchio
883 791 954 837 vel
994 791 1391 855 gamphibrachy,
1426 792 1560 854 cujus

106 869 380 931 exemplum
409 868 534 931 apud
561 867 836 921 Horatium,

309 945 478 1006 Crispe
501 943 705 999 Sallusti,
729 942 823 988 nisi
849 948 1124 1003 temperato.

106 1019 217 1065 Hoc
255 1029 421 1078 metro,
458 1021 503 1067 id
541 1029 611 1066 est
637 1019 1031 1082 hendecasyllabo
1057 1017 1315 1081 Sapphico,
1344 1036 1453 1064 usus
1489 1028 1559 1066 est

104 1095 259 1157 primo
283 1096 404 1142 libro
428 1097 604 1151 novies,
630 1094 836 1142 secundo
863 1096 1029 1149 sexies,
1048 1094 1186 1138 tertio
1212 1095 1398 1156 septies,
1423 1113 1560 1157 quar-

104 1179 153 1216 to
189 1179 272 1217 ter.
342 1172 468 1217 Item
510 1171 673 1234 epodis
723 1170 843 1233 epici
886 1168 1122 1224 hdimoeri,
1164 1170 1334 1231 primo,
1371 1171 1558 1217 novies:

104 1246 327 1303 secundo,
353 1247 529 1292 sexies:
567 1245 719 1298 tertio,
743 1244 943 1307 septies:
981 1252 1163 1305 quarm,
1188 1253 1271 1289 ter.

167 1321 327 1368 Tertia
352 1321 440 1368 ode
465 1322 721 1385 lyricorum
748 1328 999 1376 asmatum,

302 1397 384 1444 Sic
407 1404 455 1444 te
478 1398 587 1444 diva
603 1403 775 1459 potens
803 1394 969 1458 Cypri.

104 1474 216 1520 Hoc
256 1482 457 1520 metrum
498 1474 805 1538 Glyconium,
829 1472 956 1534 quod
986 1481 1034 1517 et
1057 1472 1407 1517 Anacreontion
1443 1472 1559 1518 dici-

102 1558 192 1604 tur,
216 1549 425 1596 detracta
462 1549 644 1612 syllaba
679 1548 1048 1604 Pherecratium,
1084 1547 1266 1609 adjecta
1303 1549 1559 1595 novissima

103 1624 534 1689 hendecasyllabon
576 1625 852 1689 Sapphicon
896 1623 998 1670 erit.
1062 1623 1375 1670 Connectitur
1398 1635 1556 1670 autem

101 1700 326 1764 spondeo,
362 1701 655 1758 choriambo,
693 1710 739 1746 et
779 1700 1029 1762 disyllabo,
1069 1709 1123 1746 ut
1162 1700 1383 1746 evenerit.
1469 1700 1558 1746 Est

100 1793 209 1822 vero
235 1777 498 1823 hexametri
529 1795 636 1840 pars
672 1777 813 1839 prior,
837 1776 912 1822 cui
950 1778 985 1821 si
1025 1775 1257 1822 residuam
1294 1776 1554 1822 clausulam

102 1852 340 1913 adjeceris,
366 1854 448 1898 fiet
472 1870 631 1898 versus
658 1853 946 1906 hexameter,
971 1851 1071 1908 iita,

233 1927 316 1974 Sic
340 1935 386 1974 te
410 1928 516 1974 diva
534 1934 704 1990 potens
734 1926 1038 1991 Cypriferat
1062 1929 1171 1972 aifre
1195 1933 1305 1972 toto.

101 2005 167 2050 Et
194 2013 266 2050 est
301 2021 427 2049 nunc
464 2002 769 2067 ιςπροεπῳὸικόιι,
798 2003 845 2049 id
871 2012 941 2049 est
966 2003 1372 2049 antecantatioum
1391 2021 1405 2047 .·
1444 2019 1552 2048 nam

101 2080 321 2143 quotiens
354 2079 610 2140 majoribus
638 2080 797 2125 metris
825 2079 982 2125 minus
1008 2078 1219 2141 laliquod
1245 2078 1554 2133 subnectitur,

101 2155 240 2220 ἐπῳδὸς
264 2155 450 2209 dicitur,
475 2155 693 2217 quotiens
719 2172 828 2200 vero
863 2172 1052 2200 comma
1087 2155 1158 2200 vel
1198 2155 1334 2200 colon
1373 2154 1555 2217 integro

103 2241 252 2279 metro
272 2231 568 2295 proponitur,
583 2230 838 2294 προεπῳὸικόν
861 2231 1137 2294 appellatur.
1174 2231 1369 2276 Etenim
1388 2248 1553 2292 quem-

100 2307 359 2354 admodum
398 2324 539 2369 supra
572 2306 867 2352 ostendimus
893 2306 1047 2370 epodo
1073 2307 1354 2352 sententiam
1383 2307 1554 2363 claudi,

100 2383 164 2429 ita
206 2383 251 2428 in
294 2382 367 2428 his
406 2381 711 2428 manifestum
751 2390 822 2427 est
868 2390 1190 2445 msuspensam
1239 2382 1401 2439 teneri,
1442 2400 1551 2429 nam

100 2459 189 2504 nisi
225 2460 515 2521 subsequens
552 2467 755 2504 metrum
796 2457 1093 2520 adjungatur,
1124 2475 1283 2503 versus
1320 2457 1553 2504 claudica-

100 2535 183 2580 bit.
243 2534 482 2596 Sequitur,

232 2609 316 2656 Sic
320 2609 523 2673 fratres
550 2609 765 2667 Heleme,
789 2609 948 2655 lucida
971 2609 1145 2655 sidera.

152 2720 168 2747 f
184 2721 266 2770 per]
290 2733 355 2769 pro
377 2721 417 2755 P.
542 2727 562 2754 g
581 2719 864 2769 amphibrachy]
890 2718 1272 2768 amphimacribrachy
1295 2720 1330 2754 P,
1457 2718 1477 2745 h
1497 2720 1553 2755 di-

101 2773 207 2810 metri
229 2774 348 2822 primo
370 2772 513 2819 novies]
537 2773 610 2808 duo
632 2786 655 2821 p
677 2773 800 2808 moeris
822 2771 942 2821 primo
962 2784 1052 2807 V1111
1074 2772 1114 2808 P.
1252 2770 1260 2797 i
1282 2772 1349 2818 ita]
1373 2771 1420 2806 sit
1442 2771 1490 2807 ita
1511 2773 1550 2807 Ρ.

99 2825 120 2852 k
139 2827 358 2875 προεπῳδικὸν]
382 2823 407 2873 ᾗ
428 2824 586 2873 podicon
608 2826 648 2862 P.
791 2823 801 2850 ¹
820 2824 988 2873 aliquod]
1014 2824 1150 2873 aliquid
1173 2825 1211 2860 P.
1352 2831 1380 2849 m
1399 2836 1550 2873 suspen-

286 2887 413 2916 pensam

100 2922 196 2969 sam]
220 2928 428 2968 susceptam
451 2920 489 2954 P.

796 2996 879 3041 cg

1586 357 1619 387 Ι5

1583 1033 1619 1063 16

1583 1341 1618 1370 ¹7

1581 1714 1616 1743 18

1578 2027 1614 2056 19

1574 2252 1613 2273 20
