1962 3355
374 178 470 230 472
974 170 1229 218 Diomedis
1634 188 1729 219 Lm.
1757 190 1829 222 111.

545 293 646 333 Non
667 306 752 334 meo
771 306 920 333 oceano
941 292 1388 349 Hyperionfulgurat
1407 292 1546 342 Euro,

543 361 670 401 Arcto
682 361 879 416 plaustro
901 361 1062 401 Boreas
1083 360 1305 400 bacchatur
1324 358 1453 398 rheno

544 428 754 482 Hesperio
777 427 970 482 Zephyro
993 427 1124 466 Orion
1146 426 1331 466 volvitur
1348 431 1508 465 austro.

542 496 586 535 F
585 495 684 535 ulva
702 495 889 534 aretonio
911 507 1026 548 vaga
1049 493 1234 548 Cynthia
1248 493 1422 547 proruit
1439 499 1597 533 aust-ro.

317 608 353 630 12
437 585 514 632 De
539 583 817 648 improbatis
841 600 951 628 vero
976 582 1188 628 versibus
1213 581 1339 627 varia
1365 580 1627 628 traduntur.
1666 582 1832 629 Mutili

370 663 441 709 vel
469 661 622 708 trunci
660 669 784 714 sunt,
811 658 892 721 qui
929 659 975 704 in
1014 658 1248 721 principio
1283 666 1605 722 amputantur,
1631 667 1677 704 et
1709 659 1834 705 litte-

370 755 468 784 ram
507 738 577 783 vel
617 736 846 800 syllabam
894 734 1135 790 amittunt,
1168 734 1242 780 vel
1278 743 1550 798 nntempore
1590 734 1833 781 deficiunt.

371 815 538 861 Graece
563 813 786 860 dicuntur
809 813 1023 871 ἀκέφαλοι,
1050 813 1190 874 quale
1214 820 1302 867 est,

599 901 642 940 F
641 901 852 941 luviorum
871 914 948 940 rex
968 899 1209 940 Eridanus.

370 987 491 1033 Item
519 985 837 1032 ⁰Homericus
862 985 940 1030 ille
965 1001 1140 1038 versus,

566 1073 731 1129 Ἐπειδὴ
755 1075 849 1130 νῆάς
873 1094 917 1118 τε
942 1070 1009 1117 καὶ
1031 1072 1330 1129 Ἑλλήσποντον
1355 1068 1492 1118 ἵκοντο.

314 1179 349 1207 13
435 1161 638 1207 PVersus
675 1160 722 1206 in
756 1159 912 1206 media
937 1168 1070 1223 parte
1109 1158 1256 1205 exiles
1281 1159 1353 1205 vel
1390 1158 1533 1205 hiulci
1561 1159 1726 1205 Graece
1751 1175 1831 1204 vo-

371 1246 536 1283 cantur
560 1234 772 1298 (ἰλαγαροὶ,
797 1236 948 1297 qualis
974 1244 1044 1281 est
1073 1235 1187 1281 item
1216 1235 1521 1290 Homericus,

570 1330 648 1380 Βῆν
673 1324 703 1369 ’δ’
730 1325 783 1375 εἷς
809 1323 955 1369 Αἰόλου
981 1323 1110 1369 κλυτὰ
1135 1322 1312 1383 δώματα.

315 1431 352 1460 14
436 1410 653 1457 Ecaudes
690 1419 816 1467 sunt,
841 1410 920 1472 qui
961 1410 1007 1455 in
1041 1409 1208 1456 ultima
1233 1408 1537 1455 conclusione
1572 1407 1830 1453 qqoratiun-

371 1490 476 1535 cula
515 1488 587 1534 vel
637 1488 817 1551 syllaba
862 1487 1154 1541 fraudantur,
1199 1487 1272 1532 vel
1320 1494 1536 1548 tempore
1585 1483 1828 1538 deficiunt,

372 1566 537 1611 Graece
560 1565 728 1626 μείουροι
753 1563 847 1609 rvel
877 1566 1087 1620 σκάζοντες
1111 1570 1355 1617 vocantur,
1384 1574 1438 1607 ut
1463 1570 1550 1617 est,

567 1657 693 1713 Τρῶες
721 1651 750 1696 δ’
775 1650 984 1713 ἐρρίγησαν
1008 1650 1106 1701 ὅπως
1130 1650 1212 1696 ἴδον
1235 1649 1364 1695 αἴολον
1388 1647 1491 1707 ὅφιν.

315 1756 350 1787 15
438 1736 630 1802 Fragosi
667 1748 792 1795 sunt,
816 1737 895 1800 qui
933 1736 1214 1800 Sinlevigato
1247 1753 1361 1781 sono
1393 1747 1440 1781 et
1476 1734 1724 1781 incondito
1752 1753 1830 1781 va-

370 1816 563 1862 riantur.

747 1879 765 1903 Ιι

372 1917 495 1952 boreas
516 1915 712 1951 bacchatur
730 1925 815 1949 reno
837 1914 996 1961 hesperio
1019 1914 1121 1959 (reno
1141 1924 1262 1960 spereo
1283 1912 1346 1957 B.)
1369 1912 1524 1960 zephyro
1545 1913 1645 1947 orion
1673 1912 1830 1946 volvitur

919 1973 935 1988 α

370 2009 495 2039 austro
526 2001 710 2049 (austrum
740 2000 804 2043 Β.)
827 1999 982 2048 salvare
1007 2001 1102 2035 tonio
1135 1998 1264 2047 (fulva
1294 2004 1465 2035 aretoneu
1493 1997 1556 2044 B.)
1587 2009 1682 2043 vaga
1709 1997 1830 2044 cythia

373 2057 572 2104 (chynthya
594 2055 657 2100 B.)
687 2055 832 2102 proruit
852 2059 986 2089 austro.
1007 2053 1098 2089 A.B.
1123 2058 1163 2088 ut
1191 2058 1243 2088 est
1271 2053 1363 2088 illud
1384 2052 1562 2095 Pacuvii3
1593 2062 1730 2086 omnem
1759 2062 1830 2085 non

370 2123 446 2146 meo
468 2121 599 2145 oceano
621 2108 791 2156 hyperion
808 2106 988 2155 fulgurat
1007 2108 1097 2142 citro
1123 2119 1144 2141 a
1174 2111 1275 2153 repto
1299 2107 1468 2154 plaustro
1490 2104 1612 2140 boreas
1633 2103 1829 2139 bacchatur

371 2164 482 2199 rheno
504 2163 664 2210 hesperio
683 2161 828 2208 zephiro
848 2162 948 2196 orion
967 2161 1134 2196 volvitur.
1166 2161 1302 2195 Austro
1312 2159 1424 2206 fulvo
1444 2159 1624 2194 arettom‘o
1641 2169 1738 2204 vaga
1756 2158 1830 2192 cin-

373 2218 449 2252 thia
471 2217 619 2264 proruit
645 2220 768 2250 austro
796 2215 891 2249 Ven.
941 2214 1045 2252 Quos
1073 2225 1201 2248 versus
1232 2212 1283 2248 sic
1309 2211 1451 2262 profert
1478 2211 1530 2247 H.
1551 2209 1763 2258 Stephanus
1789 2209 1827 2244 in

370 2271 517 2319 Fragm.
541 2275 639 2317 poet.
662 2276 731 2303 vet.
754 2280 790 2315 p.
810 2278 828 2301 2
835 2275 896 2314 57.
921 2268 1129 2302 Omnivomo
1151 2267 1292 2301 Oceano
1310 2265 1495 2312 Hyper-ion
1511 2263 1689 2311 fulgurat
1711 2263 1825 2305 Euro,

371 2325 531 2369 Arrepto
548 2322 714 2368 plaustro
732 2321 868 2355 Boreas
890 2319 1086 2355 bacchatur
1106 2319 1232 2361 aheno,
1247 2319 1420 2365 Hesperio
1437 2317 1619 2363 Zephyro,
1641 2316 1701 2350 sed
1719 2316 1829 2350 Orion

370 2377 528 2411 volvitur
565 2375 712 2415 Austro,
753 2373 864 2408 Fulvo
902 2374 1048 2418 acrique
1088 2372 1184 2406 Noto
1225 2383 1321 2418 vaga
1363 2369 1518 2417 Cynthia
1552 2369 1699 2415 proruit
1736 2373 1828 2403 atro.

371 2435 416 2454 nn
436 2427 620 2476 tempore]
643 2427 781 2473 syllaba
804 2425 898 2460 Ven.
1053 2433 1072 2452 ⁰
1093 2423 1337 2471 Homericus]
1364 2424 1537 2458 omericus
1557 2423 1619 2456 ille
1638 2421 1729 2457 A.B.
1751 2433 1829 2457 ver-

372 2494 452 2518 sum
478 2478 634 2516 Homeri
656 2492 731 2514 om.
755 2479 848 2513 Ven.
942 2484 962 2511 P
982 2477 1019 2512 in
1042 2477 1180 2523 media]
1204 2489 1324 2512 versus
1345 2478 1379 2511 in
1399 2477 1516 2511 media
1537 2475 1631 2511 Α.Β.
1729 2480 1750 2508 q
1764 2480 1830 2509 λα-

370 2535 460 2582 γαροὶ
480 2531 598 2581 qualis
618 2540 685 2567 est.
719 2531 810 2567 Non
830 2530 921 2566 mihi
942 2529 1091 2573 divitiae,
1112 2529 1178 2566 sed
1198 2538 1253 2566 est
1272 2529 1375 2571 mihi,
1397 2536 1435 2566 et
1455 2536 1598 2565 caetera.
1630 2527 1726 2563 Item
1748 2527 1830 2563 Ho-

372 2587 530 2624 mericus
548 2600 554 2621 ι
587 2586 682 2621 Οὗτοι
702 2583 886 2628 ἀπόβλητον
903 2582 972 2624 ἔπος
990 2581 1129 2619 ἔσσεται
1147 2583 1219 2619 ὅττι
1238 2600 1289 2619 κεν
1309 2582 1400 2629 εἴπω]
1437 2583 1540 2629 lagro
1559 2586 1610 2617 est
1629 2581 1745 2628 qualis
1764 2584 1828 2616 est.

374 2642 465 2677 Item
486 2639 683 2675 homericus
705 2638 844 2673 bendeis
873 2637 952 2672 eolu
973 2637 1068 2683 clyta
1089 2638 1250 2672 domata.
1294 2637 1442 2672 ecaudes
1460 2640 1543 2670 sunt
1563 2635 1623 2682 qui
1641 2635 1678 2669 in
1698 2634 1830 2668 ultima

371 2695 416 2730 A.
437 2701 475 2729 et
495 2692 569 2728 fere
589 2692 633 2727 B.
662 2690 793 2737 Agasle
822 2691 937 2737 qualis
966 2695 1028 2725 est.
1062 2692 1144 2726 item
1167 2691 1379 2726 Homericus
1408 2689 1558 2725 bendeis.
1588 2687 1714 2723 ecades
1731 2698 1750 2722 e
1769 2687 1831 2733 qui

374 2747 469 2783 Ven.
581 2752 623 2780 qq
643 2744 913 2779 hortatiuncula
934 2742 1025 2778 Ven.
1048 2751 1085 2779 et
1105 2757 1190 2779 mox
1198 2743 1426 2791 fundantur.
1537 2747 1553 2766 r
1568 2742 1740 2786 σκάζοντες
1762 2754 1829 2784 χω-

371 2799 524 2846 λίαμβοι]
556 2802 738 2834 scazontes
756 2797 802 2832 A.
833 2801 1040 2832 scanzontes
1069 2797 1112 2832 B.
1144 2798 1225 2832 imri
1255 2802 1288 2832 et
1317 2799 1498 2832 scazontes
1522 2794 1618 2829 Ven.
1649 2793 1712 2841 qui
1741 2804 1828 2828 mox

372 2866 439 2901 pro
461 2865 511 2889 vs.
535 2852 692 2887 Homer.
715 2850 827 2886 habet
846 2857 989 2885 tantum
1014 2855 1105 2884 troes
1125 2851 1289 2896 cletriges.
1433 2855 1447 2874 s
1469 2845 1655 2896 illevigato
1677 2857 1770 2881 sono
1791 2852 1828 2880 et

373 2905 584 2952 incondito]
609 2905 800 2949 inlerigato
821 2915 904 2938 sono
926 2908 960 2937 et
976 2904 1155 2938 incondito
1175 2915 1259 2938 sono
1279 2902 1371 2938 A.B.
