1962 3355
382 200 479 249 490
987 189 1242 237 Diomedis
1636 203 1734 235 Lm.
1759 204 1833 237 111.

385 311 548 374 Hujus
581 329 686 375 pars
721 311 849 376 prior
884 310 942 358 de
979 311 1256 358 hexametro
1291 318 1376 368 θεῖ,
1400 326 1541 372 quam
1566 309 1836 373 Psupplebi-

384 407 491 436 mus
519 406 585 435 Sic

562 427 653 505 Vidi
674 464 825 505 credite
841 478 920 520 per
940 463 1117 518 liquidos
1139 461 1327 502 Nereida
1331 461 1510 516 fluctus.

383 538 617 585 Posterior
653 546 810 583 autem
852 553 957 599 pars
993 535 1051 580 de
1090 534 1322 598 principio
1357 533 1549 580 iambici
1581 542 1666 591 est,
1690 550 1834 596 quam

384 614 420 660 si
448 614 799 677 qsuppleamus,
824 611 1061 672 integrum
1089 609 1347 656 iambicum
1374 609 1602 656 faciemus
1627 608 1708 663 sic,

611 689 749 728 Lacus
770 687 977 726 Lucrinas
998 686 1109 726 inter
1129 686 1236 726 ralta
1254 686 1442 726 navium,

329 776 364 808 17
449 759 794 807 Anacreontius
820 758 866 803 in
894 757 1098 804 Horatio
1123 757 1228 804 talis
1254 766 1337 816 θεῖ,

610 836 685 877 Sic
707 841 743 875 te
764 834 863 875 diva
881 841 1027 890 potens
1050 835 1199 890 Cypri.

386 908 615 956 Praecisus
643 908 721 954 hic
747 916 818 954 θεῖ
839 907 897 953 de
921 907 1141 971 proximo
1166 907 1404 970 superiore
1423 906 1835 970 hendecasyllabo,

383 994 430 1032 et
454 985 547 1031 tale
577 994 662 1041 θεῖ,
688 984 828 1047 quale
853 984 986 1040 illud,

618 1061 709 1100 Vidi
730 1061 881 1100 credite
892 1074 975 1116 per
994 1061 1123 1102 lacus.

384 1134 566 1181 Rursus
591 1132 1039 1196 Shendecasyllabus
1075 1151 1133 1180 ex
1167 1133 1256 1179 isto
1293 1131 1532 1195 superiore
1563 1129 1705 1176 SSfieri
1730 1137 1837 1193 pot—

382 1221 468 1267 (ξεῖ,
611 1276 685 1317 Sic
705 1281 742 1316 te
762 1275 863 1315 diva
875 1282 1025 1331 potens
1048 1277 1183 1332 Cypri
1204 1275 1422 1315 Lucrinos.

383 1349 513 1413 Ergo
539 1357 733 1412 apparet
757 1349 1049 1413 ttrisyllabos
1083 1349 1479 1413 hendecasyllabo
1511 1365 1611 1394 esse
1648 1354 1835 1401 tractas,

383 1435 436 1472 ut
459 1424 804 1472 Anacreontius
829 1426 976 1472 fieret.

327 1519 365 1552 ¹8
450 1512 813 1560 Archilochium
841 1512 966 1559 aliud
993 1513 1039 1559 in
1069 1512 1273 1559 Horatio
1296 1512 1390 1559 tale
1415 1520 1500 1569 θεῖ,

553 1589 747 1630 Solvitur
765 1590 877 1629 acris
897 1589 1037 1645 hyems
1052 1596 1188 1645 grata
1209 1590 1295 1629 vice
1316 1590 1426 1630 veris
1441 1594 1479 1628 et
1497 1588 1678 1628 Favoni.

382 1663 525 1710 uHoc
549 1671 602 1709 ut
626 1664 774 1718 fieret,
799 1662 947 1708 indita
973 1672 1044 1708 θεῖ
1076 1663 1353 1708 hexametro
1382 1662 1563 1724 syllaba
1587 1669 1695 1707 ante
1719 1659 1835 1706 duas

382 1739 589 1786 ultimas.
675 1738 898 1801 Denique
937 1740 972 1785 si
1012 1757 1115 1786 eam
1157 1738 1392 1796 detrahas,
1430 1737 1571 1784 facies
1611 1738 1837 1783 hexame-

382 1825 525 1872 trum,
551 1815 634 1872 sic,

555 1891 749 1932 Solvitur
769 1892 881 1931 acris
901 1891 1041 1946 hyems
1055 1897 1191 1948 grata
1212 1892 1298 1931 vice
1320 1891 1430 1931 veris
1447 1896 1485 1930 et
1504 1898 1523 1917 v
1531 1890 1650 1929 anm‘.

325 1987 363 2018 19
447 1965 695 2011 Alcaicum
734 1966 792 2011 ab
817 1966 979 2011 Alcaeo
1003 1966 1290 2011 winventum
1309 1964 1355 2010 in
1384 1963 1586 2010 Horatio
1621 1962 1716 2008 tale
1749 1969 1835 2017 est,

560 2041 676 2081 Vides
696 2047 743 2082 ut
763 2041 849 2082 alta
869 2047 947 2082 stet
966 2042 1063 2082 nive
1082 2041 1318 2082 candidum.

381 2115 525 2161 XHoc
563 2132 621 2160 ex
652 2115 837 2161 duobus
874 2115 1223 2161 ycommatibus
1261 2122 1459 2161 constat.
1528 2112 1658 2159 Nam
1698 2129 1836 2175 supe-

382 2192 476 2238 rius
500 2191 632 2246 illud,

435 2341 454 2369 Ρ
476 2333 749 2383 supplebimus]
780 2335 1019 2381 supplevimus
1038 2334 1084 2369 A.
1142 2333 1234 2369 Mox
1265 2334 1398 2368 credite
1425 2332 1717 2368 vidi—nereidas
1736 2330 1834 2367 Ven.

381 2388 476 2423 Tum
491 2400 554 2435 pes
569 2400 592 2422 a
609 2399 674 2436 pro
686 2399 775 2434 pars
789 2388 843 2423 de.
912 2394 933 2421 q
945 2386 1173 2435 supplemus,
1186 2386 1392 2435 integrum]
1414 2387 1642 2433 suppleamus
1658 2386 1835 2431 integram

380 2441 424 2476 A.
445 2441 674 2487 suppleamus
692 2440 737 2475 B.
762 2440 858 2475 Ven.
978 2446 993 2464 1·
1013 2439 1102 2486 lata]
1126 2441 1205 2475 alta
1223 2439 1318 2476 A.B.
1458 2445 1472 2464 s
1494 2438 1836 2485 lzendeacasyllabus

383 2493 477 2529 Ven.
500 2502 538 2529 et
556 2505 642 2528 mox
660 2494 741 2527 ista.
872 2493 1001 2540 ssfieri
1020 2504 1094 2528 om.
1115 2493 1206 2529 A.B.
1345 2495 1357 2519 t
1377 2491 1607 2541 trisyllabum
1628 2491 1674 2527 ab
1695 2491 1834 2526 hende-

381 2545 566 2595 casyllabo
586 2557 666 2581 esse
685 2545 911 2592 detractum]
937 2546 1139 2592 trisyllabos
1155 2547 1424 2593 endecasyllabo
1443 2558 1513 2581 esse
1535 2549 1671 2580 tractas
1685 2549 1725 2580 ut
1739 2544 1833 2580 A.B.

383 2600 607 2647 trisyllabum
629 2598 962 2645 hendecasyllabum
982 2611 1053 2634 esse
1074 2604 1231 2635 tractum
1251 2604 1285 2635 et
1307 2599 1338 2634 V
1341 2611 1401 2635 en.
1510 2605 1533 2625 ¹1
1553 2598 1641 2634 Hoc
1660 2598 1772 2634 etiam
1794 2604 1835 2633 ut

382 2653 485 2689 fieret
504 2650 786 2694 archilochium,
807 2650 928 2687 indita
957 2660 1014 2688 est
1041 2652 1256 2690 hexametro
1283 2652 1432 2702 syllaba.
1489 2652 1590 2688 Nam
1617 2650 1707 2687 duas
1727 2650 1834 2686 deni-

382 2718 453 2754 que
473 2704 500 2741 si
523 2704 610 2741 inde
630 2704 822 2740 detraham
844 2704 994 2751 faciam]
1019 2706 1083 2741 hoc
1098 2711 1138 2741 ut
1154 2708 1265 2754 fieret
1289 2708 1404 2742 indita
1424 2710 1475 2741 est
1494 2709 1674 2741 exametro
1693 2704 1834 2751 syllaba

382 2764 466 2794 ante
491 2760 582 2794 (luas
607 2759 764 2793 ultimas.
793 2759 943 2806 dentque
961 2760 991 2794 sl
1011 2771 1089 2795 eam
1108 2761 1279 2796 detrahas
1295 2759 1416 2808 facies
1436 2771 1478 2794 ea:
1497 2759 1590 2795 A.B.
1622 2759 1703 2793 Hoc
1722 2762 1774 2793 est
1793 2761 1835 2792 ut

377 2813 480 2857 fieret
501 2813 616 2847 indita
635 2816 924 2847 est—an—eam
943 2813 1226 2861 detraluifacz'es
1245 2814 1340 2849 Ven.
1421 2819 1440 2837 v
1460 2811 1566 2858 anni]
1582 2811 1716 2858 favoni
1734 2810 1832 2847 A.B.

382 2865 479 2901 Ven.
602 2871 631 2890 W
651 2863 861 2913 inventore]
887 2867 1067 2901 inventum
1087 2867 1180 2902 A.B.
1329 2873 1349 2892 X
1369 2866 1440 2902 hoc
1460 2872 1517 2901 est
1536 2865 1597 2911 ex]
1621 2868 1673 2899 est
1691 2876 1766 2900 om.
1788 2864 1833 2900 A.

381 2925 400 2951 Y
419 2916 684 2964 commatibus]
707 2919 938 2954 commatibus
958 2924 1097 2955 constat
1117 2920 1209 2956 A.B.
