1962 3355
338 1185 374 1215 17
393 1179 466 1210 Yet.

381 176 465 218 546

829 177 900 217 Fi.
925 176 1109 217 Mallius
1136 176 1378 215 Theodorus

384 288 571 344 superius
593 287 898 343 comprehensa,
920 297 961 329 et
981 287 1148 328 additur
1168 287 1203 327 ei
1224 287 1266 327 in
1286 287 1367 327 fine
1387 301 1458 342 pes
1480 285 1680 326 Bacchius
1699 301 1707 326 z

632 359 730 393 erz‘s
751 358 919 393 Liburnis
938 359 1030 392 inter
1051 358 1128 392 alta
1148 358 1294 393 navium
1315 367 1509 390 recurrens.

330 437 367 465 ¹4
386 427 464 466 Est
495 426 616 466 etiam
648 426 822 465 alterum
852 436 1027 465 metrum
1059 423 1278 464 iambicum
1303 422 1656 477 Hipponacteum,
1676 421 1788 476 quod
1811 437 1835 461 a

386 493 502 534 nobis
522 493 812 548 conprobatur,
834 492 875 531 in
897 507 981 547 quo
1003 501 1141 531 sextus
1161 505 1232 545 pes
1253 489 1451 545 spondius
1471 487 1653 544 ponitur.
1692 488 1836 543 Hujus

387 560 619 616 exemplum
638 576 645 599 ε

669 626 764 663 inc
782 639 853 663 non
873 627 1028 662 iambum
1051 627 1205 661 reddidit
1223 626 1347 672 pedem
1366 629 1514 659 sextum.

334 712 368 742 15
390 699 496 738 Haec
517 696 568 736 de
588 695 762 736 iambico
782 704 914 735 metro
936 693 1085 735 dixisse
1107 693 1202 734 satis
1228 693 1289 734 sit.

1352 692 1570 733 Sciendum
1596 707 1690 732 sane
1710 691 1840 747 ipsius

389 763 512 804 iambi
545 778 633 802 eam
667 762 747 802 vim
776 777 874 811 esse,
904 771 951 802 ut
981 761 1170 816 quamvis
1202 760 1373 801 aliorum
1411 759 1563 815 pedum
1601 759 1840 814 adjumenta

389 830 603 886 acceperit,
639 830 725 885 ipse
756 838 892 869 tamen
927 843 1002 883 per
1038 843 1078 868 se
1113 843 1255 868 versus
1287 843 1366 868 non
1403 827 1639 868 indecenter
1675 826 1841 882 explere

390 898 529 954 possit,
552 908 598 938 ut
619 906 679 938 est
700 896 825 936 gillud
850 894 1116 936 Terentiani:

730 966 877 1008 Adesto,
901 965 1026 1007 iambe,
1044 976 1181 1012 prcepes
1202 969 1236 999 et
1256 966 1309 998 tui
1329 968 1446 999 tenax.

338 1042 374 1072 16
393 1034 516 1085 Quod
547 1033 714 1089 quidem
746 1033 866 1073 etiam
899 1031 1089 1087 dactylus
1110 1030 1180 1070 h‘m
1208 1030 1371 1071 heroico
1391 1030 1630 1070 hexametro
1650 1030 1842 1078 efficeret,

394 1102 469 1142 nisi
488 1117 630 1142 versus
661 1100 919 1141 conclusione
939 1108 1010 1139 aut
1039 1097 1255 1153 spondium
1284 1107 1357 1138 aut
1386 1098 1610 1138 trochaeum
1641 1098 1844 1139 desidera-

529 1168 663 1209 Iambi
686 1183 782 1208 vero
812 1182 911 1207 usus
941 1166 980 1206 in
1012 1165 1190 1206 carmine
1220 1165 1277 1205 ita
1305 1175 1365 1206 est
1384 1165 1524 1206 varius
1544 1182 1589 1206 ac
1611 1164 1842 1220 multiplex,

395 1247 440 1277 ut
472 1252 512 1277 se
543 1245 583 1276 et
613 1240 755 1290 iquam
787 1233 994 1290 aptissime
1024 1231 1198 1281 attollat,
1220 1241 1260 1272 et
1290 1232 1370 1273 alte
1400 1232 1479 1272 kad
1510 1232 1759 1273 cotidianum
1788 1231 1846 1271 lo-

395 1304 548 1359 quendi
581 1318 734 1343 morem
766 1302 947 1351 accedat,
971 1311 1011 1341 et
1031 1301 1088 1341 ita
1108 1300 1149 1340 in
1179 1300 1326 1340 severis
1358 1299 1625 1355 tristibusque
1646 1308 1846 1348 versetur,

341 1381 377 1410 18
398 1382 443 1412 ut
465 1371 584 1412 etiam
607 1371 647 1410 in
669 1369 862 1410 mollibus
881 1368 945 1408 lac
967 1367 1165 1408 remisisse
1186 1367 1282 1408 locis
1304 1367 1544 1422 plurimum.

1607 1369 1702 1408 Hoc
1723 1366 1846 1422 siqui-

397 1439 489 1480 dem
512 1453 604 1479 cum
627 1437 693 1477 alii
715 1436 1009 1492 tragoediarum
1032 1435 1260 1489 scriptores,
1283 1444 1370 1475 tum
1394 1435 1602 1490 praecipue
1625 1433 1847 1490 Sophocles

401 1611 658 1670 praetereunda
712 1609 841 1645 fuisset
894 1608 1095 1657 lexicogra-

404 1665 499 1715 phis,
529 1663 691 1712 artisque
720 1661 880 1698 metricae
910 1660 1096 1709 scriptori-

404 1720 483 1756 bus.
515 1717 667 1753 HEUS.

459 1770 477 1798 d
513 1772 638 1817 recipit
661 1770 770 1817 pedes
798 1769 856 1815 ex]
885 1768 941 1803 An
973 1779 1100 1803 emen-

406 1825 598 1861 dandum?
640 1824 766 1869 recipit
797 1823 904 1869 pedes
931 1833 992 1856 sex
1026 1822 1101 1867 lege

407 1886 475 1915 cet.
508 1876 666 1913 HEUS.

461 1938 477 1956 θ
499 1931 571 1966 Ibis
592 1929 775 1976 Liburnis]
799 1928 957 1963 Versum
982 1926 1100 1961 Hora-

409 1983 449 2020 tii
461 1983 695 2024 Theodorus,
709 1990 828 2017 metro
843 1979 1104 2029 Hipponacteo

409 2036 769 2077 accommodaturus,
797 2034 899 2070 auxit
925 2032 1103 2069 vocabulo

409 2102 606 2126 recurrens.
639 2088 791 2124 HEUS.

464 2141 480 2168 f
515 2144 585 2178 Hic
622 2154 692 2177 rion
735 2140 890 2175 iambum
928 2139 1099 2185 reddidit]

410 2196 525 2232 MSS.
553 2193 668 2231 nostri
696 2195 824 2229 reddit.
881 2192 1021 2227 Versus
1050 2199 1106 2227 est

411 2247 627 2286 Terentiani
649 2261 684 2295 p.
704 2247 819 2293 2436.
850 2244 1006 2281 HEUS.

467 2309 488 2337 g
517 2303 608 2337 illud
633 2299 854 2345 Terentiam]
879 2298 988 2336 Quod
1018 2296 1105 2346 legi-

415 2362 474 2391 tur
507 2354 545 2390 in
579 2352 850 2402 exemplaribus
882 2351 1037 2386 Putsch.
1069 2363 1105 2398 p.

418 2419 532 2453 2432.
590 2407 772 2454 Corrupte
819 2403 906 2439 MS.
946 2402 1106 2451 Guelph.

415 2462 499 2496 illut
524 2459 731 2494 Terentiam
751 2458 872 2492 adesto
883 2455 976 2501 jam.
991 2467 1107 2502 vepre.

411 2525 486 2561 pes,
524 2517 569 2547 et.
609 2512 673 2546 tui.
714 2514 824 2546 texat.
883 2507 997 2544 Paris.
1037 2520 1109 2544 sec.

417 2571 533 2602 tex-ax.
566 2563 722 2599 HEUS.

470 2617 492 2644 h
520 2619 554 2653 in
591 2617 731 2652 heroico
762 2616 966 2650 hexametro
995 2614 1109 2672 effice-

420 2673 491 2719 ret]
527 2669 683 2707 Codices
721 2667 839 2704 Paris.
878 2665 1110 2716 praepositio-

419 2738 504 2760 nem
557 2736 593 2760 m
647 2721 838 2758 omittunt.
923 2718 1111 2755 Librarius

419 2777 581 2827 Guelph.
603 2787 795 2825 perperam
823 2772 1016 2822 scripserat
1035 2773 1111 2821 effi-

418 2844 505 2866 cere.
537 2828 696 2866 HEUS.

472 2882 479 2910 i
521 2895 627 2930 quam
665 2881 844 2929 aptissime
884 2880 1042 2922 attollat,
1079 2884 1111 2914 et

1153 1608 1244 1654 alte]
1266 1608 1392 1645 Quum
1413 1606 1601 1656 professus
1621 1618 1752 1647 essem,
1770 1605 1849 1641 haec

1154 1660 1204 1696 ita
1233 1659 1448 1709 corrigenda
1469 1658 1595 1700 videri,
1618 1671 1723 1706 quam
1744 1659 1847 1694 altis-

1154 1715 1240 1749 sime
1264 1714 1424 1754 attollat,
1445 1718 1479 1747 et
1508 1716 1619 1758 apte:
1649 1710 1849 1747 eruditissi-

1157 1779 1238 1802 mus
1269 1767 1460 1801 Grunerus
1489 1763 1676 1806 indicavi-t,
1697 1776 1736 1799 se
1766 1777 1850 1812 pro-

1158 1820 1242 1855 bare
1263 1822 1514 1868 conjecturam
1542 1830 1660 1853 meam
1681 1817 1726 1853 de
1747 1829 1853 1853 voca-

1159 1872 1246 1908 bulo
1277 1873 1472 1915 altissime5
1520 1883 1586 1920 pro
1617 1872 1690 1906 alte
1727 1878 1851 1905 autem

1158 1938 1256 1973 oeque
1293 1924 1491 1974 legendum
1531 1932 1671 1973 putare.
1739 1922 1853 1961 Quod

1159 1977 1189 2014 si
1221 1991 1317 2026 aeqzce
1347 1990 1471 2014 verum
1503 1985 1570 2020 est,
1604 1989 1678 2012 non
1709 1975 1853 2011 incom-

1160 2031 1268 2068 mode
1302 2031 1452 2067 retineri
1491 2028 1627 2079 poterit
1662 2030 1853 2077 aptissime

1214 2136 1234 2163 k
1269 2139 1317 2173 ad
1346 2137 1581 2184 cotidianum]
1617 2135 1778 2184 Guelph.
1808 2136 1856 2171 acl

1160 2192 1405 2227 cottidianum.
1438 2190 1590 2225 HEUS.

1213 2242 1224 2269 ¹
1262 2257 1305 2279 αε
1345 2244 1517 2278 remisisse
1564 2242 1664 2288 locis]
1712 2241 1770 2276 Ita
1815 2241 1854 2276 in

1162 2295 1325 2345 Guelph.
1352 2295 1526 2344 legeram,
1547 2307 1659 2343 quum
1690 2294 1855 2329 scriben-

1162 2349 1250 2385 dum
1279 2361 1360 2384 esse
1388 2347 1623 2394 conjicerem,
1645 2359 1687 2382 ac
1706 2348 1858 2382 remissis

1154 2402 1258 2448 jocis.
1316 2402 1506 2437 Grunerus
1542 2401 1584 2435 V.
1617 2399 1660 2435 C.
1696 2400 1858 2436 malebat

1163 2455 1298 2490 remisis
1329 2454 1557 2489 sermonibus.
1614 2453 1728 2489 Nunc.
1756 2465 1857 2494 vero,

1165 2515 1362 2556 postquam
1394 2519 1414 2542 e
1447 2505 1569 2556 priore
1602 2505 1715 2542 Paris.
1738 2519 1780 2541 ac
1799 2518 1856 2540 re-

1164 2562 1261 2596 misis
1287 2562 1334 2596 sit
1362 2561 1458 2602 locis,
1477 2572 1521 2596 ex
1540 2559 1655 2596 altero
1675 2572 1718 2595 ac
1737 2560 1858 2594 remis-

1165 2615 1211 2649 sis
1230 2616 1277 2649 sit
1296 2615 1390 2656 iocis,
1410 2613 1573 2649 adlatum
1594 2619 1673 2648 est:
1705 2624 1725 2647 e
1744 2611 1860 2659 scrip-

1167 2675 1249 2703 tura
1270 2666 1378 2702 trium
1401 2666 1570 2703 codicum
1590 2664 1688 2701 inter
1703 2677 1740 2700 se
1755 2677 1858 2700 com-

1167 2728 1294 2769 parata
1315 2719 1510 2756 manifeste
1535 2717 1741 2767 intelligere
1771 2715 1859 2752 mibi

1169 2772 1304 2815 xideor,
1352 2772 1592 2809 Theodorum
1639 2768 1825 2830 scripsisse
1850 2784 1857 2804 ε

1167 2831 1206 2861 ut
1227 2828 1335 2862 etiam
1357 2828 1392 2861 in
1412 2826 1576 2861 mollibus
1596 2837 1639 2860 ac
1658 2824 1808 2859 remissis
1829 2824 1861 2857 ei

1167 2881 1212 2915 sit
1233 2879 1299 2915 loci
1315 2880 1524 2926 plurimum.
1555 2877 1708 2913 HEUS.
