1962 3355
137 174 243 205 CAP.
261 164 340 216 37.
651 155 770 203 Ὠδαὶ
795 156 930 203 tertii
951 155 1076 202 libri.
1495 161 1588 212 517

338 276 497 334 Oflmsl
519 278 794 334 Blandusz'loel
812 276 1081 333 splendidilor
1100 277 1262 317 mvitro.

201 353 345 400 Nona
369 351 459 399 ode
484 350 778 415 Sapphicum
807 360 1010 396 metrum
1039 349 1198 403 habet,
1218 347 1361 410 quod,
1378 356 1430 394 ut
1449 365 1589 411 supra
1605 359 1627 392 9

135 429 362 487 diximus,
387 427 641 483 scanditur,

360 503 595 556 yHercullis
615 501 716 552 riltu
735 502 863 558 moldo
883 500 1029 553 dilctus
1048 506 1096 541 ⁰0
1112 500 1242 556 plebs.

200 577 407 624 Decima
446 576 535 623 ode
575 574 940 640 Asclepiadeum
982 583 1188 621 metrum
1228 573 1387 631 habet,
1422 583 1469 621 et
1508 592 1591 636 per
1612 589 1650 612 10

136 652 272 698 binos
297 670 455 700 versus
480 652 733 700 scanditur.
785 651 914 698 Nam
944 668 1065 698 unus
1090 649 1324 714 Ptripodia
1343 650 1592 715 dactylice,

136 729 252 775 alter
274 731 562 792 πενθημιμερὴς
590 729 727 786 inest,

369 804 497 857 Uxor-l
515 803 730 861 pauperis}
752 805 888 861 Ibyci.

204 877 475 925 Undecima
500 878 588 924 ode
610 877 978 942 Asclepiadeum
1004 886 1210 924 metrum
1244 877 1403 934 habet,
1428 885 1476 924 et
1509 895 1593 941 per
1613 894 1647 915 11

135 962 387 1016 quaternos
429 971 588 1000 versus
631 954 888 1000 scanditur.
973 954 1103 1001 Nam
1147 963 1239 1001 tres
1275 959 1592 1019 πενθημιμερεῒς,

135 1040 329 1093 quartus
355 1030 557 1094 tripodia
582 1030 816 1094 dactylice
841 1030 976 1085 inest,

363 1107 587 1164 Inclalsam
612 1107 814 1162 Danalen}
836 1108 971 1147 turris
992 1106 1198 1163 qalhenea.

200 1179 503 1226 Duodecima
538 1179 627 1226 ode
651 1180 901 1227 Alcaicum
940 1188 1143 1227 metrum
1185 1180 1343 1236 habet,
1378 1179 1522 1244 quod,
1539 1188 1593 1227 ut
1613 1198 1651 1220 12

136 1274 276 1320 supra
299 1255 524 1311 diximus,
550 1255 804 1311 scanditur,

362 1333 471 1372 rAeli
492 1336 662 1387 vetulsto
681 1332 842 1388 nobilis}
861 1332 912 1372 ab
935 1333 1080 1373 Lamo.

199 1405 400 1451 Decima
423 1404 559 1450 tertia
584 1404 672 1451 ode
698 1404 995 1468 Sapphicum
1023 1413 1228 1452 metrum
1264 1405 1422 1461 habet,
1447 1404 1591 1469 quod,
1614 1427 1650 1457 13

136 1490 185 1527 ut
208 1498 349 1545 supra
373 1480 624 1537 Sdiximus,
650 1480 906 1536 scanditur,

363 1558 524 1613 Faunel
544 1555 853 1613 Nymplzalrzmz
877 1558 1171 1614 {fulgienstum
1193 1564 1372 1599 amator.

201 1629 404 1675 Decima
429 1639 594 1692 quarta
618 1630 706 1676 ode
730 1630 1098 1694 Asclepiadeurn
1129 1640 1334 1677 metrum
1362 1631 1520 1689 habet,
1544 1640 1592 1677 et
1614 1655 1652 1685 14

136 1724 218 1769 per
243 1706 378 1752 binos
403 1724 562 1752 versus
596 1706 849 1753 scanditur.
920 1707 1050 1754 Nam
1077 1708 1204 1771 prior
1227 1707 1462 1771 vtripodia
1485 1707 1593 1754 dac-

135 1783 294 1846 tylica,
320 1800 520 1845 sequens
544 1784 832 1845 πενθημιμερῆς
863 1783 1001 1841 inest,

367 1865 590 1920 Quantum}
611 1865 765 1905 wdistet
785 1863 845 1916 abl
868 1865 1040 1906 Inacho.

202 1942 404 1988 Decima
424 1943 590 2005 quinta
614 1942 702 1989 ode
728 1943 1025 2006 Sapphicum
1053 1952 1256 1990 metrum
1285 1943 1443 2001 habet,
1463 1943 1589 2006 quod
1614 1959 1648 1991 15

137 2028 189 2065 ut
213 2036 353 2082 supra
377 2018 603 2075 diximus,
631 2019 883 2074 scanditur,

363 2097 463 2137 Non
486 2097 610 2151 vilcles·
631 2096 823 2152 Xqucmito
843 2094 1028 2155 molveas}
1042 2097 1210 2153 periclo.

201 2180 405 2226 Decima
430 2190 561 2227 sexta
585 2181 673 2228 ode
691 2182 938 2228 Alcaicum
966 2190 1171 2228 metrum
1201 2182 1358 2240 habet,
1377 2181 1520 2245 quod,
1540 2190 1591 2229 ut
1614 2191 1651 2221 16

135 2276 273 2322 supra
298 2257 522 2316 diximus,
549 2259 803 2313 scanditur,

364 2347 399 2386 Ο
419 2353 544 2387 ynate
564 2344 729 2396 melcum
750 2345 923 2397 consulel
947 2346 1130 2387 Manlio.

190 2535 219 2554 m
240 2528 354 2575 vitro]
376 2531 490 2565 vitror
510 2532 551 2566 A.
573 2531 636 2580 qui
658 2545 744 2568 mox
765 2545 839 2568 om.
862 2533 981 2568 habet.
1108 2538 1128 2558 n
1150 2531 1343 2578 Herculis]
1370 2532 1527 2567 Hercule
1545 2532 1590 2567 A.

135 2589 153 2608 0
174 2595 196 2617 o
217 2581 338 2630 plebs]
363 2595 400 2617 os
418 2595 496 2630 spes
516 2585 558 2619 A.
729 2592 749 2620 P
769 2586 907 2632 διποὸία]
931 2586 1086 2632 tripudia
1106 2585 1149 2621 A.
1182 2587 1286 2621 unius
1315 2586 1473 2632 tripodia
1495 2585 1586 2621 Ven.

135 2643 155 2669 q
175 2635 332 2683 ahenea]
359 2648 549 2671 amaeneas
569 2637 610 2672 A.
722 2644 737 2663 Γ
750 2637 848 2684 Aeli]
877 2639 955 2674 Veh·
976 2640 1021 2674 A.
1046 2639 1118 2674 heli
1137 2639 1234 2674 Ven.
1346 2645 1361 2664 S
1382 2636 1587 2683 scanditur]

135 2689 288 2724 diximus
307 2690 491 2724 scanditur
510 2690 553 2725 A.
664 2690 678 2715 t
697 2689 905 2740 fugientum
928 2693 1089 2739 amator]
1104 2692 1238 2739 sagien
1259 2696 1406 2727 (cnzcztur
1424 2691 1469 2726 A.
1479 2690 1588 2738 fugi-

136 2743 268 2777 entium
291 2746 430 2776 amater
450 2742 544 2778 Ven.
668 2749 687 2768 V
707 2743 872 2792 dipodia]
897 2745 1054 2792 tripodia
1073 2746 1119 2781 A.
1141 2746 1238 2781 Ven.
1363 2750 1391 2768 w
1411 2742 1522 2779 distat
1542 2743 1588 2778 ab

558 2793 573 2816 h

135 2827 294 2874 Inacho]
317 2829 422 2863 distet
441 2829 486 2863 ab
506 2830 614 2863 iaceo.
639 2829 680 2864 A.
862 2836 881 2855 x
902 2838 1042 2879 quanto
1064 2843 1210 2867 moveas
1235 2828 1416 2878 periculo]
1450 2834 1586 2876 quantu

137 2893 275 2917 moveas
290 2882 425 2928 periclo
443 2881 488 2918 A.
655 2888 664 2911 ³
693 2882 998 2930 nata—Manlio]
1020 2884 1284 2920 nate—mallio
1302 2883 1344 2919 A.
1367 2882 1463 2918 Ven.
