1962 3355
130 217 235 248 CAP.
261 211 333 248 11.
699 201 782 245 De
807 199 1031 246 Pedibus.
1522 210 1580 259 57

129 322 304 368 Graecis
337 322 413 367 hic
439 340 537 385 pes,
565 332 614 368 ut
641 332 801 367 auctor
826 334 870 367 et
896 339 1065 384 parens
1102 321 1407 382 reliquorum,
1432 325 1584 382 ἡγεμάν

125 397 309 444 dicitur.
381 398 689 460 Pyrrhichius
727 407 886 444 autem
923 415 949 443 a
981 397 1117 444 celeri
1145 406 1279 443 motu
1306 415 1359 443 ac
1394 415 1582 443 recursu

125 472 228 535 fqui
255 473 300 519 in
329 474 586 537 pyrrbicha
618 473 832 530 habetur,
852 483 1154 537 nuncupatus
1180 482 1265 519 est.
1315 473 1447 519 Huic
1473 491 1584 519 con-

124 549 292 595 trarius
327 557 397 595 est
434 550 683 613 Spondeus
720 567 744 595 e
784 549 967 595 duabus
1006 550 1175 613 longiS,
1199 558 1253 595 ut
1278 566 1433 613 reges,
1464 558 1586 595 tem-

125 643 295 689 porum
333 635 571 688 quattuor,
602 626 756 672 dictus
794 643 818 671 a
860 635 1013 672 tractu
1051 634 1217 671 cantus
1251 625 1351 686 ejus
1384 626 1464 687 qui
1503 642 1586 688 per

125 701 288 764 longas
309 701 446 748 tibias
473 702 518 747 in
546 702 737 765 templis
763 702 1140 766 supplicantibus
1170 701 1372 748 geditur.
1418 700 1585 759 (Unde

125 786 172 824 et
209 778 456 841 spondulae
483 778 794 841 appellantur,
818 780 898 840 qui
937 777 1211 840 hujusmodi
1250 778 1387 824 tibias
1424 778 1586 823 inflare

125 862 173 893 gg
189 853 481 915 adsuerunt.)
544 855 761 907 Quorum
786 864 985 917 uterque
1010 864 1240 918 quantum
1268 854 1314 900 in
1336 854 1459 911 Arsi,
1483 863 1585 900 tan-

125 940 225 976 tum
254 931 423 978 retinet
449 932 494 977 in
520 931 681 978 Thesi.
728 932 794 978 At
821 931 839 960 ¹³
858 932 937 993 qui
964 949 989 977 e.
1015 931 1142 977 brevi
1168 931 1334 994 prima,
1359 939 1586 992 sequente

126 1004 305 1068 syllaba
325 1005 482 1068 longa,
503 1004 772 1068 idigeritur,
795 1005 880 1051 erit
897 1006 1110 1056 Iambus,
1128 1014 1397 1067 temporum
1426 1004 1586 1061 trium,

126 1091 178 1127 ut
205 1098 399 1143 parens,
424 1081 500 1127 ἀπὸ
531 1088 598 1128 τοῦ
632 1082 850 1143 ἰαμβίζειν,
876 1081 920 1126 id
955 1090 1024 1127 est
1055 1081 1354 1138 maledicere,
1375 1081 1500 1144 quod
1538 1082 1585 1127 in

126 1158 341 1203 iambicis
388 1158 674 1220 plerumque
721 1157 932 1202 versibus
975 1158 1251 1220 reperimus,
1293 1158 1367 1203 vel
1405 1157 1481 1203 ἀπὸ
1518 1164 1587 1204 τοῦ

124 1233 219 1278 ἰέναι
245 1233 398 1288 βάδηνε
438 1250 462 1277 a
490 1233 615 1277 brevi
649 1233 774 1278 enim
807 1233 1046 1295 profectus
1084 1251 1169 1297 per
1201 1233 1398 1296 longum
1437 1234 1587 1296 porri-

124 1310 264 1373 gitur.
336 1308 466 1354 Huic
503 1309 763 1355 contrarius
798 1309 1072 1365 Trochaeus,
1108 1309 1261 1356 dictus
1301 1328 1326 1355 a
1363 1327 1500 1356 cursu
1539 1318 1587 1356 et

125 1385 378 1440 celeritate,
401 1388 530 1446 (nam
551 1384 689 1448 τροχὸς
710 1385 786 1432 ἀπὸ
805 1392 872 1433 τοῦ
897 1386 1052 1449 τρέχειν
1077 1386 1362 1432 vocabulum
1390 1386 1586 1450 l¹1sump-

126 1463 199 1519 sit,
217 1462 341 1508 idem
370 1471 415 1508 et
441 1462 644 1508 Chorius
670 1460 744 1509 ἀπὸ
769 1469 840 1520 τῆς
864 1463 1023 1526 χορείας
1049 1463 1290 1526 sumpsit‚)
1323 1481 1347 1509 e
1375 1464 1514 1526 longa
1538 1473 1585 1510 et

123 1538 266 1593 brevi,
287 1548 559 1601 temporum
586 1539 802 1593 totidem,
828 1548 879 1586 ut
907 1541 1076 1587 Roma.
1148 1540 1338 1586 Horum
1367 1541 1499 1586 Arsis
1538 1550 1585 1586 et

121 1615 291 1661 Thesis
330 1615 507 1661 alterna
541 1616 804 1662 mutatione
828 1616 1045 1662 variatur.
1119 1616 1364 1678 Siquidem
1393 1617 1442 1663 in
1469 1618 1584 1664 iam-

124 1692 185 1737 bo
209 1692 342 1738 Arsis
375 1693 578 1757 primam
615 1694 824 1750 brevem,
860 1693 909 1739 in
948 1693 1156 1740 trocbaeo
1192 1702 1350 1739 autem
1391 1693 1583 1757 longam

124 1768 325 1824 habeat3
373 1770 420 1816 in
454 1770 599 1816 Thesi
638 1787 747 1817 vero
784 1770 1017 1817 contraria
1053 1769 1373 1833 superioribus
1410 1780 1581 1817 sumat.

124 1844 380 1908 Trisyllabi
421 1855 576 1893 autem
617 1847 760 1910 pedes
787 1855 908 1901 octo,
934 1847 981 1892 in
1008 1846 1180 1909 quibus
1209 1863 1430 1892 mensura
1460 1855 1581 1892 tem-

122 1939 294 1984 porum
331 1940 357 1967 a
391 1922 586 1968 trisemo
622 1925 718 1968 sive
756 1923 997 1969 trichrono
1034 1922 1091 1968 ad
1131 1921 1445 1968 lhexasemon
1485 1922 1582 1968 sive

124 1998 461 2044 hexachronon
489 2016 635 2062 usque
666 1999 933 2062 porrigitur.
992 1998 1206 2044 Primum
1234 1999 1479 2045 habebunt
1502 2017 1583 2063 pe-

123 2073 231 2120 dem
269 2074 582 2138 Tribracbyn,
609 2075 731 2121 sicut
767 2075 987 2139 disyllabi
1032 2075 1312 2137 dibracbyn,
1337 2074 1519 2122 dictum
1557 2093 1582 2120 a

123 2159 392 2214 temporum
422 2151 698 2197 substantia.
750 2151 885 2197 Idem
912 2160 960 2197 et
983 2163 1016 2183 ¹1¹
1033 2151 1311 2214 Pygnomus
1338 2169 1363 2197 a
1387 2151 1584 2214 quibus-

122 2225 249 2281 dam,
269 2244 328 2272 ne
351 2244 432 2273 vos
456 2237 716 2291 praetereat,
732 2237 942 2274 vocatur.
1014 2227 1242 2274 Subsistit
1267 2237 1423 2273 autem
1453 2246 1477 2273 e
1502 2228 1584 2274 tri-

124 2304 210 2349 bus
231 2304 467 2359 brevibus,
492 2313 545 2350 ut
570 2305 744 2358 anima,
770 2313 1040 2368 temporum
1068 2305 1230 2350 trium.
1274 2303 1578 2350 Contrarium

123 2379 234 2426 huic
261 2380 547 2437 Molossum,
572 2380 753 2427 dictum
793 2399 818 2427 a
853 2380 1116 2427 nMolossis
1148 2381 1229 2443 qui
1263 2380 1311 2426 in
1336 2380 1582 2426 Thessalia

176 2504 192 2531 f
208 2505 288 2555 qui]
311 2520 393 2556 quae
412 2508 450 2543 P.
580 2514 601 2542 g
621 2507 768 2555 aeditur]
793 2507 914 2544 editur
931 2508 971 2544 P.
1103 2514 1147 2542 gg
1166 2508 1423 2554 assueverunt]
1450 2506 1582 2543 adsue-

123 2567 209 2595 runt
229 2561 270 2596 P.
400 2559 422 2586 h
441 2560 502 2609 qui
523 2562 559 2608 e]
583 2573 654 2610 que
676 2562 715 2597 P.
852 2560 862 2587 i
883 2561 1078 2611 digeritur]
1099 2560 1269 2611 dirigitur
1288 2561 1326 2597 P.
1439 2558 1460 2585 k
1480 2573 1582 2596 sum-

123 2611 189 2660 sit]
215 2614 375 2662 sumpsit
395 2614 434 2649 P.
456 2613 522 2650 bis.
640 2613 651 2639 l
672 2615 1237 2662 hexasemon—hexachronon]
1264 2626 1582 2650 exasemon—ex-

122 2666 310 2702 achronon
333 2668 374 2702 P,
498 2674 529 2693 m
549 2669 678 2715 χορεῖος]
705 2669 918 2718 pygnomus
939 2669 978 2704 P.
1028 2669 1104 2704 fere
1124 2681 1209 2703 cum
1233 2667 1418 2703 Diomede
1438 2679 1473 2715 p.
1491 2676 1582 2714 475.

125 2719 245 2755 Caesio
265 2720 382 2756 Basso
404 2734 439 2769 p.
458 2721 574 2757 2666.
596 2719 658 2770 qui
676 2734 871 2768 pygmonct.
982 2728 1002 2747 11
1024 2719 1471 2767 Molossis—'l'hessalia]
1494 2720 1582 2755 Mo-

122 2770 439 2810 losis—Thesalia
459 2774 502 2810 P.

183 2886 240 2922 15.
272 2876 596 2923 asupplicantz'bus
623 2875 824 2912 Salmasius
936 2875 984 2911 ib.
1015 2874 1225 2924 spondulae]
1259 2874 1465 2922 spomlaulae
1498 2871 1580 2908 Sal-

125 2926 170 2962 ad
190 2927 345 2977 Vopisc.
367 2941 403 2977 p.
421 2928 647 2976 493=824.
881 2929 1031 2964 masius.

938 3006 953 3036 1

1609 937 1646 969 16

1608 1327 1644 1360 Ϊ7

1608 1551 1644 1581 18

1605 1871 1643 1903 19

1603 2176 1643 2197 20

1603 2330 1639 2351 21
