1962 3355
350 169 444 217 426
948 170 1199 217 Diomedis
1613 182 1709 213 Lm.
1730 183 1804 214 111.

317 313 336 338 4
422 288 552 353 Ergo
577 288 794 335 binarum
821 289 1107 352 syllabarum
1135 296 1244 334 sunt
1268 288 1344 333 hi:

423 365 609 411 Primus
644 382 726 427 pes
751 363 1018 426 dibrachys,
1045 363 1263 417 bibrevis,
1288 361 1590 425 pyrrhichius
1625 361 1697 408 vel
1731 378 1811 424 pa-

358 442 568 489 riambus
614 442 685 487 vel
736 441 1009 503 Phegcmon
1053 441 1218 486 Graece
1259 438 1459 492 dicitur;
1513 446 1697 484 constat
1751 453 1809 483 ex

359 519 543 566 duabus
580 517 799 563 brevibus
836 526 1106 579 temporum
1144 515 1310 570 duum,
1345 523 1429 560 qut
1451 513 1608 560 Deus.
1684 512 1811 559 Ante

360 595 488 641 enim
514 593 666 640 brevis
692 602 858 654 rquarn
888 593 1027 653 longa
1064 591 1243 653 syllaba
1274 600 1459 653 reperta
1490 599 1574 647 est,
1599 599 1651 636 ut
1682 590 1811 653 prius

325 689 511 723 5unum
554 686 696 731 quam
740 669 851 714 duo.
938 667 1054 713 Ideo
1096 677 1253 713 autem
1296 666 1620 730 Spyrrhichius
1658 665 1811 712 dictus

361 756 488 803 SSest,
513 755 705 809 propter
726 744 1050 808 pyrrhicham‚
1072 743 1183 806 quia
1214 744 1403 789 brevem
1441 743 1670 806 syllabam
1707 760 1813 806 pro-

360 823 560 869 ferentes
598 821 815 884 spiritum
848 821 1092 867 arctiorem
1132 820 1273 866 labris
1309 819 1695 865 concurrentibus
1731 836 1811 864 ex-

361 900 612 962 plicamus,
652 901 780 960 tquae
821 896 1105 961 compositio
1154 895 1427 957 hujusmodi
1476 895 1813 941 modulationis

361 974 630 1039 pyrrhichae
668 974 919 1020 convenit:
959 974 1031 1020 vel
1070 991 1095 1019 a
1136 973 1319 1035 Pyrrho
1343 972 1543 1019 Achillis
1582 972 1695 1027 filio,
1732 972 1811 1033 qui

361 1051 533 1098 crebris
559 1061 606 1096 et
629 1051 735 1097 citis
759 1050 1158 1097 chultati01iibus
1183 1049 1254 1095 bis
1281 1049 1483 1095 breviter
1505 1048 1815 1112 Wprominen-

361 1137 458 1173 tem
497 1127 704 1191 clipeum
742 1127 941 1190 genibus
974 1127 1270 1181 incumbens,
1295 1135 1342 1170 et
1380 1143 1462 1188 per
1503 1125 1632 1171 hunc
1668 1124 1814 1170 hosti-

364 1206 450 1251 bus
498 1213 759 1250 Xterrorem
810 1204 1058 1250 inmittens
1107 1203 1445 1258 Yinferebatur‚
1489 1202 1610 1248 sicut
1655 1218 1815 1247 versus

326 1293 345 1323 6
363 1281 595 1338 inlustrat,
626 1279 852 1326 ὑπασπίδια
875 1286 1133 1343 προβιβῶντι.
1204 1279 1332 1326 Cum
1358 1298 1469 1343 ergo
1494 1279 1664 1343 gradus
1689 1278 1816 1324 ZVult

363 1359 565 1404 breviter
605 1356 880 1403 accedentes
917 1366 1152 1402 ostentare
1185 1356 1212 1382 ξε
1238 1357 1310 1402 vel
1353 1366 1630 1420 expetenter
1664 1355 1815 1401 Athe-

363 1435 548 1480 nienses
585 1451 669 1497 per
705 1432 881 1479 indicte
916 1432 1225 1496 dispositione
1261 1432 1465 1478 milliens
1501 1432 1668 1478 faciem
1704 1430 1814 1476 belli

363 1519 611 1564 ostentare,
638 1509 864 1556 mobilem
891 1508 1218 1555 decursionem
1243 1508 1518 1572 pyrrhichio
1545 1507 1663 1571 pede
1688 1524 1818 1552 com-

364 1596 555 1634 mentus
593 1596 677 1643 est,
703 1596 776 1632 aet
798 1585 926 1631 idem
965 1594 1166 1631 metrum
1205 1585 1535 1648 pyrrhichium
1574 1602 1599 1630 a
1635 1583 1817 1646 Pyrrho

363 1672 603 1727 repertum
647 1673 694 1709 et
741 1663 1041 1708 inlustratum
1101 1661 1472 1724 cognominavit,
1513 1660 1593 1706 sed
1645 1660 1746 1723 ipse
1792 1677 1816 1705 a

362 1738 538 1802 pedum
577 1738 839 1785 mobilitate
875 1738 1000 1799 quod
1039 1737 1330 1801 btripudians
1369 1737 1555 1784 ordines
1593 1746 1641 1783 et
1679 1737 1820 1782 Cine-

366 1932 672 1978 tasyllabi—ergo
694 1931 857 1966 binarum
886 1931 1105 1977 syllabarum
1133 1936 1215 1966 sant
1242 1931 1278 1966 hi
1303 1932 1442 1978 primus
1465 1943 1529 1978 pes
1549 1930 1748 1966 (libracchis
1769 1930 1818 1965 bi-

367 1985 480 2020 brevis
500 1984 590 2020 ΑΕ.
613 1992 649 2020 et
672 1984 743 2019 fere
766 1984 808 2019 B.
831 1984 893 2019 ubi
920 1984 1285 2031 clibrachys.—Ergo
1307 1985 1471 2020 binarum
1493 1984 1531 2020 S.
1562 1989 1644 2019 sant
1665 1984 1702 2019 hi
1722 1984 1818 2019 Ven.

366 2044 385 2072 P
408 2038 625 2087 Hegenion]
648 2049 778 2084 cegoeon
803 2037 895 2073 Ven.
1076 2044 1096 2071 q
1118 2037 1172 2083 ut]
1196 2043 1261 2073 aut
1280 2038 1321 2073 C.
1486 2043 1502 2063 ¹·
1520 2037 1651 2086 quam]
1677 2049 1753 2085 quae
1776 2037 1819 2073 B.

368 2097 382 2116 s
399 2090 635 2140 Pyrrhichius
652 2091 794 2137 autem]
821 2092 899 2125 ideo
915 2095 1033 2125 autem
1053 2091 1256 2138 pyrrichius
1270 2091 1411 2127 ΑΒΕ.
1427 2091 1520 2126 Ven.
1570 2096 1602 2116 ⁵⁵
1619 2096 1669 2126 est
1685 2103 1759 2127 om.
1774 2090 1818 2126 B.

366 2145 381 2169 t
397 2157 478 2192 quae
495 2147 630 2192 compo
649 2142 907 2189 hujuscemodi
925 2142 1190 2190 modulationi]
1215 2157 1291 2190 quae
1306 2145 1510 2190 compositio
1527 2143 1727 2189 hujusmodi
1745 2155 1820 2178 mo-

368 2198 564 2232 dulationis
583 2197 722 2233 A.B.C.
745 2196 986 2242 hujuscemodi
1009 2198 1260 2232 modulationis
1273 2197 1468 2244 pyrrichiae
1489 2197 1584 2232 Ven.
1649 2203 1665 2221 V
1688 2196 1821 2232 modu-

367 2248 584 2295 lationibus]
609 2250 886 2284 exaltationibus
906 2250 1046 2285 ΑΒΕ.
1193 2257 1222 2274 W
1239 2262 1462 2298 promovens
1482 2248 1661 2297 clipeum]
1681 2251 1819 2295 promi-

367 2308 506 2338 nentem
530 2304 681 2349 clipeum
699 2302 844 2338 A.B.C.
866 2303 961 2338 Ven.
1126 2308 1146 2327 Χ
1167 2310 1341 2338 terrorem
1364 2301 1550 2348 hostibus]
1575 2302 1730 2337 hostibus
1748 2308 1820 2337 ter-

368 2368 482 2390 rorem
507 2356 644 2391 A.B.C.
671 2367 738 2402 per
758 2355 823 2390 hoc
843 2360 1015 2390 terrorem
1037 2355 1071 2390 h.
1096 2354 1294 2391 Santenius
1314 2355 1360 2390 ad
1381 2355 1533 2390 Terent.
1554 2355 1680 2391 Maur.
1703 2368 1738 2404 p.
1757 2365 1819 2403 55.

368 2415 388 2443 Y
407 2408 606 2449 ferebatur,
627 2407 722 2443 sicut
744 2420 868 2443 versus
896 2408 957 2443 ille
978 2407 1141 2443 ostendit
1167 2409 1221 2443 καὶ
1241 2411 1290 2443 ὑπ’
1311 2408 1438 2443 ἀσπίδα
1458 2409 1659 2455 προποδίζων]
1692 2408 1821 2456 infere-

371 2462 489 2503 batur,
517 2463 609 2496 sicut
637 2473 758 2496 versas
786 2462 958 2496 inlustrat
986 2462 1173 2508 ypaspidia
1197 2461 1514 2508 p1·obivontiA.B.
1537 2470 1574 2497 et
1595 2461 1669 2497 fere
1690 2461 1734 2498 C.
1764 2464 1819 2497 in=

357 2514 553 2562 ferebatur
572 2515 727 2549 ἑπάσπιδι
747 2509 919 2560 προβαῖνον
940 2514 1037 2549 Ven.
1261 2521 1279 2540 Ζ
1302 2514 1412 2550 vellet
1434 2513 1591 2550 breviter
1611 2514 1822 2551 accedentis

369 2576 556 2604 ostentare
579 2566 773 2613 mobilem]
808 2567 886 2601 vult
918 2567 1070 2602 breviter
1099 2569 1302 2603 accedentes
1331 2573 1510 2603 ostentare
1535 2570 1590 2604 vel
1617 2574 1823 2615 expetenter

373 2624 591 2668 (expetentes
625 2620 690 2663 B.)
731 2620 961 2654 Athenienses
986 2633 1053 2666 per
1074 2622 1202 2656 indicte
1222 2622 1449 2668 dispositione
1474 2622 1736 2669 (dispositiones
1755 2622 1818 2667 B.)

370 2675 524 2709 milliens
537 2674 678 2722 faciem
699 2673 781 2708 belli
803 2678 981 2708 ostentare
1002 2674 1161 2709 mobilem
1186 2675 1331 2710 A.B.C.
1352 2676 1429 2710 vult
1448 2674 1545 2710 Ven.
1748 2681 1767 2700 a
1786 2683 1823 2711 et

368 2726 454 2773 ideo
471 2734 629 2762 metrum
644 2724 897 2775 pyrrhichium
918 2739 938 2761 a
958 2727 1095 2775 Pyrrho
1117 2735 1303 2776 repertum
1324 2736 1361 2763 et
1381 2727 1606 2763 illustratum
1629 2727 1822 2777 cognomi-

372 2780 496 2826 natur]
530 2785 564 2815 et
589 2781 681 2814 idem
709 2791 820 2814 meum
855 2780 951 2822 (eum
974 2780 1017 2814 B.
1041 2782 1073 2814 in
1097 2794 1172 2816 enm
1195 2782 1255 2827 C.)
1279 2781 1489 2828 pyrricham
1517 2795 1539 2816 a
1562 2793 1673 2828 pyrro
1701 2793 1820 2828 reper-

373 2839 445 2869 tam
476 2838 510 2868 et
540 2834 769 2868 inlustratum
801 2834 1059 2878 cognominavit
1088 2835 1180 2869 AB.
1208 2841 1246 2869 et
1271 2834 1348 2870 fere
1369 2835 1411 2869 C.
1442 2836 1707 2881 cognominavit
1725 2835 1820 2870 Ven.

371 2884 390 2911 b
413 2886 617 2935 tripudians
638 2897 786 2935 quoque
806 2893 843 2921 et
867 2888 1010 2929 κινησίας
1035 2895 1091 2922 est
1120 2886 1426 2936 cognominatus]
1462 2889 1659 2935 tripedians
1689 2889 1822 2935 (tripu-
