<?xml version="1.0" encoding="UTF-8"?>
<!DOCTYPE html PUBLIC "-//W3C//DTD XHTML 1.0 Transitional//EN"
    "http://www.w3.org/TR/xhtml1/DTD/xhtml1-transitional.dtd">
<html xmlns="http://www.w3.org/1999/xhtml" xml:lang="en" lang="en">
 <head>
  <title>
</title>
<meta http-equiv="Content-Type" content="text/html;charset=utf-8" />
  <meta name='ocr-system' content='tesseract 3.04.00' />
  <meta name='ocr-capabilities' content='ocr_page ocr_carea ocr_par ocr_line ocrx_word'/>
</head>
<body>
  <div class='ocr_page' id='page_1' title='image "./scriptoreslatini00gaisuoft/scriptoreslatini00gaisuoft_0310.png"; bbox 0 0 1962 3355; ppageno 0'>
   <div class='ocr_carea' id='block_1_1' title="bbox 370 191 1269 246">
    <p class='ocr_par' dir='ltr' id='par_1_1' title="bbox 370 191 1269 246">
     <span class='ocr_line' id='line_1_1' title="bbox 370 191 1269 246; baseline 0.007 -13"><span class='ocrx_word' id='word_1_1' title='bbox 370 198 463 246; x_wconf 84' lang='lat'><em>292</em></span> <span class='ocrx_word' id='word_1_2' title='bbox 930 191 1090 238; x_wconf 73' lang='lat' dir='ltr'><em>Marii</em></span> <span class='ocrx_word' id='word_1_3' title='bbox 1113 192 1269 239; x_wconf 63' lang='lat' dir='ltr'><em>Plotia·</em></span> 
     </span>
    </p>
   </div>
   <div class='ocr_carea' id='block_1_2' title="bbox 370 310 1831 530">
    <p class='ocr_par' dir='ltr' id='par_1_2' title="bbox 370 310 1831 530">
     <span class='ocr_line' id='line_1_2' title="bbox 371 310 1828 377; baseline 0.003 -21"><span class='ocrx_word' id='word_1_4' title='bbox 371 310 576 357; x_wconf 89' lang='lat' dir='ltr'><em>secunda</em></span> <span class='ocrx_word' id='word_1_5' title='bbox 612 311 796 358; x_wconf 89' lang='lat' dir='ltr'><em>bacchii</em></span> <span class='ocrx_word' id='word_1_6' title='bbox 834 312 975 375; x_wconf 86' lang='lat' dir='ltr'><em>longa</em></span> <span class='ocrx_word' id='word_1_7' title='bbox 1006 313 1110 360; x_wconf 72' lang='lat' dir='ltr'><em>ifiat</em></span> <span class='ocrx_word' id='word_1_8' title='bbox 1144 313 1394 377; x_wconf 84' lang='lat' dir='ltr'>positione,</span> <span class='ocrx_word' id='word_1_9' title='bbox 1420 331 1513 359; x_wconf 90' lang='lat' dir='ltr'><em>non</em></span> <span class='ocrx_word' id='word_1_10' title='bbox 1549 322 1608 359; x_wconf 80' lang='lat' dir='ltr'><em>Sit</em></span> <span class='ocrx_word' id='word_1_11' title='bbox 1643 322 1828 376; x_wconf 88' lang='lat' dir='ltr'><em>natura)</em></span> 
     </span>
     <span class='ocr_line' id='line_1_3' title="bbox 371 386 1831 454; baseline 0.003 -23"><span class='ocrx_word' id='word_1_12' title='bbox 371 386 581 449; x_wconf 83' lang='lat' dir='ltr'>spondeo</span> <span class='ocrx_word' id='word_1_13' title='bbox 605 388 675 432; x_wconf 89' lang='lat' dir='ltr'><em>vel</em></span> <span class='ocrx_word' id='word_1_14' title='bbox 704 387 877 442; x_wconf 89' lang='lat' dir='ltr'><em>iambo,</em></span> <span class='ocrx_word' id='word_1_15' title='bbox 897 398 944 434; x_wconf 87' lang='lat' dir='ltr'><em>et</em></span> <span class='ocrx_word' id='word_1_16' title='bbox 970 389 1168 435; x_wconf 91' lang='lat' dir='ltr'><em>bacchio</em></span> <span class='ocrx_word' id='word_1_17' title='bbox 1188 389 1328 434; x_wconf 83' lang='lat' dir='ltr'><em>simili</em></span> <span class='ocrx_word' id='word_1_18' title='bbox 1351 390 1596 453; x_wconf 87' lang='lat' dir='ltr'><em>superiori,</em></span> <span class='ocrx_word' id='word_1_19' title='bbox 1617 400 1664 436; x_wconf 92' lang='lat' dir='ltr'><em>et</em></span> <span class='ocrx_word' id='word_1_20' title='bbox 1688 408 1831 454; x_wconf 91' lang='lat' dir='ltr'><em>spon-</em></span> 
     </span>
     <span class='ocr_line' id='line_1_4' title="bbox 370 462 1828 530; baseline 0.003 -22"><span class='ocrx_word' id='word_1_21' title='bbox 370 462 459 508; x_wconf 92' lang='lat' dir='ltr'><em>deo</em></span> <span class='ocrx_word' id='word_1_22' title='bbox 482 462 648 509; x_wconf 85' lang='lat' dir='ltr'><em>kvalde</em></span> <span class='ocrx_word' id='word_1_23' title='bbox 672 472 725 509; x_wconf 92' lang='lat' dir='ltr'><em>ut</em></span> <span class='ocrx_word' id='word_1_24' title='bbox 749 464 808 509; x_wconf 89' lang='lat' dir='ltr'><em>sit</em></span> <span class='ocrx_word' id='word_1_25' title='bbox 833 464 880 509; x_wconf 88' lang='lat' dir='ltr'><em>in</em></span> <span class='ocrx_word' id='word_1_26' title='bbox 900 464 1130 510; x_wconf 90' lang='lat' dir='ltr'><em>divisione</em></span> <span class='ocrx_word' id='word_1_27' title='bbox 1158 465 1291 510; x_wconf 86' lang='lat' dir='ltr'><em>finita</em></span> <span class='ocrx_word' id='word_1_28' title='bbox 1315 483 1422 528; x_wconf 87' lang='lat' dir='ltr'><em>pars</em></span> <span class='ocrx_word' id='word_1_29' title='bbox 1441 467 1682 525; x_wconf 88' lang='lat' dir='ltr'><em>orationis,</em></span> <span class='ocrx_word' id='word_1_30' title='bbox 1700 466 1828 530; x_wconf 91' lang='lat' dir='ltr'><em>quod</em></span> 
     </span>
    </p>
   </div>
   <div class='ocr_carea' id='block_1_3' title="bbox 372 538 1618 671">
    <p class='ocr_par' dir='ltr' id='par_1_3' title="bbox 372 538 1618 671">
     <span class='ocr_line' id='line_1_5' title="bbox 372 538 1226 586; baseline -0.001 -1"><span class='ocrx_word' id='word_1_31' title='bbox 372 539 406 585; x_wconf 91' lang='lat' dir='ltr'><em>si</em></span> <span class='ocrx_word' id='word_1_32' title='bbox 433 541 625 586; x_wconf 86' lang='lat' dir='ltr'><em>inventa</em></span> <span class='ocrx_word' id='word_1_33' title='bbox 648 539 791 586; x_wconf 88' lang='lat' dir='ltr'><em>fuerit</em></span> <span class='ocrx_word' id='word_1_34' title='bbox 815 541 902 585; x_wconf 89' lang='lat' dir='ltr'><em>erit</em></span> <span class='ocrx_word' id='word_1_35' title='bbox 927 538 1226 585; x_wconf 84' lang='lat' dir='ltr'>laudabilius.</span> 
     </span>
     <span class='ocr_line' id='line_1_6' title="bbox 542 615 1618 671; baseline 0.004 -16"><span class='ocrx_word' id='word_1_36' title='bbox 542 615 692 655; x_wconf 72' lang='lat' dir='ltr'><em>Isthaec</em></span> <span class='ocrx_word' id='word_1_37' title='bbox 710 616 919 670; x_wconf 70' lang='lat' dir='ltr'><em>composui</em></span> <span class='ocrx_word' id='word_1_38' title='bbox 940 620 1073 655; x_wconf 80' lang='lat' dir='ltr'><em>metra</em></span> <span class='ocrx_word' id='word_1_39' title='bbox 1093 615 1298 656; x_wconf 73' lang='lat' dir='ltr'><em>Sacerdos</em></span> <span class='ocrx_word' id='word_1_40' title='bbox 1317 617 1473 671; x_wconf 73' lang='lat' dir='ltr'><em>optima</em></span> <span class='ocrx_word' id='word_1_41' title='bbox 1492 631 1618 659; x_wconf 76' lang='lat' dir='ltr'><em>nunc.</em></span> 
     </span>
    </p>
   </div>
   <div class='ocr_carea' id='block_1_4' title="bbox 314 750 1763 816">
    <p class='ocr_par' dir='ltr' id='par_1_4' title="bbox 314 750 1763 816">
     <span class='ocr_line' id='line_1_7' title="bbox 314 750 1763 816; baseline 0.004 -21"><span class='ocrx_word' id='word_1_42' title='bbox 314 773 351 794; x_wconf 90' lang='lat'><em>10</em></span> <span class='ocrx_word' id='word_1_43' title='bbox 439 752 523 797; x_wconf 89' lang='lat' dir='ltr'><em>De</em></span> <span class='ocrx_word' id='word_1_44' title='bbox 544 752 761 813; x_wconf 81' lang='lat' dir='ltr'><em>epimicto</em></span> <span class='ocrx_word' id='word_1_45' title='bbox 786 750 1028 814; x_wconf 76' lang='lat' dir='ltr'><em>Sapphico</em></span> <span class='ocrx_word' id='word_1_46' title='bbox 1054 758 1337 799; x_wconf 80' lang='lat' dir='ltr'><em>tetrametro</em></span> <span class='ocrx_word' id='word_1_47' title='bbox 1362 752 1763 816; x_wconf 74' lang='lat' dir='ltr'><em>lzypercatalecto.</em></span> 
     </span>
    </p>
   </div>
   <div class='ocr_carea' id='block_1_5' title="bbox 362 839 1831 1126">
    <p class='ocr_par' dir='ltr' id='par_1_5' title="bbox 362 839 1831 1055">
     <span class='ocr_line' id='line_1_8' title="bbox 434 839 1830 906; baseline 0.004 -22"><span class='ocrx_word' id='word_1_48' title='bbox 434 839 818 901; x_wconf 76' lang='lat' dir='ltr'><em>Antispastlcum</em></span> <span class='ocrx_word' id='word_1_49' title='bbox 854 846 1187 887; x_wconf 76' lang='lat' dir='ltr'><em>tetrametrum</em></span> <span class='ocrx_word' id='word_1_50' title='bbox 1224 841 1668 904; x_wconf 72' lang='lat' dir='ltr'><em>lzypercatalectunz</em></span> <span class='ocrx_word' id='word_1_51' title='bbox 1705 843 1830 906; x_wconf 80' lang='lat' dir='ltr'><em>Sap-</em></span> 
     </span>
     <span class='ocr_line' id='line_1_9' title="bbox 362 915 1831 982; baseline 0.003 -22"><span class='ocrx_word' id='word_1_52' title='bbox 362 916 559 978; x_wconf 73' lang='lat' dir='ltr'><em>plzicum</em></span> <span class='ocrx_word' id='word_1_53' title='bbox 580 917 633 961; x_wconf 81' lang='lat' dir='ltr'><em>fit</em></span> <span class='ocrx_word' id='word_1_54' title='bbox 657 915 932 973; x_wconf 74' lang='lat' dir='ltr'><em>ditrochaeo,</em></span> <span class='ocrx_word' id='word_1_55' title='bbox 953 916 1138 980; x_wconf 88' lang='lat' dir='ltr'><em>¹hippio</em></span> <span class='ocrx_word' id='word_1_56' title='bbox 1158 918 1312 974; x_wconf 83' lang='lat' dir='ltr'><em>tertio,</em></span> <span class='ocrx_word' id='word_1_57' title='bbox 1337 918 1533 982; x_wconf 83' lang='lat' dir='ltr'>syllaba,</span> <span class='ocrx_word' id='word_1_58' title='bbox 1555 918 1719 982; x_wconf 89' lang='lat' dir='ltr'><em>hippio</em></span> <span class='ocrx_word' id='word_1_59' title='bbox 1740 927 1831 964; x_wconf 86' lang='lat' dir='ltr'><em>ter-</em></span> 
     </span>
     <span class='ocr_line' id='line_1_10' title="bbox 371 992 673 1055; baseline -0.003 -17"><span class='ocrx_word' id='word_1_60' title='bbox 371 992 451 1047; x_wconf 93' lang='lat' dir='ltr'><em>tio,</em></span> <span class='ocrx_word' id='word_1_61' title='bbox 477 992 673 1055; x_wconf 78' lang='lat' dir='ltr'><strong>syllaba.</strong></span> 
     </span>
    </p>

    <p class='ocr_par' dir='ltr' id='par_1_6' title="bbox 483 1069 1763 1126">
     <span class='ocr_line' id='line_1_11' title="bbox 483 1069 1763 1126; baseline 0.002 -18"><span class='ocrx_word' id='word_1_62' title='bbox 483 1069 728 1124; x_wconf 74' lang='lat' dir='ltr'><em>Pauperum</em></span> <span class='ocrx_word' id='word_1_63' title='bbox 748 1069 943 1109; x_wconf 73' lang='lat' dir='ltr'><em>tabernas</em></span> <span class='ocrx_word' id='word_1_64' title='bbox 963 1070 1081 1125; x_wconf 73' lang='lat' dir='ltr'><em>regis</em></span> <span class='ocrx_word' id='word_1_65' title='bbox 1101 1083 1123 1110; x_wconf 91' lang='grc' dir='ltr'><strong><em>ο</em></strong></span> <span class='ocrx_word' id='word_1_66' title='bbox 1145 1070 1346 1110; x_wconf 77' lang='lat' dir='ltr'><em>mbeatmn</em></span> <span class='ocrx_word' id='word_1_67' title='bbox 1366 1083 1595 1126; x_wconf 77' lang='lat' dir='ltr'><em>regumque</em></span> <span class='ocrx_word' id='word_1_68' title='bbox 1615 1071 1763 1110; x_wconf 73' lang='lat' dir='ltr'><em>turris.</em></span> 
     </span>
    </p>
   </div>
   <div class='ocr_carea' id='block_1_6' title="bbox 314 1207 1515 1272">
    <p class='ocr_par' dir='ltr' id='par_1_7' title="bbox 314 1207 1515 1272">
     <span class='ocr_line' id='line_1_12' title="bbox 314 1207 1515 1272; baseline 0.002 -20"><span class='ocrx_word' id='word_1_69' title='bbox 314 1239 345 1260; x_wconf 53' lang='grc' dir='ltr'><em>Ι,</em></span> <span class='ocrx_word' id='word_1_70' title='bbox 678 1207 760 1254; x_wconf 86' lang='lat' dir='ltr'><em>De</em></span> <span class='ocrx_word' id='word_1_71' title='bbox 784 1207 1059 1254; x_wconf 75' lang='lat' dir='ltr'><em>hexametro</em></span> <span class='ocrx_word' id='word_1_72' title='bbox 1086 1208 1515 1272; x_wconf 70' lang='lat' dir='ltr'><em>brachycatalecto.</em></span> 
     </span>
    </p>
   </div>
   <div class='ocr_carea' id='block_1_7' title="bbox 369 1296 1831 1667">
    <p class='ocr_par' dir='ltr' id='par_1_8' title="bbox 369 1296 1831 1667">
     <span class='ocr_line' id='line_1_13' title="bbox 436 1296 1830 1360; baseline 0 -18"><span class='ocrx_word' id='word_1_73' title='bbox 436 1296 820 1358; x_wconf 74' lang='lat' dir='ltr'><em>Antispasticum</em></span> <span class='ocrx_word' id='word_1_74' title='bbox 837 1296 1164 1343; x_wconf 60' lang='lat' dir='ltr'><em>hexametrum</em></span> <span class='ocrx_word' id='word_1_75' title='bbox 1184 1297 1648 1360; x_wconf 71' lang='lat' dir='ltr'><em>braclzycatalectzmz</em></span> <span class='ocrx_word' id='word_1_76' title='bbox 1669 1298 1722 1342; x_wconf 86' lang='lat' dir='ltr'><em>fit</em></span> <span class='ocrx_word' id='word_1_77' title='bbox 1739 1296 1830 1342; x_wconf 88' lang='lat' dir='ltr'><em>hoc</em></span> 
     </span>
     <span class='ocr_line' id='line_1_14' title="bbox 371 1372 1830 1437; baseline 0.001 -20"><span class='ocrx_word' id='word_1_78' title='bbox 371 1372 528 1428; x_wconf 86' lang='lat' dir='ltr'><em>modo,</em></span> <span class='ocrx_word' id='word_1_79' title='bbox 556 1373 720 1436; x_wconf 88' lang='lat' dir='ltr'><em>hippio</em></span> <span class='ocrx_word' id='word_1_80' title='bbox 744 1382 927 1435; x_wconf 86' lang='lat' dir='ltr'><em>quarto,</em></span> <span class='ocrx_word' id='word_1_81' title='bbox 953 1373 1120 1436; x_wconf 88' lang='lat' dir='ltr'><em>hippio</em></span> <span class='ocrx_word' id='word_1_82' title='bbox 1145 1373 1298 1428; x_wconf 88' lang='lat' dir='ltr'><em>tertio,</em></span> <span class='ocrx_word' id='word_1_83' title='bbox 1318 1373 1482 1437; x_wconf 87' lang='lat' dir='ltr'><em>hippio</em></span> <span class='ocrx_word' id='word_1_84' title='bbox 1502 1382 1686 1435; x_wconf 86' lang='lat' dir='ltr'><em>quarto,</em></span> <span class='ocrx_word' id='word_1_85' title='bbox 1711 1373 1830 1418; x_wconf 88' lang='lat' dir='ltr'><em>ioni-</em></span> 
     </span>
     <span class='ocr_line' id='line_1_15' title="bbox 370 1448 1828 1511; baseline -0.001 -16"><span class='ocrx_word' id='word_1_86' title='bbox 370 1449 435 1495; x_wconf 86' lang='lat' dir='ltr'><em>cis</em></span> <span class='ocrx_word' id='word_1_87' title='bbox 472 1448 657 1494; x_wconf 90' lang='lat' dir='ltr'><em>duobus</em></span> <span class='ocrx_word' id='word_1_88' title='bbox 696 1448 967 1509; x_wconf 81' lang='lat' dir='ltr'><em>majoribus,</em></span> <span class='ocrx_word' id='word_1_89' title='bbox 995 1449 1216 1495; x_wconf 80' lang='lat' dir='ltr'><em>trochaeo.</em></span> <span class='ocrx_word' id='word_1_90' title='bbox 1285 1449 1514 1495; x_wconf 86' lang='lat' dir='ltr'><em>Latinum</em></span> <span class='ocrx_word' id='word_1_91' title='bbox 1553 1449 1828 1511; x_wconf 84' lang='lat' dir='ltr'><em>exemplum</em></span> 
     </span>
     <span class='ocr_line' id='line_1_16' title="bbox 370 1525 1831 1589; baseline -0.001 -17"><span class='ocrx_word' id='word_1_92' title='bbox 370 1526 539 1572; x_wconf 90' lang='lat' dir='ltr'><em>melius</em></span> <span class='ocrx_word' id='word_1_93' title='bbox 565 1534 649 1571; x_wconf 90' lang='lat' dir='ltr'><em>est.</em></span> <span class='ocrx_word' id='word_1_94' title='bbox 717 1525 1022 1589; x_wconf 89' lang='lat' dir='ltr'><em>Antispastus</em></span> <span class='ocrx_word' id='word_1_95' title='bbox 1049 1525 1133 1571; x_wconf 88' lang='lat' dir='ltr'><em>hos</em></span> <span class='ocrx_word' id='word_1_96' title='bbox 1159 1543 1285 1572; x_wconf 87' lang='lat' dir='ltr'><em>nunc</em></span> <span class='ocrx_word' id='word_1_97' title='bbox 1311 1525 1452 1588; x_wconf 89' lang='lat' dir='ltr'><em>pedes</em></span> <span class='ocrx_word' id='word_1_98' title='bbox 1478 1525 1727 1571; x_wconf 86' lang='lat' dir='ltr'><em>conclusos</em></span> <span class='ocrx_word' id='word_1_99' title='bbox 1762 1542 1831 1570; x_wconf 89' lang='lat' dir='ltr'><em>re-</em></span> 
     </span>
     <span class='ocr_line' id='line_1_17' title="bbox 369 1602 1245 1667; baseline -0.002 -17"><span class='ocrx_word' id='word_1_100' title='bbox 369 1621 484 1667; x_wconf 84' lang='lat' dir='ltr'><em>gens</em></span> <span class='ocrx_word' id='word_1_101' title='bbox 509 1612 607 1649; x_wconf 91' lang='lat' dir='ltr'><em>tota</em></span> <span class='ocrx_word' id='word_1_102' title='bbox 631 1602 795 1649; x_wconf 90' lang='lat' dir='ltr'><em>decem</em></span> <span class='ocrx_word' id='word_1_103' title='bbox 823 1602 1065 1649; x_wconf 83' lang='lat' dir='ltr'><em>schemata</em></span> <span class='ocrx_word' id='word_1_104' title='bbox 1089 1602 1245 1649; x_wconf 80' lang='lat' dir='ltr'><em>tradit.</em></span> 
     </span>
    </p>
   </div>
   <div class='ocr_carea' id='block_1_8' title="bbox 424 1798 1773 1868">
    <p class='ocr_par' dir='ltr' id='par_1_9' title="bbox 424 1798 1773 1868">
     <span class='ocr_line' id='line_1_18' title="bbox 424 1798 1773 1868; baseline -0.003 -16"><span class='ocrx_word' id='word_1_105' title='bbox 424 1801 558 1852; x_wconf 83' lang='lat' dir='ltr'><strong>CAP.</strong></span> <span class='ocrx_word' id='word_1_106' title='bbox 592 1800 690 1851; x_wconf 91' lang='lat' dir='ltr'><em>IX.</em></span> <span class='ocrx_word' id='word_1_107' title='bbox 758 1802 843 1852; x_wconf 83' lang='lat' dir='ltr'><em>De</em></span> <span class='ocrx_word' id='word_1_108' title='bbox 870 1800 1053 1852; x_wconf 77' lang='lat' dir='ltr'><em>Ionico</em></span> <span class='ocrx_word' id='word_1_109' title='bbox 1080 1808 1246 1851; x_wconf 78' lang='lat' dir='ltr'><em>metro</em></span> <span class='ocrx_word' id='word_1_110' title='bbox 1272 1808 1322 1850; x_wconf 86' lang='lat' dir='ltr'><em>et</em></span> <span class='ocrx_word' id='word_1_111' title='bbox 1346 1798 1462 1867; x_wconf 65' lang='lat' dir='ltr'><em>ejus</em></span> <span class='ocrx_word' id='word_1_112' title='bbox 1488 1798 1773 1868; x_wconf 72' lang='lat' dir='ltr'><em>speciebus.</em></span> 
     </span>
    </p>
   </div>
   <div class='ocr_carea' id='block_1_9' title="bbox 336 1907 1831 2806">
    <p class='ocr_par' dir='ltr' id='par_1_10' title="bbox 370 1907 1830 2201">
     <span class='ocr_line' id='line_1_19' title="bbox 436 1907 1829 1972; baseline -0.004 -14"><span class='ocrx_word' id='word_1_113' title='bbox 436 1913 652 1959; x_wconf 72' lang='lat' dir='ltr'><em>Ionicum</em></span> <span class='ocrx_word' id='word_1_114' title='bbox 694 1919 917 1968; x_wconf 84' lang='lat' dir='ltr'><em>metrum,</em></span> <span class='ocrx_word' id='word_1_115' title='bbox 963 1910 1084 1956; x_wconf 89' lang='lat' dir='ltr'><em>sicut</em></span> <span class='ocrx_word' id='word_1_116' title='bbox 1134 1926 1272 1972; x_wconf 82' lang='lat' dir='ltr'><em>supra</em></span> <span class='ocrx_word' id='word_1_117' title='bbox 1319 1908 1474 1962; x_wconf 92' lang='lat' dir='ltr'><em>docui,</em></span> <span class='ocrx_word' id='word_1_118' title='bbox 1521 1907 1697 1971; x_wconf 86' lang='lat' dir='ltr'>duplex</span> <span class='ocrx_word' id='word_1_119' title='bbox 1745 1916 1829 1954; x_wconf 90' lang='lat' dir='ltr'><em>est.</em></span> 
     </span>
     <span class='ocr_line' id='line_1_20' title="bbox 374 1983 1829 2051; baseline -0.004 -16"><span class='ocrx_word' id='word_1_120' title='bbox 374 1989 538 2035; x_wconf 87' lang='lat' dir='ltr'><em>Unum</em></span> <span class='ocrx_word' id='word_1_121' title='bbox 566 2006 594 2034; x_wconf 83' lang='grc' dir='ltr'><em>α</em></span> <span class='ocrx_word' id='word_1_122' title='bbox 618 1988 815 2051; x_wconf 69' lang='lat' dir='ltr'><em>mqjore,</em></span> <span class='ocrx_word' id='word_1_123' title='bbox 840 1986 969 2049; x_wconf 90' lang='lat' dir='ltr'><em>quod</em></span> <span class='ocrx_word' id='word_1_124' title='bbox 1006 1985 1216 2049; x_wconf 82' lang='lat' dir='ltr'><em>spondeo</em></span> <span class='ocrx_word' id='word_1_125' title='bbox 1242 1994 1426 2031; x_wconf 88' lang='lat' dir='ltr'><em>constat</em></span> <span class='ocrx_word' id='word_1_126' title='bbox 1452 1994 1500 2031; x_wconf 86' lang='lat' dir='ltr'><em>et</em></span> <span class='ocrx_word' id='word_1_127' title='bbox 1523 1983 1829 2047; x_wconf 87' lang='lat' dir='ltr'><em>pyrrhichio;</em></span> 
     </span>
     <span class='ocr_line' id='line_1_21' title="bbox 370 2059 1830 2125; baseline -0.004 -14"><span class='ocrx_word' id='word_1_128' title='bbox 370 2065 570 2111; x_wconf 89' lang='lat' dir='ltr'><em>alterum</em></span> <span class='ocrx_word' id='word_1_129' title='bbox 597 2081 625 2110; x_wconf 88' lang='grc' dir='ltr'><em>α</em></span> <span class='ocrx_word' id='word_1_130' title='bbox 651 2064 846 2117; x_wconf 73' lang='lat' dir='ltr'><em>minore,</em></span> <span class='ocrx_word' id='word_1_131' title='bbox 872 2071 1091 2108; x_wconf 85' lang='lat' dir='ltr'><em>constans</em></span> <span class='ocrx_word' id='word_1_132' title='bbox 1129 2079 1186 2107; x_wconf 85' lang='lat' dir='ltr'><em>ex</em></span> <span class='ocrx_word' id='word_1_133' title='bbox 1224 2061 1499 2125; x_wconf 86' lang='lat' dir='ltr'><em>npariambo</em></span> <span class='ocrx_word' id='word_1_134' title='bbox 1524 2069 1572 2105; x_wconf 83' lang='lat' dir='ltr'><em>et</em></span> <span class='ocrx_word' id='word_1_135' title='bbox 1604 2059 1830 2123; x_wconf 85' lang='lat' dir='ltr'><em>spondeo.</em></span> 
     </span>
     <span class='ocr_line' id='line_1_22' title="bbox 372 2137 1628 2201; baseline -0.002 -15"><span class='ocrx_word' id='word_1_136' title='bbox 372 2140 589 2187; x_wconf 87' lang='lat' dir='ltr'><em>Ionicum</em></span> <span class='ocrx_word' id='word_1_137' title='bbox 618 2139 771 2201; x_wconf 86' lang='lat' dir='ltr'><em>majus</em></span> <span class='ocrx_word' id='word_1_138' title='bbox 795 2137 1030 2184; x_wconf 81' lang='lat' dir='ltr'><em>interdum</em></span> <span class='ocrx_word' id='word_1_139' title='bbox 1053 2155 1169 2198; x_wconf 90' lang='lat' dir='ltr'><em>puro</em></span> <span class='ocrx_word' id='word_1_140' title='bbox 1194 2138 1348 2184; x_wconf 88' lang='lat' dir='ltr'><em>ionico</em></span> <span class='ocrx_word' id='word_1_141' title='bbox 1374 2137 1628 2193; x_wconf 79' lang='lat' dir='ltr'><em>scanditur,</em></span> 
     </span>
    </p>

    <p class='ocr_par' dir='ltr' id='par_1_11' title="bbox 835 2214 1135 2274">
     <span class='ocr_line' id='line_1_23' title="bbox 835 2214 1135 2274; baseline 0 -15"><span class='ocrx_word' id='word_1_142' title='bbox 835 2215 909 2270; x_wconf 82' lang='grc' dir='ltr'><em>Μή</em></span> <span class='ocrx_word' id='word_1_143' title='bbox 933 2236 1000 2273; x_wconf 80' lang='grc' dir='ltr'><em>μοι</em></span> <span class='ocrx_word' id='word_1_144' title='bbox 1026 2214 1135 2274; x_wconf 80' lang='grc' dir='ltr'>λέγε.</span> 
     </span>
    </p>

    <p class='ocr_par' dir='ltr' id='par_1_12' title="bbox 840 2295 1094 2336">
     <span class='ocr_line' id='line_1_24' title="bbox 840 2295 1094 2336; baseline -0.008 0"><span class='ocrx_word' id='word_1_145' title='bbox 840 2295 974 2336; x_wconf 77' lang='lat' dir='ltr'><em>Solem</em></span> <span class='ocrx_word' id='word_1_146' title='bbox 997 2295 1094 2334; x_wconf 86' lang='lat' dir='ltr'><em>colo.</em></span> 
     </span>
    </p>

    <p class='ocr_par' dir='ltr' id='par_1_13' title="bbox 336 2358 1831 2424">
     <span class='ocr_line' id='line_1_25' title="bbox 336 2358 1831 2424; baseline -0.005 -13"><span class='ocrx_word' id='word_1_147' title='bbox 336 2362 621 2412; x_wconf 81' lang='lat' dir='ltr'><em>2Interdum</em></span> <span class='ocrx_word' id='word_1_148' title='bbox 661 2363 813 2408; x_wconf 89' lang='lat' dir='ltr'><em>soluta</em></span> <span class='ocrx_word' id='word_1_149' title='bbox 851 2362 992 2423; x_wconf 84' lang='lat' dir='ltr'><em>longa</em></span> <span class='ocrx_word' id='word_1_150' title='bbox 1029 2361 1182 2424; x_wconf 85' lang='lat' dir='ltr'><em>prima</em></span> <span class='ocrx_word' id='word_1_151' title='bbox 1221 2360 1539 2423; x_wconf 80' lang='lat' dir='ltr'><em>componitur,</em></span> <span class='ocrx_word' id='word_1_152' title='bbox 1579 2368 1632 2405; x_wconf 88' lang='lat' dir='ltr'><em>ut</em></span> <span class='ocrx_word' id='word_1_153' title='bbox 1672 2358 1732 2405; x_wconf 90' lang='lat' dir='ltr'><em>sit</em></span> <span class='ocrx_word' id='word_1_154' title='bbox 1771 2376 1831 2404; x_wconf 86' lang='lat' dir='ltr'><em>ex</em></span> 
     </span>
    </p>

    <p class='ocr_par' dir='ltr' id='par_1_14' title="bbox 373 2436 997 2503">
     <span class='ocr_line' id='line_1_26' title="bbox 373 2436 997 2503; baseline -0.008 -17"><span class='ocrx_word' id='word_1_155' title='bbox 373 2448 610 2503; x_wconf 74' lang='lat' dir='ltr'><em>anapaesto</em></span> <span class='ocrx_word' id='word_1_156' title='bbox 635 2448 680 2484; x_wconf 91' lang='lat' dir='ltr'><em>et</em></span> <span class='ocrx_word' id='word_1_157' title='bbox 706 2436 997 2501; x_wconf 79' lang='lat' dir='ltr'><em>pyrrhichio,</em></span> 
     </span>
    </p>

    <p class='ocr_par' dir='ltr' id='par_1_15' title="bbox 834 2513 1076 2573">
     <span class='ocr_line' id='line_1_27' title="bbox 834 2513 1076 2573; baseline 0 -16"><span class='ocrx_word' id='word_1_158' title='bbox 834 2513 1076 2573; x_wconf 72' lang='grc' dir='ltr'>ἔκατόύζυγε.</span> 
     </span>
    </p>

    <p class='ocr_par' dir='ltr' id='par_1_16' title="bbox 373 2594 1829 2806">
     <span class='ocr_line' id='line_1_28' title="bbox 827 2594 1200 2634; baseline -0.003 0"><span class='ocrx_word' id='word_1_159' title='bbox 827 2595 942 2634; x_wconf 51' lang='lat' dir='ltr'><em>[Vive</em></span> <span class='ocrx_word' id='word_1_160' title='bbox 962 2594 1200 2634; x_wconf 77' lang='lat' dir='ltr'><em>candidum.</em></span> 
     </span>
     <span class='ocr_line' id='line_1_29' title="bbox 373 2661 1829 2724; baseline -0.003 -13"><span class='ocrx_word' id='word_1_161' title='bbox 373 2664 618 2712; x_wconf 80' lang='lat' dir='ltr'><em>Interdum</em></span> <span class='ocrx_word' id='word_1_162' title='bbox 646 2662 828 2709; x_wconf 90' lang='lat' dir='ltr'><em>duabus</em></span> <span class='ocrx_word' id='word_1_163' title='bbox 865 2662 1019 2724; x_wconf 80' lang='lat' dir='ltr'><em>longis</em></span> <span class='ocrx_word' id='word_1_164' title='bbox 1056 2662 1236 2716; x_wconf 87' lang='lat' dir='ltr'><em>solutis,</em></span> <span class='ocrx_word' id='word_1_165' title='bbox 1263 2671 1313 2708; x_wconf 90' lang='lat' dir='ltr'><em>ut</em></span> <span class='ocrx_word' id='word_1_166' title='bbox 1339 2661 1397 2706; x_wconf 85' lang='lat' dir='ltr'><em>sit</em></span> <span class='ocrx_word' id='word_1_167' title='bbox 1424 2661 1742 2724; x_wconf 85' lang='lat' dir='ltr'><em>compositum</em></span> <span class='ocrx_word' id='word_1_168' title='bbox 1770 2678 1829 2707; x_wconf 82' lang='lat' dir='ltr'><em>ex</em></span> 
     </span>
     <span class='ocr_line' id='line_1_30' title="bbox 373 2738 1152 2806; baseline -0.006 -18"><span class='ocrx_word' id='word_1_169' title='bbox 373 2739 796 2806; x_wconf 83' lang='lat' dir='ltr'><em>proceleusmatico</em></span> <span class='ocrx_word' id='word_1_170' title='bbox 820 2747 867 2784; x_wconf 91' lang='lat' dir='ltr'><em>et</em></span> <span class='ocrx_word' id='word_1_171' title='bbox 891 2738 1152 2802; x_wconf 89' lang='lat' dir='ltr'><em>pariambo,</em></span> 
     </span>
    </p>
   </div>
   <div class='ocr_carea' id='block_1_10' title="bbox 373 2863 1827 2966">
    <p class='ocr_par' dir='ltr' id='par_1_17' title="bbox 373 2863 1827 2966">
     <span class='ocr_line' id='line_1_31' title="bbox 426 2863 1827 2916; baseline -0.003 -13"><span class='ocrx_word' id='word_1_172' title='bbox 426 2867 571 2916; x_wconf 70' lang='lat' dir='ltr'><em>isac-iat</em></span> <span class='ocrx_word' id='word_1_173' title='bbox 591 2867 634 2903; x_wconf 88' lang='lat' dir='ltr'><em>L.</em></span> <span class='ocrx_word' id='word_1_174' title='bbox 789 2863 809 2890; x_wconf 89' lang='lat' dir='ltr'><strong>k</strong></span> <span class='ocrx_word' id='word_1_175' title='bbox 831 2864 950 2910; x_wconf 82' lang='lat' dir='ltr'><em>valde]</em></span> <span class='ocrx_word' id='word_1_176' title='bbox 976 2876 1045 2899; x_wconf 81' lang='lat' dir='ltr'><em>non</em></span> <span class='ocrx_word' id='word_1_177' title='bbox 1066 2866 1170 2900; x_wconf 73' lang='lat' dir='ltr'><em>valde</em></span> <span class='ocrx_word' id='word_1_178' title='bbox 1191 2865 1234 2900; x_wconf 88' lang='lat' dir='ltr'><em>L.</em></span> <span class='ocrx_word' id='word_1_179' title='bbox 1389 2863 1399 2889; x_wconf 81' lang='lat'>¹</span> <span class='ocrx_word' id='word_1_180' title='bbox 1421 2866 1541 2912; x_wconf 77' lang='lat' dir='ltr'><em>hippio</em></span> <span class='ocrx_word' id='word_1_181' title='bbox 1565 2865 1668 2900; x_wconf 74' lang='lat' dir='ltr'><em>tertio</em></span> <span class='ocrx_word' id='word_1_182' title='bbox 1687 2865 1827 2911; x_wconf 71' lang='lat' dir='ltr'><em>syllaba</em></span> 
     </span>
     <span class='ocr_line' id='line_1_32' title="bbox 373 2917 1697 2966; baseline -0.005 -8"><span class='ocrx_word' id='word_1_183' title='bbox 373 2921 489 2958; x_wconf 88' lang='lat' dir='ltr'><em>semel</em></span> <span class='ocrx_word' id='word_1_184' title='bbox 510 2921 553 2956; x_wconf 93' lang='lat' dir='ltr'><em>L.</em></span> <span class='ocrx_word' id='word_1_185' title='bbox 662 2925 692 2944; x_wconf 88' lang='lat' dir='ltr'><em>m</em></span> <span class='ocrx_word' id='word_1_186' title='bbox 715 2918 882 2966; x_wconf 84' lang='lat' dir='ltr'><em>beatum]</em></span> <span class='ocrx_word' id='word_1_187' title='bbox 909 2919 1007 2953; x_wconf 70' lang='lat' dir='ltr'><em>beate</em></span> <span class='ocrx_word' id='word_1_188' title='bbox 1028 2917 1069 2953; x_wconf 89' lang='lat' dir='ltr'><em>L.</em></span> <span class='ocrx_word' id='word_1_189' title='bbox 1181 2925 1199 2943; x_wconf 73' lang='grc' dir='ltr'>Π</span> <span class='ocrx_word' id='word_1_190' title='bbox 1220 2920 1374 2965; x_wconf 80' lang='lat' dir='ltr'><em>spondeo</em></span> <span class='ocrx_word' id='word_1_191' title='bbox 1395 2923 1428 2953; x_wconf 80' lang='lat' dir='ltr'><em>et</em></span> <span class='ocrx_word' id='word_1_192' title='bbox 1444 2918 1634 2966; x_wconf 77' lang='lat' dir='ltr'><em>parionibo</em></span> <span class='ocrx_word' id='word_1_193' title='bbox 1655 2917 1697 2953; x_wconf 93' lang='lat' dir='ltr'><em>L.</em></span> 
     </span>
    </p>
   </div>
  </div>
 </body>
</html>
