1962 3355
315 194 400 233 588
773 190 980 231 INDEX
1013 189 1321 230 CAPITUM.

352 301 446 342 Lib.
462 302 534 342 111.
558 316 591 342 c.
605 314 646 353 4.
686 301 799 347 Quot
817 314 868 340 ex
888 301 1094 354 dactylico
1117 299 1239 339 heroo
1258 304 1484 339 metrorum
1501 312 1662 352 genera

717 359 972 406 deriventur,
993 363 1032 396 et
1052 358 1101 396 de
1121 370 1243 395 versu
1258 361 1524 408 pentametro
1556 386 1658 395 ......

606 424 646 467 5.
680 414 748 453 De
775 414 1001 467 generibus
1028 420 1255 452 metrorum
1278 425 1370 466 qnae
1395 426 1419 451 a
1442 417 1662 465 pentame-

722 476 786 509 tro
799 471 1029 524 profluunt
1043 499 1660 508 .................................

611 527 650 565 6.
685 526 751 565 De
773 527 1062 565 enuntiatione
1075 526 1334 577 pentametri
1354 525 1530 578 elegiaci
1558 554 1660 563 ......

607 593 648 633 7.
681 583 749 621 De
770 583 987 633 reciprocis
1008 582 1196 621 versibus
1216 610 1660 620 ........................

610 639 648 676 8.
682 639 750 676 De
772 643 1014 677 tetrametro
1029 651 1150 677 versu
1159 667 1660 677 ...........................

611 708 650 746 9.
682 695 750 733 De
771 694 987 733 Phaloecio
1009 699 1140 733 metro
1158 723 1658 733 ...........................

583 763 648 790 10.
670 751 747 789 -De
768 752 955 790 trimetro
974 763 1096 789 versu
1104 780 1662 790 ..............................

584 820 598 846 1
616 820 648 846 1.
681 807 749 846 De
776 807 1003 860 generibus
1034 812 1262 846 metrorum
1293 819 1386 860 quae
1414 806 1468 845 ab
1490 805 1667 845 iambico

720 864 944 917 profluunt
989 893 1661 902 ....................................

585 932 649 961 12.
684 920 752 958 De
773 921 962 959 trimetro
983 933 1105 959 versu
1128 920 1307 959 iambico
1332 949 1663 958 ..................

586 990 648 1029 13.
683 976 750 1015 De
771 977 946 1015 dimetro
968 989 1090 1015 versu
1104 1006 1663 1015 ..............................

587 1047 649 1083 14.
682 1033 750 1071 De
772 1034 912 1072 metris
934 1045 1027 1086 quae
1051 1047 1102 1071 eci·
1125 1032 1452 1084 penthemimere
1472 1037 1511 1070 et
1542 1032 1668 1084 heph-

726 1089 965 1128 themimere
985 1094 1093 1128 tome
1106 1094 1409 1141 propagantur
1447 1119 1664 1128 ............

588 1159 651 1198 15.
684 1146 752 1184 De
802 1147 1008 1197 anapcesti
1052 1147 1174 1185 metri
1207 1145 1449 1198 generibus,
1484 1158 1580 1199 quae
1620 1159 1671 1184 esc

726 1202 849 1241 heroo
871 1203 1119 1241 derivantur
1163 1232 1665 1241 ...........................

587 1260 650 1298 16.
681 1259 749 1297 De
781 1264 911 1298 metro
940 1258 1218 1298 choriambico
1241 1259 1352 1313 quod
1377 1271 1429 1297 ex
1449 1263 1670 1310 pentame-

724 1320 788 1355 tro
808 1315 930 1354 heroo
951 1321 1100 1355 manat
1107 1345 1666 1354 ..............................

590 1382 654 1424 17.
686 1371 755 1410 De
790 1372 953 1412 (luobus
987 1373 1133 1412 ionicis
1169 1385 1195 1410 a
1229 1372 1398 1425 dactylo
1431 1371 1672 1411 hexametro

722 1429 939 1480 generatis
992 1458 1666 1468 ....................................

587 1497 600 1523 1
614 1483 652 1522 8.
684 1483 753 1523 De
773 1484 984 1523 Saturnio
1006 1498 1128 1524 versu
1166 1515 1667 1524 ...........................

366 1539 460 1581 Lib.
472 1539 541 1580 1V.
564 1554 596 1580 c.
614 1553 646 1579 1.
679 1540 748 1579 De
783 1541 979 1580 connexis
1020 1542 1130 1580 inter
1173 1555 1215 1579 se
1255 1547 1380 1594 atque
1413 1542 1671 1590 inconnexis2

726 1610 819 1650 quae
845 1597 984 1636 Groecz·
1005 1596 1242 1649 ἀσυνάρτητα
1263 1602 1415 1636 vocant
1451 1628 1667 1637 ...........

613 1665 650 1693 2.
708 1683 1667 1693 ...................................................

612 1722 652 1762 3.
687 1709 755 1748 De
775 1711 918 1749 metris
940 1709 1198 1749 Horatianis
1223 1741 1668 1750 ........................

614 1779 656 1815 4.
686 1765 754 1804 De
775 1779 949 1805 numero
971 1766 1318 1806 Horatianorum
1339 1780 1534 1806 versuum
1566 1797 1669 1806 ......

330 1880 406 1919 Ex·
433 1877 598 1918 AELIO
631 1878 963 1919 APTHONIO
1000 1892 1058 1917 DE
1104 1892 1329 1918 CARMINIS
1364 1892 1673 1918 APPELLATIO-

729 1948 862 1974 NIBUS
882 1966 1671 1976 ..........................................

332 2048 581 2087 MARIUS
614 2047 886 2088 PLOTIUS
920 2048 990 2087 DE
1027 2048 1213 2087 ME'rms
1226 2078 1672 2088 ........................

509 2136 541 2161 c.
566 2134 599 2160 1.
631 2121 699 2160 De
712 2121 895 2173 pedibus
942 2152 1673 2161 .......................................

564 2190 600 2218 2.
633 2177 701 2215 De
723 2178 865 2216 metris
884 2208 1673 2217 ..........................................

560 2247 599 2286 3.
631 2234 700 2272 De
720 2234 926 2287 dactylico
949 2239 1079 2273 metro
1112 2264 1671 2273 ..............................

559 2303 599 2340 4.
633 2290 702 2328 De
731 2291 908 2329 iambico
940 2295 1071 2329 metro
1096 2296 1135 2330 et
1164 2289 1252 2343 ejus
1281 2290 1491 2342 speciebus
1520 2290 1679 2343 viginti

677 2346 813 2386 tribus
829 2377 1672 2386 .............................................

561 2414 603 2454 5.
635 2403 703 2441 De
725 2408 855 2441 metro
877 2403 1083 2442 trochaico
1104 2408 1143 2441 et
1164 2402 1254 2455 ejus
1275 2402 1485 2454 speciebus
1514 2433 1674 2442 .........

563 2459 602 2496 6.
635 2459 702 2497 De
723 2465 854 2497 metro
876 2460 1130 2510 cmzapcestico
1171 2490 1675 2498 ...........................

564 2522 602 2564 7.
634 2515 702 2552 De
723 2514 1000 2553 choriambico
1022 2520 1152 2553 metro
1174 2521 1211 2553 et
1233 2515 1321 2568 ejus
1341 2516 1553 2567 speciebus
1569 2530 1650 2554 XXI

567 2570 604 2609 8.
638 2570 706 2609 De
722 2570 997 2622 antispastz‘co
1020 2577 1149 2610 metro
1170 2577 1209 2610 et
1230 2571 1320 2624 ejus
1340 2572 1551 2624 speciebus
1572 2603 1675 2611 ......

565 2639 604 2679 9.
636 2627 705 2666 De
720 2628 854 2667 ionico
871 2633 1001 2665 metro
1018 2632 1057 2666 et
1077 2627 1162 2680 ejus
1183 2627 1394 2680 speciebus
1401 2660 1674 2669 ...............

1698 356 1775 406 146

1700 477 1773 520 151

1700 536 1780 578 154

1699 590 1776 634 155

1702 639 1777 690 156

1700 695 1779 735 162

1700 750 1777 804 163

1702 864 1778 914 167

1702 930 1782 971 170

1703 986 1780 1029 175

1703 1098 1781 1142 175

1704 1212 1784 1255 179

1705 1314 1786 1365 184

1705 1426 1785 1467 186

1707 1496 1786 1537 190

1706 1607 1783 1648 193

1705 1661 1781 1703 217

1705 1719 1786 1750 222

1707 1774 1785 1819 237

1708 1946 1790 1985 240

1709 2058 1789 2098 242

1711 2132 1788 2174 243

1709 2187 1788 2230 247

1708 2244 1790 2286 249

1711 2346 1789 2397 267

1711 2402 1792 2449 278

1711 2458 1792 2499 282

1712 2515 1791 2568 285

1713 2571 1792 2624 289

1713 2638 1793 2680 292

544 2695 608 2721 10.
640 2683 708 2722 De
727 2684 921 2735 pceonico
943 2689 1072 2722 metro
1094 2690 1133 2723 et
1154 2684 1244 2738 ejus
1265 2685 1473 2736 speciebus
1490 2691 1692 2739 quattuor
1714 2684 1795 2736 296

542 2752 559 2777 1
572 2752 587 2778 1
600 2770 608 2778 .
640 2739 708 2778 De
729 2741 872 2779 metris
893 2742 1132 2792 compositis
1174 2772 1676 2781 ...........................

1714 2750 1790 2793 297

340 2853 435 2892 Ans
460 2850 639 2891 CAESII
673 2851 847 2891 BASSI
880 2865 938 2890 DE
972 2851 1159 2891 METR1S
1192 2867 1260 2893 c.1
1272 2884 1677 2894 ......................
1711 2863 1793 2906 302

570 2937 608 2966 2.
640 2924 862 2966 Breviatio
878 2926 1035 2979 pedum
1062 2957 1676 2967 .................................
1711 2937 1795 2980 304
