1962 3355
140 256 246 287 CAP.
272 249 309 286 l.
348 239 432 284 De
457 239 675 285 connexis
697 237 826 283 inter
848 254 897 283 se
921 243 1063 300 atque
1086 236 1362 283 inconnexis
1378 237 1457 298 850.
1501 240 1587 292 197

280 360 596 422 Tralzuntque
617 359 767 405 siccas
790 357 1017 404 machinae
1041 357 1246 404 carinas.

141 437 300 483 ”Nam
328 455 353 483 a
378 435 676 483 Callimacho
694 433 879 480 medius
899 433 1133 479 trochaeus
1156 433 1356 478 insertus
1381 439 1453 476 est
1474 430 1592 476 iam-

141 513 247 559 bico
271 513 438 559 versui.
510 512 631 558 Haec
665 511 816 557 forma
852 509 1137 555 conveniens
1164 507 1412 554 oSaturnio
1435 506 1586 552 versui
1610 528 1646 551 ιι

141 600 223 636 est.
294 590 420 636 Item
447 589 678 636 iambicus
702 587 930 633 dimetrus
955 586 1136 631 solutus
1160 585 1207 631 iu
1233 583 1524 647 tribrachyn,

273 664 642 730 Agite,fugite,
668 664 867 728 qualite,
893 661 1078 725 Satyri.

143 744 267 789 Item
293 760 352 788 ex
378 742 477 788 basi
503 742 740 788 trochaica
765 750 812 787 et
836 740 1057 796 molosso,

280 817 444 864 Tollor
469 818 590 865 altos
614 819 663 864 in
686 823 880 865 montes.

142 896 266 941 Item
314 912 371 941 ex
412 894 652 942 trochaico
693 903 842 940 metro
876 892 1150 940 catalectico
1187 889 1591 956 hephthemimeri
1612 908 1651 930 22

142 971 395 1036 dactylico,

283 1047 333 1093 T
326 1047 447 1093 ollor
470 1048 520 1093 in
545 1054 726 1093 montes
748 1063 916 1109 vagus,
940 1046 1139 1092 numina
1163 1045 1232 1090 sic
1254 1042 1520 1090 stimulant.

142 1123 266 1170 Item
294 1124 560 1170 trochaicus
586 1131 885 1170 tetrametrus
905 1121 1206 1167 catalecticus
1225 1119 1441 1183 pluribus
1460 1119 1595 1164 plon-

142 1200 213 1264 gis
239 1201 286 1246 in
312 1201 474 1246 breves
500 1200 678 1254 solutis,
705 1199 785 1255 sic,

141 1274 293 1337 Agite
310 1275 455 1321 turba
470 1275 698 1339 Phrygia
715 1293 844 1324 nunc
862 1283 937 1322 qet
955 1276 1139 1339 qualite
1152 1274 1331 1339 gravia
1350 1280 1593 1336 tympana.

142 1350 267 1396 Item
303 1351 597 1398 trochaicum
637 1362 965 1400 tetrametrum
1000 1352 1346 1408 catalecticum,
1370 1359 1591 1413 quartum
1614 1374 1652 1405 23

142 1426 357 1473 iambum
384 1427 579 1484 habens,
604 1436 711 1475 rseu
737 1429 864 1491 quod
891 1427 1186 1492 Eupolidion
1211 1435 1421 1481 vocatur,

272 1520 507 1582 <Iuppiter
530 1528 738 1580 vocatus,
764 1523 899 1569 adest
918 1541 931 1568 .-
969 1521 1080 1567 SDii
1085 1518 1263 1585 favete
1288 1519 1450 1566 ceteri.

144 1611 269 1657 Item
307 1629 366 1658 ex
401 1613 641 1661 trochaico
675 1615 978 1678 tetrasyllabo
1014 1622 1060 1660 et
1090 1613 1293 1660 dimetro
1327 1611 1483 1658 ionico
1521 1609 1598 1657 ἀπὸ

140 1687 327 1750 μείζονος,
353 1690 479 1752 quod
506 1702 576 1737 est
601 1691 868 1749 Sotadium,

275 1777 375 1823 Eia
400 1795 524 1824 nunc
548 1778 678 1824 mihi.

144 1864 267 1910 Item
304 1882 364 1911 ex
401 1875 638 1929 anapaesto
676 1866 879 1913 dimetro
916 1867 1173 1913 acatalecto
1209 1874 1256 1912 et
1287 1863 1493 1911 iambico
1526 1863 1599 1910 di·
1618 1885 1657 1915 24

146 1950 298 1986 metro
323 1942 611 1999 catalectico,
637 1942 717 1998 sic,

143 2018 259 2082 Age
274 2036 399 2065 mene
415 2020 606 2066 comites
620 2020 797 2067 rabidae
812 2019 1194 2084 Cybelestvocent
1211 2017 1373 2065 choros
1389 2016 1455 2063 ad
1469 2033 1597 2062 aras.

144 2095 268 2141 Item
295 2095 589 2159 Sapphicum
614 2095 871 2143 dimetrum
898 2095 1350 2159 hendecasyllabum
1375 2110 1435 2139 ex
1459 2101 1600 2138 Vana-

143 2180 292 2234 paesto
317 2171 661 2228 catalecticum,

276 2266 497 2327 Rapizcnt
519 2274 551 2295 w
561 2265 761 2312 hederas
786 2266 876 2313 cito
900 2265 1162 2313 Maenades.

144 2358 268 2404 Item
302 2374 359 2404 ex
397 2358 684 2405 choriambis
721 2367 766 2404 et
791 2358 984 2422 dipodia
1006 2356 1244 2404 Xiambica
1280 2356 1456 2402 alterna
1482 2355 1597 2411 vice,
1618 2385 1656 2416 ²5

145 2434 210 2480 ita
235 2444 288 2480 ut
313 2434 360 2480 in
384 2434 555 2481 ultimo
580 2435 813 2482 catalexin
841 2435 1029 2490 habeat,
1056 2435 1138 2492 sic,

199 2621 218 2639 Π
241 2614 341 2650 Nam
363 2626 383 2649 a
404 2612 651 2660 Callimacho]
675 2613 773 2650 Nam
796 2612 953 2649 fallache
972 2613 1014 2649 P.
1035 2612 1082 2649 cf.
1102 2612 1258 2648 Terent.
1279 2611 1402 2647 Maur.
1424 2624 1455 2647 v.
1482 2623 1597 2661 2941.

144 2673 163 2693 o
184 2666 375 2714 Saturnio]
400 2668 560 2703 Saturno
578 2666 622 2702 P.
710 2673 730 2701 P
751 2665 871 2716 longis
893 2659 1078 2702 in’breves
1099 2665 1246 2712 solutis]
1269 2665 1307 2700 in
1329 2664 1450 2715 longis
1471 2665 1598 2701 breves

143 2719 314 2756 insolutis
334 2721 376 2755 P.
504 2726 523 2754 q
544 2727 582 2755 et
600 2720 759 2768 quatite]
783 2728 840 2756 est
859 2718 1004 2768 quatita
1023 2721 1062 2755 P.
1201 2725 1217 2744 r
1236 2718 1336 2767 quod
1355 2717 1597 2767 Eupolidium

144 2774 295 2821 vocant]
321 2785 384 2809 seu
405 2773 504 2821 quod
526 2771 753 2822 Eupolidion
776 2780 927 2809 vocatur
947 2773 986 2808 P.
1137 2779 1151 2798 s
1172 2771 1221 2808 dii
1243 2771 1361 2808 favete
1381 2771 1510 2817 ceteri]
1533 2771 1597 2807 de-

144 2826 272 2863 functe
293 2825 405 2863 cereri
425 2827 466 2862 P.
642 2828 651 2847 ῑ
671 2826 824 2872 vocent]
846 2838 922 2861 una
941 2838 1027 2862 cnm
1049 2826 1091 2862 P.
1235 2831 1255 2850 V
1275 2825 1481 2873 anapaesto]
1507 2836 1596 2859 ana-

144 2887 301 2929 paestum
324 2880 366 2916 P.
478 2887 505 2906 W
525 2879 680 2915 hederas
700 2878 792 2926 cito]
816 2879 952 2915 hedera
971 2878 1043 2916 scit
1062 2879 1102 2914 P.
1213 2884 1234 2903 X
1254 2877 1429 2923 iambica]
1452 2889 1595 2919 omnes,

145 2931 183 2969 ni
203 2932 323 2976 fallor,
341 2931 554 2970 iambicum.
