<?xml version="1.0" encoding="UTF-8"?>
<!DOCTYPE html PUBLIC "-//W3C//DTD XHTML 1.0 Transitional//EN"
    "http://www.w3.org/TR/xhtml1/DTD/xhtml1-transitional.dtd">
<html xmlns="http://www.w3.org/1999/xhtml" xml:lang="en" lang="en">
 <head>
  <title>
</title>
<meta http-equiv="Content-Type" content="text/html;charset=utf-8" />
  <meta name='ocr-system' content='tesseract 3.04.00' />
  <meta name='ocr-capabilities' content='ocr_page ocr_carea ocr_par ocr_line ocrx_word'/>
</head>
<body>
  <div class='ocr_page' id='page_1' title='image "./scriptoreslatini00gaisuoft/scriptoreslatini00gaisuoft_0580.png"; bbox 0 0 1962 3355; ppageno 0'>
   <div class='ocr_carea' id='block_1_1' title="bbox 382 173 1335 230">
    <p class='ocr_par' dir='ltr' id='par_1_1' title="bbox 382 173 1335 230">
     <span class='ocr_line' id='line_1_1' title="bbox 382 173 1335 230; baseline -0.006 -13"><span class='ocrx_word' id='word_1_1' title='bbox 382 177 466 218; x_wconf 70' lang='lat'>562</span> <span class='ocrx_word' id='word_1_2' title='bbox 894 175 1158 230; x_wconf 70' lang='lat' dir='ltr'><em>Scriptorum</em></span> <span class='ocrx_word' id='word_1_3' title='bbox 1179 173 1335 228; x_wconf 75' lang='lat' dir='ltr'><em>aliquot</em></span> 
     </span>
    </p>
   </div>
   <div class='ocr_carea' id='block_1_2' title="bbox 382 283 1883 2634">
    <p class='ocr_par' dir='ltr' id='par_1_2' title="bbox 382 283 1835 611">
     <span class='ocr_line' id='line_1_2' title="bbox 382 283 1834 343; baseline -0.005 -14"><span class='ocrx_word' id='word_1_4' title='bbox 382 299 502 330; x_wconf 88' lang='lat' dir='ltr'>acute</span> <span class='ocrx_word' id='word_1_5' title='bbox 522 289 749 329; x_wconf 85' lang='lat' dir='ltr'>discernere</span> <span class='ocrx_word' id='word_1_6' title='bbox 778 303 909 343; x_wconf 88' lang='lat' dir='ltr'>posse.</span> <span class='ocrx_word' id='word_1_7' title='bbox 972 287 1261 337; x_wconf 88' lang='lat' dir='ltr'>Memineram,</span> <span class='ocrx_word' id='word_1_8' title='bbox 1284 285 1414 326; x_wconf 88' lang='lat' dir='ltr'>multa</span> <span class='ocrx_word' id='word_1_9' title='bbox 1434 285 1476 325; x_wconf 91' lang='lat' dir='ltr'>in</span> <span class='ocrx_word' id='word_1_10' title='bbox 1497 283 1668 325; x_wconf 85' lang='lat' dir='ltr'>vetustis</span> <span class='ocrx_word' id='word_1_11' title='bbox 1696 291 1834 323; x_wconf 89' lang='lat' dir='ltr'>aucto-</span> 
     </span>
     <span class='ocr_line' id='line_1_3' title="bbox 383 350 1832 411; baseline -0.005 -15"><span class='ocrx_word' id='word_1_12' title='bbox 383 357 511 406; x_wconf 82' lang='lat' dir='ltr'>ribus,</span> <span class='ocrx_word' id='word_1_13' title='bbox 533 372 627 411; x_wconf 84' lang='lat' dir='ltr'>quae</span> <span class='ocrx_word' id='word_1_14' title='bbox 647 355 812 410; x_wconf 82' lang='lat' dir='ltr'>frigida,</span> <span class='ocrx_word' id='word_1_15' title='bbox 834 354 987 409; x_wconf 89' lang='lat' dir='ltr'>inepta,</span> <span class='ocrx_word' id='word_1_16' title='bbox 1006 363 1145 409; x_wconf 88' lang='lat' dir='ltr'>aperte</span> <span class='ocrx_word' id='word_1_17' title='bbox 1166 353 1265 394; x_wconf 89' lang='lat' dir='ltr'>falsa</span> <span class='ocrx_word' id='word_1_18' title='bbox 1286 353 1478 393; x_wconf 89' lang='lat' dir='ltr'>omnibus</span> <span class='ocrx_word' id='word_1_19' title='bbox 1499 351 1594 391; x_wconf 89' lang='lat' dir='ltr'>olim</span> <span class='ocrx_word' id='word_1_20' title='bbox 1617 350 1701 390; x_wconf 88' lang='lat' dir='ltr'>visa</span> <span class='ocrx_word' id='word_1_21' title='bbox 1722 358 1832 399; x_wconf 87' lang='lat' dir='ltr'>sunt,</span> 
     </span>
     <span class='ocr_line' id='line_1_4' title="bbox 386 419 1835 479; baseline -0.005 -15"><span class='ocrx_word' id='word_1_22' title='bbox 386 424 506 464; x_wconf 91' lang='lat' dir='ltr'>unius</span> <span class='ocrx_word' id='word_1_23' title='bbox 539 438 646 479; x_wconf 84' lang='lat' dir='ltr'>saepe</span> <span class='ocrx_word' id='word_1_24' title='bbox 677 422 853 462; x_wconf 86' lang='lat' dir='ltr'>hominis</span> <span class='ocrx_word' id='word_1_25' title='bbox 878 420 1058 470; x_wconf 88' lang='lat' dir='ltr'>consilio,</span> <span class='ocrx_word' id='word_1_26' title='bbox 1088 421 1292 461; x_wconf 85' lang='lat' dir='ltr'>interdum</span> <span class='ocrx_word' id='word_1_27' title='bbox 1324 436 1435 469; x_wconf 85' lang='lat' dir='ltr'>casu,</span> <span class='ocrx_word' id='word_1_28' title='bbox 1456 419 1514 460; x_wconf 90' lang='lat' dir='ltr'>ita</span> <span class='ocrx_word' id='word_1_29' title='bbox 1539 419 1741 466; x_wconf 87' lang='lat' dir='ltr'>restituta,</span> <span class='ocrx_word' id='word_1_30' title='bbox 1763 426 1835 457; x_wconf 90' lang='lat' dir='ltr'>aut</span> 
     </span>
     <span class='ocr_line' id='line_1_5' title="bbox 384 484 1834 544; baseline -0.005 -13"><span class='ocrx_word' id='word_1_31' title='bbox 384 490 440 530; x_wconf 88' lang='lat' dir='ltr'>ita</span> <span class='ocrx_word' id='word_1_32' title='bbox 460 506 552 531; x_wconf 87' lang='lat' dir='ltr'>cum</span> <span class='ocrx_word' id='word_1_33' title='bbox 575 490 663 530; x_wconf 89' lang='lat' dir='ltr'>aliis</span> <span class='ocrx_word' id='word_1_34' title='bbox 693 498 928 544; x_wconf 88' lang='lat' dir='ltr'>comparata</span> <span class='ocrx_word' id='word_1_35' title='bbox 957 504 1057 537; x_wconf 85' lang='lat' dir='ltr'>esse,</span> <span class='ocrx_word' id='word_1_36' title='bbox 1080 498 1127 528; x_wconf 86' lang='lat' dir='ltr'>ut</span> <span class='ocrx_word' id='word_1_37' title='bbox 1157 487 1252 527; x_wconf 88' lang='lat' dir='ltr'>inde</span> <span class='ocrx_word' id='word_1_38' title='bbox 1284 502 1364 527; x_wconf 91' lang='lat' dir='ltr'>non</span> <span class='ocrx_word' id='word_1_39' title='bbox 1397 501 1542 542; x_wconf 88' lang='lat' dir='ltr'>parum</span> <span class='ocrx_word' id='word_1_40' title='bbox 1571 484 1834 526; x_wconf 84' lang='lat' dir='ltr'>emolumenti</span> 
     </span>
     <span class='ocr_line' id='line_1_6' title="bbox 383 554 1025 611; baseline -0.008 -13"><span class='ocrx_word' id='word_1_41' title='bbox 383 557 434 597; x_wconf 87' lang='lat' dir='ltr'>ad</span> <span class='ocrx_word' id='word_1_42' title='bbox 460 558 586 598; x_wconf 87' lang='lat' dir='ltr'>bonas</span> <span class='ocrx_word' id='word_1_43' title='bbox 607 557 760 597; x_wconf 81' lang='lat' dir='ltr'>litteras</span> <span class='ocrx_word' id='word_1_44' title='bbox 780 554 1025 611; x_wconf 90' lang='lat' dir='ltr'>pervenerit.</span> 
     </span>
    </p>

    <p class='ocr_par' dir='ltr' id='par_1_3' title="bbox 384 617 1839 1150">
     <span class='ocr_line' id='line_1_7' title="bbox 441 617 1836 678; baseline -0.005 -13"><span class='ocrx_word' id='word_1_45' title='bbox 441 627 469 664; x_wconf 85' lang='lat' dir='ltr'>J</span> <span class='ocrx_word' id='word_1_46' title='bbox 474 640 538 665; x_wconf 90' lang='lat' dir='ltr'>am</span> <span class='ocrx_word' id='word_1_47' title='bbox 561 625 607 672; x_wconf 87' lang='lat' dir='ltr'>si,</span> <span class='ocrx_word' id='word_1_48' title='bbox 630 622 835 678; x_wconf 90' lang='lat' dir='ltr'>quidquid</span> <span class='ocrx_word' id='word_1_49' title='bbox 856 622 895 661; x_wconf 92' lang='lat' dir='ltr'>in</span> <span class='ocrx_word' id='word_1_50' title='bbox 922 620 1120 675; x_wconf 87' lang='lat' dir='ltr'>Pompeio</span> <span class='ocrx_word' id='word_1_51' title='bbox 1151 620 1407 675; x_wconf 84' lang='lat' dir='ltr'>praecipuum</span> <span class='ocrx_word' id='word_1_52' title='bbox 1437 619 1652 675; x_wconf 83' lang='lat' dir='ltr'>reperitur,</span> <span class='ocrx_word' id='word_1_53' title='bbox 1673 618 1712 659; x_wconf 93' lang='lat' dir='ltr'>id</span> <span class='ocrx_word' id='word_1_54' title='bbox 1741 617 1836 658; x_wconf 85' lang='lat' dir='ltr'>inde</span> 
     </span>
     <span class='ocr_line' id='line_1_8' title="bbox 385 686 1835 748; baseline -0.004 -16"><span class='ocrx_word' id='word_1_55' title='bbox 385 706 629 748; x_wconf 78' lang='lat' dir='ltr'><strong>promerem,</strong></span> <span class='ocrx_word' id='word_1_56' title='bbox 652 689 945 745; x_wconf 80' lang='lat' dir='ltr'>praevidebam,</span> <span class='ocrx_word' id='word_1_57' title='bbox 968 698 1109 743; x_wconf 88' lang='lat' dir='ltr'>postea</span> <span class='ocrx_word' id='word_1_58' title='bbox 1139 687 1341 728; x_wconf 87' lang='lat' dir='ltr'>neminem</span> <span class='ocrx_word' id='word_1_59' title='bbox 1367 687 1486 728; x_wconf 85' lang='lat' dir='ltr'>facile</span> <span class='ocrx_word' id='word_1_60' title='bbox 1512 686 1739 727; x_wconf 89' lang='lat' dir='ltr'>adductum</span> <span class='ocrx_word' id='word_1_61' title='bbox 1770 686 1835 734; x_wconf 90' lang='lat' dir='ltr'>iri,</span> 
     </span>
     <span class='ocr_line' id='line_1_9' title="bbox 387 752 1838 812; baseline -0.005 -14"><span class='ocrx_word' id='word_1_62' title='bbox 387 769 432 798; x_wconf 87' lang='lat' dir='ltr'>ut</span> <span class='ocrx_word' id='word_1_63' title='bbox 453 772 610 805; x_wconf 81' lang='lat' dir='ltr'>eorum,</span> <span class='ocrx_word' id='word_1_64' title='bbox 633 772 727 812; x_wconf 87' lang='lat' dir='ltr'>quae</span> <span class='ocrx_word' id='word_1_65' title='bbox 748 771 771 796; x_wconf 89' lang='lat' dir='ltr'>a</span> <span class='ocrx_word' id='word_1_66' title='bbox 793 771 856 796; x_wconf 91' lang='lat' dir='ltr'>me</span> <span class='ocrx_word' id='word_1_67' title='bbox 878 754 1016 795; x_wconf 89' lang='lat' dir='ltr'>relicta</span> <span class='ocrx_word' id='word_1_68' title='bbox 1036 764 1182 804; x_wconf 87' lang='lat' dir='ltr'>essent,</span> <span class='ocrx_word' id='word_1_69' title='bbox 1203 754 1562 795; x_wconf 86' lang='lat' dir='ltr'>describendorum</span> <span class='ocrx_word' id='word_1_70' title='bbox 1588 752 1629 792; x_wconf 91' lang='lat' dir='ltr'>in</span> <span class='ocrx_word' id='word_1_71' title='bbox 1653 767 1693 792; x_wconf 86' lang='lat' dir='ltr'>se</span> <span class='ocrx_word' id='word_1_72' title='bbox 1714 752 1838 792; x_wconf 88' lang='lat' dir='ltr'>susci-</span> 
     </span>
     <span class='ocr_line' id='line_1_10' title="bbox 384 819 1838 880; baseline -0.004 -15"><span class='ocrx_word' id='word_1_73' title='bbox 384 835 498 880; x_wconf 85' lang='lat' dir='ltr'>peret</span> <span class='ocrx_word' id='word_1_74' title='bbox 526 825 721 873; x_wconf 88' lang='lat' dir='ltr'>laborem,</span> <span class='ocrx_word' id='word_1_75' title='bbox 744 838 866 878; x_wconf 88' lang='lat' dir='ltr'>quem</span> <span class='ocrx_word' id='word_1_76' title='bbox 899 823 991 863; x_wconf 87' lang='lat' dir='ltr'>licet</span> <span class='ocrx_word' id='word_1_77' title='bbox 1018 821 1300 872; x_wconf 82' lang='lat' dir='ltr'>difficiliorem,</span> <span class='ocrx_word' id='word_1_78' title='bbox 1321 832 1486 877; x_wconf 90' lang='lat' dir='ltr'>gratum</span> <span class='ocrx_word' id='word_1_79' title='bbox 1508 830 1643 861; x_wconf 87' lang='lat' dir='ltr'>tamen</span> <span class='ocrx_word' id='word_1_80' title='bbox 1675 819 1838 873; x_wconf 86' lang='lat' dir='ltr'>paucio-</span> 
     </span>
     <span class='ocr_line' id='line_1_11' title="bbox 384 886 1837 947; baseline -0.004 -15"><span class='ocrx_word' id='word_1_81' title='bbox 384 892 511 942; x_wconf 81' lang='lat' dir='ltr'>ribus,</span> <span class='ocrx_word' id='word_1_82' title='bbox 534 891 857 947; x_wconf 86' lang='lat' dir='ltr'>impendendum</span> <span class='ocrx_word' id='word_1_83' title='bbox 880 890 954 931; x_wconf 85' lang='lat' dir='ltr'>sibi</span> <span class='ocrx_word' id='word_1_84' title='bbox 978 905 1062 930; x_wconf 90' lang='lat' dir='ltr'>esse</span> <span class='ocrx_word' id='word_1_85' title='bbox 1083 889 1365 929; x_wconf 77' lang='lat' dir='ltr'>arbitraretur.</span> <span class='ocrx_word' id='word_1_86' title='bbox 1418 888 1566 942; x_wconf 83' lang='lat' dir='ltr'>Abjeci</span> <span class='ocrx_word' id='word_1_87' title='bbox 1588 887 1715 943; x_wconf 86' lang='lat' dir='ltr'>igitur</span> <span class='ocrx_word' id='word_1_88' title='bbox 1733 886 1837 926; x_wconf 89' lang='lat' dir='ltr'>illud</span> 
     </span>
     <span class='ocr_line' id='line_1_12' title="bbox 386 955 1839 1014; baseline -0.003 -15"><span class='ocrx_word' id='word_1_89' title='bbox 386 960 513 999; x_wconf 88' lang='lat' dir='ltr'>electa</span> <span class='ocrx_word' id='word_1_90' title='bbox 537 958 791 1014; x_wconf 86' lang='lat' dir='ltr'>Pompeiana</span> <span class='ocrx_word' id='word_1_91' title='bbox 811 957 1049 1013; x_wconf 82' lang='lat' dir='ltr'>publicandi</span> <span class='ocrx_word' id='word_1_92' title='bbox 1071 956 1299 1006; x_wconf 90' lang='lat' dir='ltr'>consilium,</span> <span class='ocrx_word' id='word_1_93' title='bbox 1322 966 1539 1011; x_wconf 89' lang='lat' dir='ltr'>totumque</span> <span class='ocrx_word' id='word_1_94' title='bbox 1559 955 1839 1010; x_wconf 52' lang='lat' dir='ltr'>libi-uunqua-</span> 
     </span>
     <span class='ocr_line' id='line_1_13' title="bbox 385 1022 1839 1082; baseline -0.003 -15"><span class='ocrx_word' id='word_1_95' title='bbox 385 1027 610 1082; x_wconf 84' lang='lat' dir='ltr'>liscumque</span> <span class='ocrx_word' id='word_1_96' title='bbox 632 1036 749 1075; x_wconf 89' lang='lat' dir='ltr'>esset,</span> <span class='ocrx_word' id='word_1_97' title='bbox 767 1026 1008 1074; x_wconf 79' lang='lat' dir='ltr'>describere,</span> <span class='ocrx_word' id='word_1_98' title='bbox 1027 1036 1081 1074; x_wconf 89' lang='lat' dir='ltr'>et,</span> <span class='ocrx_word' id='word_1_99' title='bbox 1105 1024 1273 1064; x_wconf 86' lang='lat' dir='ltr'>simulac</span> <span class='ocrx_word' id='word_1_100' title='bbox 1306 1039 1379 1079; x_wconf 91' lang='lat' dir='ltr'>per</span> <span class='ocrx_word' id='word_1_101' title='bbox 1408 1023 1521 1073; x_wconf 84' lang='lat' dir='ltr'>alios,</span> <span class='ocrx_word' id='word_1_102' title='bbox 1544 1023 1615 1078; x_wconf 92' lang='lat' dir='ltr'>qui</span> <span class='ocrx_word' id='word_1_103' title='bbox 1637 1022 1745 1063; x_wconf 90' lang='lat' dir='ltr'>curis</span> <span class='ocrx_word' id='word_1_104' title='bbox 1776 1022 1839 1062; x_wconf 85' lang='lat' dir='ltr'>his</span> 
     </span>
     <span class='ocr_line' id='line_1_14' title="bbox 384 1089 1836 1150; baseline -0.004 -15"><span class='ocrx_word' id='word_1_105' title='bbox 384 1094 654 1150; x_wconf 84' lang='lat' dir='ltr'>praevertendi</span> <span class='ocrx_word' id='word_1_106' title='bbox 677 1104 786 1143; x_wconf 87' lang='lat' dir='ltr'>sunt,</span> <span class='ocrx_word' id='word_1_107' title='bbox 801 1094 960 1133; x_wconf 87' lang='lat' dir='ltr'>labores</span> <span class='ocrx_word' id='word_1_108' title='bbox 980 1092 1153 1141; x_wconf 84' lang='lat' dir='ltr'>licuerit,</span> <span class='ocrx_word' id='word_1_109' title='bbox 1168 1091 1208 1131; x_wconf 91' lang='lat' dir='ltr'>in</span> <span class='ocrx_word' id='word_1_110' title='bbox 1231 1091 1442 1146; x_wconf 90' lang='lat' dir='ltr'>publicum</span> <span class='ocrx_word' id='word_1_111' title='bbox 1466 1091 1648 1146; x_wconf 88' lang='lat' dir='ltr'>proferre</span> <span class='ocrx_word' id='word_1_112' title='bbox 1664 1089 1836 1130; x_wconf 88' lang='lat' dir='ltr'>decrevi.</span> 
     </span>
    </p>

    <p class='ocr_par' dir='ltr' id='par_1_4' title="bbox 385 1157 1883 1825">
     <span class='ocr_line' id='line_1_15' title="bbox 443 1157 1839 1214; baseline -0.004 -12"><span class='ocrx_word' id='word_1_113' title='bbox 443 1161 585 1202; x_wconf 90' lang='lat' dir='ltr'>Multo</span> <span class='ocrx_word' id='word_1_114' title='bbox 607 1161 830 1202; x_wconf 86' lang='lat' dir='ltr'>studiosius</span> <span class='ocrx_word' id='word_1_115' title='bbox 851 1160 901 1200; x_wconf 92' lang='lat' dir='ltr'>ad</span> <span class='ocrx_word' id='word_1_116' title='bbox 935 1160 1011 1200; x_wconf 89' lang='lat' dir='ltr'>hoc</span> <span class='ocrx_word' id='word_1_117' title='bbox 1033 1159 1244 1214; x_wconf 86' lang='lat' dir='ltr'>negotium</span> <span class='ocrx_word' id='word_1_118' title='bbox 1275 1158 1478 1214; x_wconf 86' lang='lat' dir='ltr'>accingor,</span> <span class='ocrx_word' id='word_1_119' title='bbox 1499 1167 1716 1214; x_wconf 88' lang='lat' dir='ltr'>postquam</span> <span class='ocrx_word' id='word_1_120' title='bbox 1738 1157 1839 1198; x_wconf 88' lang='lat' dir='ltr'>cele-</span> 
     </span>
     <span class='ocr_line' id='line_1_16' title="bbox 385 1224 1838 1281; baseline -0.002 -13"><span class='ocrx_word' id='word_1_121' title='bbox 385 1229 586 1270; x_wconf 88' lang='lat' dir='ltr'>berrimus</span> <span class='ocrx_word' id='word_1_122' title='bbox 615 1228 894 1268; x_wconf 85' lang='lat' dir='ltr'>Ruhnkenius</span> <span class='ocrx_word' id='word_1_123' title='bbox 924 1227 1164 1267; x_wconf 85' lang='lat' dir='ltr'>adhortator</span> <span class='ocrx_word' id='word_1_124' title='bbox 1191 1226 1370 1275; x_wconf 85' lang='lat' dir='ltr'>accessit,</span> <span class='ocrx_word' id='word_1_125' title='bbox 1392 1226 1479 1281; x_wconf 87' lang='lat' dir='ltr'>qui,</span> <span class='ocrx_word' id='word_1_126' title='bbox 1502 1225 1593 1266; x_wconf 85' lang='lat' dir='ltr'>licet</span> <span class='ocrx_word' id='word_1_127' title='bbox 1622 1225 1709 1281; x_wconf 87' lang='lat' dir='ltr'>ipse</span> <span class='ocrx_word' id='word_1_128' title='bbox 1739 1224 1838 1265; x_wconf 88' lang='lat' dir='ltr'>mihi</span> 
     </span>
     <span class='ocr_line' id='line_1_17' title="bbox 385 1292 1840 1348; baseline -0.003 -12"><span class='ocrx_word' id='word_1_129' title='bbox 385 1305 528 1337; x_wconf 83' lang='lat' dir='ltr'>auctor</span> <span class='ocrx_word' id='word_1_130' title='bbox 550 1311 658 1335; x_wconf 89' lang='lat' dir='ltr'>unus</span> <span class='ocrx_word' id='word_1_131' title='bbox 680 1295 806 1335; x_wconf 86' lang='lat' dir='ltr'>instar</span> <span class='ocrx_word' id='word_1_132' title='bbox 827 1294 1009 1335; x_wconf 91' lang='lat' dir='ltr'>omnium</span> <span class='ocrx_word' id='word_1_133' title='bbox 1033 1304 1151 1343; x_wconf 87' lang='lat' dir='ltr'>esset,</span> <span class='ocrx_word' id='word_1_134' title='bbox 1171 1303 1305 1334; x_wconf 89' lang='lat' dir='ltr'>tamen</span> <span class='ocrx_word' id='word_1_135' title='bbox 1328 1292 1568 1348; x_wconf 87' lang='lat' dir='ltr'>interposita</span> <span class='ocrx_word' id='word_1_136' title='bbox 1587 1292 1708 1333; x_wconf 89' lang='lat' dir='ltr'>etiam</span> <span class='ocrx_word' id='word_1_137' title='bbox 1731 1306 1840 1332; x_wconf 89' lang='lat' dir='ltr'>sum-</span> 
     </span>
     <span class='ocr_line' id='line_1_18' title="bbox 387 1359 1883 1416; baseline -0.003 -13"><span class='ocrx_word' id='word_1_138' title='bbox 387 1364 440 1403; x_wconf 89' lang='lat' dir='ltr'>mi</span> <span class='ocrx_word' id='word_1_139' title='bbox 464 1362 767 1403; x_wconf 84' lang='lat' dir='ltr'>Hemsterbusii</span> <span class='ocrx_word' id='word_1_140' title='bbox 798 1361 1039 1402; x_wconf 86' lang='lat' dir='ltr'>auctoritate</span> <span class='ocrx_word' id='word_1_141' title='bbox 1072 1376 1230 1401; x_wconf 88' lang='lat' dir='ltr'>mecum</span> <span class='ocrx_word' id='word_1_142' title='bbox 1263 1361 1359 1415; x_wconf 88' lang='lat' dir='ltr'>egit.</span> <span class='ocrx_word' id='word_1_143' title='bbox 1422 1360 1590 1416; x_wconf 88' lang='lat' dir='ltr'>Optime</span> <span class='ocrx_word' id='word_1_144' title='bbox 1620 1369 1756 1399; x_wconf 90' lang='lat' dir='ltr'>autem</span> <span class='ocrx_word' id='word_1_145' title='bbox 1789 1359 1840 1399; x_wconf 89' lang='lat' dir='ltr'>de</span> <span class='ocrx_word' id='word_1_146' title='bbox 1880 1395 1883 1397; x_wconf 75' lang='lat'>.</span> 
     </span>
     <span class='ocr_line' id='line_1_19' title="bbox 387 1426 1840 1487; baseline -0.003 -16"><span class='ocrx_word' id='word_1_147' title='bbox 387 1431 586 1487; x_wconf 87' lang='lat' dir='ltr'>Pompeio</span> <span class='ocrx_word' id='word_1_148' title='bbox 607 1430 844 1477; x_wconf 86' lang='lat' dir='ltr'>meriturus,</span> <span class='ocrx_word' id='word_1_149' title='bbox 867 1444 1014 1483; x_wconf 89' lang='lat' dir='ltr'>meque</span> <span class='ocrx_word' id='word_1_150' title='bbox 1034 1427 1084 1467; x_wconf 91' lang='lat' dir='ltr'>ad</span> <span class='ocrx_word' id='word_1_151' title='bbox 1114 1443 1219 1483; x_wconf 89' lang='lat' dir='ltr'>opus</span> <span class='ocrx_word' id='word_1_152' title='bbox 1246 1428 1491 1483; x_wconf 86' lang='lat' dir='ltr'>promissum</span> <span class='ocrx_word' id='word_1_153' title='bbox 1519 1429 1640 1483; x_wconf 86' lang='lat' dir='ltr'>longe</span> <span class='ocrx_word' id='word_1_154' title='bbox 1667 1426 1840 1467; x_wconf 87' lang='lat' dir='ltr'>alacrius</span> 
     </span>
     <span class='ocr_line' id='line_1_20' title="bbox 386 1494 1839 1550; baseline -0.005 -10"><span class='ocrx_word' id='word_1_155' title='bbox 386 1499 682 1540; x_wconf 84' lang='lat' dir='ltr'>absolvendum</span> <span class='ocrx_word' id='word_1_156' title='bbox 703 1498 956 1538; x_wconf 73' lang='lat' dir='ltr'>excitaturus</span> <span class='ocrx_word' id='word_1_157' title='bbox 977 1506 1093 1545; x_wconf 87' lang='lat' dir='ltr'>esset,</span> <span class='ocrx_word' id='word_1_158' title='bbox 1114 1495 1145 1535; x_wconf 90' lang='lat' dir='ltr'>si</span> <span class='ocrx_word' id='word_1_159' title='bbox 1166 1496 1258 1550; x_wconf 88' lang='lat' dir='ltr'>quis</span> <span class='ocrx_word' id='word_1_160' title='bbox 1279 1494 1426 1535; x_wconf 87' lang='lat' dir='ltr'>edendi</span> <span class='ocrx_word' id='word_1_161' title='bbox 1451 1494 1706 1550; x_wconf 85' lang='lat' dir='ltr'>grammatici</span> <span class='ocrx_word' id='word_1_162' title='bbox 1728 1504 1839 1534; x_wconf 88' lang='lat' dir='ltr'>vete-</span> 
     </span>
     <span class='ocr_line' id='line_1_21' title="bbox 388 1561 1838 1618; baseline -0.003 -11"><span class='ocrx_word' id='word_1_163' title='bbox 388 1567 441 1606; x_wconf 88' lang='lat' dir='ltr'>ris</span> <span class='ocrx_word' id='word_1_164' title='bbox 475 1567 593 1607; x_wconf 88' lang='lat' dir='ltr'>iniret</span> <span class='ocrx_word' id='word_1_165' title='bbox 634 1580 791 1606; x_wconf 89' lang='lat' dir='ltr'>mecum</span> <span class='ocrx_word' id='word_1_166' title='bbox 836 1563 1082 1610; x_wconf 85' lang='lat' dir='ltr'>societatem,</span> <span class='ocrx_word' id='word_1_167' title='bbox 1119 1562 1411 1618; x_wconf 74' lang='lat' dir='ltr'>exemplarque</span> <span class='ocrx_word' id='word_1_168' title='bbox 1444 1577 1468 1602; x_wconf 94' lang='lat' dir='ltr'>a</span> <span class='ocrx_word' id='word_1_169' title='bbox 1507 1576 1572 1601; x_wconf 93' lang='lat' dir='ltr'>me</span> <span class='ocrx_word' id='word_1_170' title='bbox 1607 1561 1838 1602; x_wconf 90' lang='lat' dir='ltr'>describen-</span> 
     </span>
     <span class='ocr_line' id='line_1_22' title="bbox 388 1628 1840 1689; baseline -0.004 -14"><span class='ocrx_word' id='word_1_171' title='bbox 388 1635 504 1683; x_wconf 90' lang='lat' dir='ltr'>dum,</span> <span class='ocrx_word' id='word_1_172' title='bbox 526 1646 565 1675; x_wconf 90' lang='lat' dir='ltr'>et</span> <span class='ocrx_word' id='word_1_173' title='bbox 598 1650 646 1674; x_wconf 83' lang='lat' dir='ltr'>ex</span> <span class='ocrx_word' id='word_1_174' title='bbox 679 1643 795 1689; x_wconf 86' lang='lat' dir='ltr'>parte</span> <span class='ocrx_word' id='word_1_175' title='bbox 819 1632 905 1687; x_wconf 86' lang='lat' dir='ltr'>jam</span> <span class='ocrx_word' id='word_1_176' title='bbox 938 1628 1204 1686; x_wconf 86' lang='lat' dir='ltr'>descriptum,</span> <span class='ocrx_word' id='word_1_177' title='bbox 1224 1645 1317 1670; x_wconf 89' lang='lat' dir='ltr'>cum</span> <span class='ocrx_word' id='word_1_178' title='bbox 1351 1629 1560 1680; x_wconf 87' lang='lat' dir='ltr'>Parisinis,</span> <span class='ocrx_word' id='word_1_179' title='bbox 1581 1640 1654 1670; x_wconf 87' lang='lat' dir='ltr'>aut</span> <span class='ocrx_word' id='word_1_180' title='bbox 1682 1629 1786 1680; x_wconf 86' lang='lat' dir='ltr'>aliis,</span> <span class='ocrx_word' id='word_1_181' title='bbox 1808 1629 1840 1669; x_wconf 90' lang='lat' dir='ltr'>si</span> 
     </span>
     <span class='ocr_line' id='line_1_23' title="bbox 388 1696 1840 1757; baseline -0.004 -15"><span class='ocrx_word' id='word_1_182' title='bbox 388 1702 458 1757; x_wconf 92' lang='lat' dir='ltr'>qui</span> <span class='ocrx_word' id='word_1_183' title='bbox 480 1702 649 1742; x_wconf 87' lang='lat' dir='ltr'>fortasse</span> <span class='ocrx_word' id='word_1_184' title='bbox 669 1700 709 1739; x_wconf 91' lang='lat' dir='ltr'>in</span> <span class='ocrx_word' id='word_1_185' title='bbox 733 1698 987 1739; x_wconf 86' lang='lat' dir='ltr'>bibliothecis</span> <span class='ocrx_word' id='word_1_186' title='bbox 1014 1697 1158 1747; x_wconf 89' lang='lat' dir='ltr'>latent,</span> <span class='ocrx_word' id='word_1_187' title='bbox 1180 1697 1389 1737; x_wconf 85' lang='lat' dir='ltr'>codicibus</span> <span class='ocrx_word' id='word_1_188' title='bbox 1419 1696 1710 1737; x_wconf 90' lang='lat' dir='ltr'>conferendum</span> <span class='ocrx_word' id='word_1_189' title='bbox 1740 1696 1840 1736; x_wconf 91' lang='lat' dir='ltr'>reci-</span> 
     </span>
     <span class='ocr_line' id='line_1_24' title="bbox 390 1780 513 1825; baseline -0.008 -16"><span class='ocrx_word' id='word_1_190' title='bbox 390 1780 513 1825; x_wconf 88' lang='lat' dir='ltr'>peret.</span> 
     </span>
    </p>

    <p class='ocr_par' dir='ltr' id='par_1_5' title="bbox 390 1830 1845 2634">
     <span class='ocr_line' id='line_1_25' title="bbox 447 1830 1840 1887; baseline -0.006 -9"><span class='ocrx_word' id='word_1_191' title='bbox 447 1839 632 1878; x_wconf 87' lang='lat' dir='ltr'>Tantum</span> <span class='ocrx_word' id='word_1_192' title='bbox 666 1851 762 1876; x_wconf 89' lang='lat' dir='ltr'>vero</span> <span class='ocrx_word' id='word_1_193' title='bbox 793 1835 921 1883; x_wconf 88' lang='lat' dir='ltr'>abest,</span> <span class='ocrx_word' id='word_1_194' title='bbox 945 1843 989 1873; x_wconf 92' lang='lat' dir='ltr'>ut</span> <span class='ocrx_word' id='word_1_195' title='bbox 1022 1832 1189 1881; x_wconf 89' lang='lat' dir='ltr'>librum,</span> <span class='ocrx_word' id='word_1_196' title='bbox 1211 1833 1330 1887; x_wconf 82' lang='lat' dir='ltr'>cujus</span> <span class='ocrx_word' id='word_1_197' title='bbox 1357 1832 1577 1873; x_wconf 86' lang='lat' dir='ltr'>editionem</span> <span class='ocrx_word' id='word_1_198' title='bbox 1607 1832 1754 1887; x_wconf 89' lang='lat' dir='ltr'>recepi,</span> <span class='ocrx_word' id='word_1_199' title='bbox 1778 1830 1840 1871; x_wconf 90' lang='lat' dir='ltr'>ul-</span> 
     </span>
     <span class='ocr_line' id='line_1_26' title="bbox 390 1898 1842 1960; baseline -0.005 -15"><span class='ocrx_word' id='word_1_200' title='bbox 390 1915 467 1954; x_wconf 82' lang='lat' dir='ltr'>tra,</span> <span class='ocrx_word' id='word_1_201' title='bbox 489 1920 612 1960; x_wconf 88' lang='lat' dir='ltr'>quam</span> <span class='ocrx_word' id='word_1_202' title='bbox 637 1919 698 1943; x_wconf 87' lang='lat' dir='ltr'>res</span> <span class='ocrx_word' id='word_1_203' title='bbox 722 1903 894 1959; x_wconf 87' lang='lat' dir='ltr'>patitur,</span> <span class='ocrx_word' id='word_1_204' title='bbox 914 1900 1096 1950; x_wconf 89' lang='lat' dir='ltr'>laudare,</span> <span class='ocrx_word' id='word_1_205' title='bbox 1117 1909 1188 1939; x_wconf 87' lang='lat' dir='ltr'>aut</span> <span class='ocrx_word' id='word_1_206' title='bbox 1218 1899 1434 1940; x_wconf 87' lang='lat' dir='ltr'>utilitatem</span> <span class='ocrx_word' id='word_1_207' title='bbox 1457 1900 1545 1955; x_wconf 84' lang='lat' dir='ltr'>ejus</span> <span class='ocrx_word' id='word_1_208' title='bbox 1565 1898 1699 1940; x_wconf 90' lang='lat' dir='ltr'>verbis</span> <span class='ocrx_word' id='word_1_209' title='bbox 1725 1898 1842 1939; x_wconf 90' lang='lat' dir='ltr'>ador-</span> 
     </span>
     <span class='ocr_line' id='line_1_27' title="bbox 391 1966 1842 2024; baseline -0.005 -11"><span class='ocrx_word' id='word_1_210' title='bbox 391 1988 487 2013; x_wconf 86' lang='lat' dir='ltr'>nare</span> <span class='ocrx_word' id='word_1_211' title='bbox 509 1972 645 2021; x_wconf 90' lang='lat' dir='ltr'>velim,</span> <span class='ocrx_word' id='word_1_212' title='bbox 670 1981 714 2013; x_wconf 86' lang='lat' dir='ltr'>ut</span> <span class='ocrx_word' id='word_1_213' title='bbox 744 1969 917 2011; x_wconf 89' lang='lat' dir='ltr'>candide</span> <span class='ocrx_word' id='word_1_214' title='bbox 946 1968 1084 2024; x_wconf 85' lang='lat' dir='ltr'>potius</span> <span class='ocrx_word' id='word_1_215' title='bbox 1114 1967 1378 2007; x_wconf 85' lang='lat' dir='ltr'>indicandum</span> <span class='ocrx_word' id='word_1_216' title='bbox 1407 1978 1567 2023; x_wconf 89' lang='lat' dir='ltr'>putem,</span> <span class='ocrx_word' id='word_1_217' title='bbox 1587 1966 1842 2023; x_wconf 87' lang='lat' dir='ltr'>grammatici</span> 
     </span>
     <span class='ocr_line' id='line_1_28' title="bbox 391 2034 1845 2090; baseline -0.004 -10"><span class='ocrx_word' id='word_1_218' title='bbox 391 2041 515 2080; x_wconf 82' lang='lat' dir='ltr'>nostri</span> <span class='ocrx_word' id='word_1_219' title='bbox 549 2054 628 2079; x_wconf 91' lang='lat' dir='ltr'>non</span> <span class='ocrx_word' id='word_1_220' title='bbox 662 2037 781 2078; x_wconf 89' lang='lat' dir='ltr'>aliam</span> <span class='ocrx_word' id='word_1_221' title='bbox 813 2036 1010 2077; x_wconf 84' lang='lat' dir='ltr'>rationem</span> <span class='ocrx_word' id='word_1_222' title='bbox 1041 2050 1139 2085; x_wconf 85' lang='lat' dir='ltr'>esse,</span> <span class='ocrx_word' id='word_1_223' title='bbox 1162 2049 1286 2090; x_wconf 89' lang='lat' dir='ltr'>quam</span> <span class='ocrx_word' id='word_1_224' title='bbox 1317 2036 1623 2090; x_wconf 87' lang='lat' dir='ltr'>plerorumque,</span> <span class='ocrx_word' id='word_1_225' title='bbox 1645 2050 1750 2090; x_wconf 89' lang='lat' dir='ltr'>quos</span> <span class='ocrx_word' id='word_1_226' title='bbox 1774 2034 1845 2075; x_wconf 88' lang='lat' dir='ltr'>illa</span> 
     </span>
     <span class='ocr_line' id='line_1_29' title="bbox 390 2102 1842 2161; baseline -0.002 -14"><span class='ocrx_word' id='word_1_227' title='bbox 390 2116 489 2147; x_wconf 82' lang='lat' dir='ltr'>aetas</span> <span class='ocrx_word' id='word_1_228' title='bbox 509 2106 617 2155; x_wconf 86' lang='lat' dir='ltr'>tulit,</span> <span class='ocrx_word' id='word_1_229' title='bbox 641 2105 932 2161; x_wconf 88' lang='lat' dir='ltr'>professorum.</span> <span class='ocrx_word' id='word_1_230' title='bbox 995 2104 1137 2143; x_wconf 81' lang='lat' dir='ltr'>Multa</span> <span class='ocrx_word' id='word_1_231' title='bbox 1160 2102 1343 2157; x_wconf 86' lang='lat' dir='ltr'>vulgaria</span> <span class='ocrx_word' id='word_1_232' title='bbox 1362 2119 1408 2144; x_wconf 87' lang='lat' dir='ltr'>ac</span> <span class='ocrx_word' id='word_1_233' title='bbox 1429 2104 1603 2159; x_wconf 87' lang='lat' dir='ltr'>protrita</span> <span class='ocrx_word' id='word_1_234' title='bbox 1624 2113 1842 2159; x_wconf 80' lang='lat' dir='ltr'>praecepta,</span> 
     </span>
     <span class='ocr_line' id='line_1_30' title="bbox 391 2170 1842 2226; baseline -0.003 -12"><span class='ocrx_word' id='word_1_235' title='bbox 391 2174 525 2214; x_wconf 86' lang='lat' dir='ltr'>futilia</span> <span class='ocrx_word' id='word_1_236' title='bbox 545 2173 682 2221; x_wconf 91' lang='lat' dir='ltr'>etiam,</span> <span class='ocrx_word' id='word_1_237' title='bbox 704 2171 910 2212; x_wconf 89' lang='lat' dir='ltr'>interdum</span> <span class='ocrx_word' id='word_1_238' title='bbox 935 2185 1015 2210; x_wconf 94' lang='lat' dir='ltr'>non</span> <span class='ocrx_word' id='word_1_239' title='bbox 1038 2170 1121 2210; x_wconf 90' lang='lat' dir='ltr'>sine</span> <span class='ocrx_word' id='word_1_240' title='bbox 1145 2171 1323 2210; x_wconf 85' lang='lat' dir='ltr'>molestis</span> <span class='ocrx_word' id='word_1_241' title='bbox 1343 2172 1562 2212; x_wconf 85' lang='lat' dir='ltr'>verborum</span> <span class='ocrx_word' id='word_1_242' title='bbox 1583 2170 1842 2226; x_wconf 86' lang='lat' dir='ltr'>ambagibus,</span> 
     </span>
     <span class='ocr_line' id='line_1_31' title="bbox 390 2237 1842 2294; baseline -0.003 -13"><span class='ocrx_word' id='word_1_243' title='bbox 390 2241 668 2282; x_wconf 85' lang='lat' dir='ltr'>inculcantur:</span> <span class='ocrx_word' id='word_1_244' title='bbox 715 2255 809 2294; x_wconf 86' lang='lat' dir='ltr'>quae</span> <span class='ocrx_word' id='word_1_245' title='bbox 841 2248 975 2280; x_wconf 86' lang='lat' dir='ltr'>tamen</span> <span class='ocrx_word' id='word_1_246' title='bbox 1009 2238 1131 2278; x_wconf 89' lang='lat' dir='ltr'>variis</span> <span class='ocrx_word' id='word_1_247' title='bbox 1159 2239 1279 2278; x_wconf 85' lang='lat' dir='ltr'>bonae</span> <span class='ocrx_word' id='word_1_248' title='bbox 1312 2239 1443 2294; x_wconf 86' lang='lat' dir='ltr'>frugis</span> <span class='ocrx_word' id='word_1_249' title='bbox 1475 2237 1842 2286; x_wconf 86' lang='lat' dir='ltr'>observationibus,</span> 
     </span>
     <span class='ocr_line' id='line_1_32' title="bbox 391 2304 1844 2363; baseline -0.003 -15"><span class='ocrx_word' id='word_1_250' title='bbox 391 2308 725 2363; x_wconf 82' lang='lat' dir='ltr'>optimorumque</span> <span class='ocrx_word' id='word_1_251' title='bbox 746 2317 976 2355; x_wconf 87' lang='lat' dir='ltr'>auctorum,</span> <span class='ocrx_word' id='word_1_252' title='bbox 998 2320 1176 2360; x_wconf 87' lang='lat' dir='ltr'>quorum</span> <span class='ocrx_word' id='word_1_253' title='bbox 1209 2305 1358 2360; x_wconf 89' lang='lat' dir='ltr'>scripta</span> <span class='ocrx_word' id='word_1_254' title='bbox 1381 2305 1433 2344; x_wconf 92' lang='lat' dir='ltr'>ad</span> <span class='ocrx_word' id='word_1_255' title='bbox 1464 2319 1535 2344; x_wconf 87' lang='lat' dir='ltr'>nos</span> <span class='ocrx_word' id='word_1_256' title='bbox 1564 2304 1674 2344; x_wconf 90' lang='lat' dir='ltr'>haud</span> <span class='ocrx_word' id='word_1_257' title='bbox 1704 2319 1844 2359; x_wconf 90' lang='lat' dir='ltr'>perve-</span> 
     </span>
     <span class='ocr_line' id='line_1_33' title="bbox 393 2371 1844 2428; baseline -0.004 -12"><span class='ocrx_word' id='word_1_258' title='bbox 393 2387 556 2424; x_wconf 86' lang='lat' dir='ltr'>nerunt,</span> <span class='ocrx_word' id='word_1_259' title='bbox 591 2375 830 2416; x_wconf 83' lang='lat' dir='ltr'>testimoniis</span> <span class='ocrx_word' id='word_1_260' title='bbox 861 2374 1084 2428; x_wconf 86' lang='lat' dir='ltr'>interjectis</span> <span class='ocrx_word' id='word_1_261' title='bbox 1118 2381 1447 2427; x_wconf 86' lang='lat' dir='ltr'>compensantur.</span> <span class='ocrx_word' id='word_1_262' title='bbox 1521 2371 1666 2426; x_wconf 85' lang='lat' dir='ltr'>Hujus</span> <span class='ocrx_word' id='word_1_263' title='bbox 1705 2371 1762 2410; x_wconf 90' lang='lat' dir='ltr'>rei</span> <span class='ocrx_word' id='word_1_264' title='bbox 1797 2379 1844 2410; x_wconf 92' lang='lat' dir='ltr'>ut</span> 
     </span>
     <span class='ocr_line' id='line_1_34' title="bbox 392 2438 1841 2497; baseline -0.004 -13"><span class='ocrx_word' id='word_1_265' title='bbox 392 2444 570 2484; x_wconf 87' lang='lat' dir='ltr'>babeant</span> <span class='ocrx_word' id='word_1_266' title='bbox 599 2442 724 2483; x_wconf 87' lang='lat' dir='ltr'>veluti</span> <span class='ocrx_word' id='word_1_267' title='bbox 754 2453 924 2497; x_wconf 88' lang='lat' dir='ltr'>gustum</span> <span class='ocrx_word' id='word_1_268' title='bbox 954 2441 1130 2495; x_wconf 89' lang='lat' dir='ltr'>aliquem</span> <span class='ocrx_word' id='word_1_269' title='bbox 1156 2439 1230 2480; x_wconf 89' lang='lat' dir='ltr'>viri</span> <span class='ocrx_word' id='word_1_270' title='bbox 1251 2439 1374 2488; x_wconf 89' lang='lat' dir='ltr'>docti,</span> <span class='ocrx_word' id='word_1_271' title='bbox 1398 2438 1506 2479; x_wconf 89' lang='lat' dir='ltr'>locos</span> <span class='ocrx_word' id='word_1_272' title='bbox 1536 2438 1693 2494; x_wconf 88' lang='lat' dir='ltr'>aliquot</span> <span class='ocrx_word' id='word_1_273' title='bbox 1715 2440 1841 2478; x_wconf 84' lang='lat' dir='ltr'>Pom-</span> 
     </span>
     <span class='ocr_line' id='line_1_35' title="bbox 392 2507 1843 2566; baseline -0.003 -16"><span class='ocrx_word' id='word_1_274' title='bbox 392 2511 486 2566; x_wconf 89' lang='lat' dir='ltr'>peii,</span> <span class='ocrx_word' id='word_1_275' title='bbox 516 2525 619 2564; x_wconf 89' lang='lat' dir='ltr'>quos</span> <span class='ocrx_word' id='word_1_276' title='bbox 649 2509 690 2549; x_wconf 92' lang='lat' dir='ltr'>in</span> <span class='ocrx_word' id='word_1_277' title='bbox 722 2508 955 2549; x_wconf 87' lang='lat' dir='ltr'>adversaria</span> <span class='ocrx_word' id='word_1_278' title='bbox 985 2523 1075 2548; x_wconf 85' lang='lat' dir='ltr'>mea</span> <span class='ocrx_word' id='word_1_279' title='bbox 1106 2508 1372 2563; x_wconf 86' lang='lat' dir='ltr'>conjeceram,</span> <span class='ocrx_word' id='word_1_280' title='bbox 1404 2507 1469 2548; x_wconf 90' lang='lat' dir='ltr'>hic</span> <span class='ocrx_word' id='word_1_281' title='bbox 1501 2507 1730 2548; x_wconf 81' lang='lat' dir='ltr'>adscribere</span> <span class='ocrx_word' id='word_1_282' title='bbox 1764 2521 1843 2546; x_wconf 92' lang='lat' dir='ltr'>non</span> 
     </span>
     <span class='ocr_line' id='line_1_36' title="bbox 392 2577 607 2634; baseline -0.009 -16"><span class='ocrx_word' id='word_1_283' title='bbox 392 2577 607 2634; x_wconf 89' lang='lat' dir='ltr'>gravabor.</span> 
     </span>
    </p>
   </div>
   <div class='ocr_carea' id='block_1_3' title="bbox 454 2698 1847 2835">
    <p class='ocr_par' dir='ltr' id='par_1_6' title="bbox 454 2698 1847 2835">
     <span class='ocr_line' id='line_1_37' title="bbox 761 2698 1471 2753; baseline -0.003 -13"><span class='ocrx_word' id='word_1_284' title='bbox 761 2699 849 2740; x_wconf 90' lang='lat' dir='ltr'>Ubi</span> <span class='ocrx_word' id='word_1_285' title='bbox 871 2699 921 2739; x_wconf 92' lang='lat' dir='ltr'>de</span> <span class='ocrx_word' id='word_1_286' title='bbox 942 2699 1085 2740; x_wconf 85' lang='lat' dir='ltr'>litteris</span> <span class='ocrx_word' id='word_1_287' title='bbox 1106 2698 1204 2753; x_wconf 84' lang='lat' dir='ltr'>agit,</span> <span class='ocrx_word' id='word_1_288' title='bbox 1227 2698 1302 2739; x_wconf 86' lang='lat' dir='ltr'>ista</span> <span class='ocrx_word' id='word_1_289' title='bbox 1326 2698 1471 2738; x_wconf 85' lang='lat' dir='ltr'>habet:</span> 
     </span>
     <span class='ocr_line' id='line_1_38' title="bbox 454 2776 1847 2835; baseline -0.005 -15"><span class='ocrx_word' id='word_1_290' title='bbox 454 2780 659 2835; x_wconf 75' lang='lat' dir='ltr'>Legimus</span> <span class='ocrx_word' id='word_1_291' title='bbox 686 2778 801 2833; x_wconf 75' lang='lat' dir='ltr'>apud</span> <span class='ocrx_word' id='word_1_292' title='bbox 827 2779 1003 2832; x_wconf 75' lang='lat' dir='ltr'>majores</span> <span class='ocrx_word' id='word_1_293' title='bbox 1029 2783 1204 2826; x_wconf 65' lang='lat' dir='ltr'>nostros,</span> <span class='ocrx_word' id='word_1_294' title='bbox 1220 2778 1386 2832; x_wconf 71' lang='lat' dir='ltr'>primas</span> <span class='ocrx_word' id='word_1_295' title='bbox 1407 2776 1521 2832; x_wconf 79' lang='lat' dir='ltr'>apud</span> <span class='ocrx_word' id='word_1_296' title='bbox 1541 2776 1751 2815; x_wconf 73' lang='lat' dir='ltr'>Romanos</span> <span class='ocrx_word' id='word_1_297' title='bbox 1771 2789 1847 2814; x_wconf 76' lang='lat' dir='ltr'>un-</span> 
     </span>
    </p>
   </div>
   <div class='ocr_carea' id='block_1_4' title="bbox 388 2842 1848 2969">
    <p class='ocr_par' dir='ltr' id='par_1_7' title="bbox 388 2842 1848 2969">
     <span class='ocr_line' id='line_1_39' title="bbox 393 2842 1844 2899; baseline -0.006 -11"><span class='ocrx_word' id='word_1_298' title='bbox 393 2848 521 2888; x_wconf 72' lang='lat' dir='ltr'>decim</span> <span class='ocrx_word' id='word_1_299' title='bbox 543 2847 704 2886; x_wconf 66' lang='lat' dir='ltr'>litteras</span> <span class='ocrx_word' id='word_1_300' title='bbox 715 2845 866 2899; x_wconf 66' lang='lat' dir='ltr'>flasse</span> <span class='ocrx_word' id='word_1_301' title='bbox 887 2845 1182 2893; x_wconf 77' lang='lat' dir='ltr'>tantummodo,</span> <span class='ocrx_word' id='word_1_302' title='bbox 1203 2850 1249 2884; x_wconf 81' lang='lat' dir='ltr'>ut</span> <span class='ocrx_word' id='word_1_303' title='bbox 1270 2845 1372 2884; x_wconf 67' lang='lat' dir='ltr'>dicit</span> <span class='ocrx_word' id='word_1_304' title='bbox 1395 2844 1543 2884; x_wconf 75' lang='lat' dir='ltr'>Caesar</span> <span class='ocrx_word' id='word_1_305' title='bbox 1571 2842 1675 2882; x_wconf 75' lang='lat' dir='ltr'>libro</span> <span class='ocrx_word' id='word_1_306' title='bbox 1702 2842 1844 2881; x_wconf 76' lang='lat' dir='ltr'>analo-</span> 
     </span>
     <span class='ocr_line' id='line_1_40' title="bbox 388 2909 1848 2969; baseline -0.004 -15"><span class='ocrx_word' id='word_1_307' title='bbox 388 2916 569 2969; x_wconf 73' lang='lat' dir='ltr'>giarum</span> <span class='ocrx_word' id='word_1_308' title='bbox 596 2914 749 2968; x_wconf 74' lang='lat' dir='ltr'>primo.</span> <span class='ocrx_word' id='word_1_309' title='bbox 808 2913 862 2952; x_wconf 80' lang='lat' dir='ltr'>In</span> <span class='ocrx_word' id='word_1_310' title='bbox 892 2912 997 2953; x_wconf 80' lang='lat' dir='ltr'>libro</span> <span class='ocrx_word' id='word_1_311' title='bbox 1027 2913 1327 2968; x_wconf 66' lang='lat' dir='ltr'>analogiarum</span> <span class='ocrx_word' id='word_1_312' title='bbox 1357 2912 1505 2952; x_wconf 66' lang='lat' dir='ltr'>Coesar</span> <span class='ocrx_word' id='word_1_313' title='bbox 1534 2910 1605 2950; x_wconf 78' lang='lat' dir='ltr'>hoc</span> <span class='ocrx_word' id='word_1_314' title='bbox 1635 2909 1749 2959; x_wconf 63' lang='lat' dir='ltr'>dicit,</span> <span class='ocrx_word' id='word_1_315' title='bbox 1771 2924 1848 2949; x_wconf 77' lang='lat' dir='ltr'>mz-</span> 
     </span>
    </p>
   </div>
  </div>
 </body>
</html>
