1962 3355
361 212 422 263 72
880 205 1036 253 Marii
1063 208 1302 254 Victorini
1661 223 1709 253 L1
1720 214 1761 253 B'.
1782 223 1816 253 1.

322 341 338 373 5
361 326 504 372 Unde
539 326 719 375 dictum
751 328 900 374 melos
934 329 1126 374 brachia
1161 329 1341 374 seilicet
1371 336 1417 374 et
1448 328 1640 374 femina.
1709 328 1816 374 Nec

359 402 406 448 in
433 412 583 449 metro
608 404 734 467 apud
759 404 988 467 quosdam
1030 405 1131 451 haec
1164 405 1483 451 communiter
1513 404 1631 450 mele
1656 406 1816 468 appel-

358 478 527 535 lantur,
545 498 649 543 quae
674 499 759 527 nos
785 481 993 527 carmina
1013 481 1377 543 interpretamur
1394 488 1441 525 et
1462 481 1691 536 membra,
1710 499 1815 542 quae

319 565 339 596 6
357 556 513 601 nmele
539 557 692 603 Graeci
729 557 878 603 divisa
914 558 1233 603 membrorum
1261 564 1446 603 vocant.
1517 556 1676 602 Partes
1702 575 1814 619 ergo

355 647 529 685 versus,
555 650 663 678 cum
690 649 748 678 ex
773 650 827 678 ea
851 650 944 694 qua
967 632 1248 694 conjunctus
1274 640 1373 678 erat
1402 640 1534 695 parte
1570 631 1815 677 ⁰dissolvi-

355 714 445 763 tur,
473 708 575 753 cola
611 707 873 762 Pefficient3
911 726 1018 755 cum
1046 726 1155 754 vero
1188 727 1241 755 ea
1272 726 1364 771 qua
1401 708 1683 770 conjunctus
1716 717 1814 754 erat

354 791 487 845 parte
534 783 806 840 absciditur,
843 784 1089 847 particula,
1130 802 1235 847 quae
1278 784 1488 830 qdivulsa
1530 801 1590 830 ex
1630 801 1686 829 eo
1727 793 1812 840 est,

353 876 544 905 comma
568 860 765 916 dicetur,
790 869 842 905 ut
867 861 913 905 in
950 860 1039 906 illis
1064 879 1223 906 versus
1260 861 1480 915 solvatur,
1505 860 1552 905 in
1591 859 1664 905 his
1701 868 1813 905 rcae-

317 949 333 980 7
352 934 502 980 datur.
539 935 669 980 Nam
692 935 932 992 periodus,
954 944 1081 998 Squae
1108 936 1280 982 Latina
1304 935 1691 998 interpretatione
1719 936 1811 980 cir-

353 1010 508 1056 cuitus
538 1010 611 1056 vel
649 1011 858 1056 ambitus
888 1020 1098 1067 vocatur,
1128 1011 1174 1056 id
1206 1020 1290 1065 est,
1316 1010 1598 1074 compositio
1632 1009 1807 1073 pedum

351 1085 495 1131 trium
534 1085 604 1131 vel
640 1088 886 1148 tquattuor
920 1087 992 1133 vel
1031 1087 1347 1150 complurium
1398 1086 1623 1132 similium
1667 1096 1810 1148 atque

350 1160 688 1218 vabsimilium,
725 1161 781 1207 ad
819 1162 865 1207 id
901 1162 1084 1208 rediens
1115 1163 1238 1209 unde
1271 1163 1518 1209 exordium
1552 1163 1809 1225 Wsumpsit,

351 1237 472 1282 sicut
496 1237 723 1300 temporis
761 1238 977 1297 lustrum,
1001 1239 1073 1284 vel
1111 1257 1347 1285 sacrorum
1388 1238 1626 1294 trieterici‚
1649 1238 1722 1285 vel
1760 1238 1805 1283 in

349 1314 694 1375 xpoematibus,
721 1314 914 1376 quando
939 1332 1032 1361 non
1070 1333 1229 1360 versus
1264 1314 1424 1360 -Vomni
1465 1315 1600 1360 metri
1638 1331 1808 1376 genere

349 1399 639 1452 panguntur,
665 1390 744 1436 sed
782 1408 838 1436 ex
865 1391 1002 1437 variis
1034 1391 1245 1437 versibus
1278 1408 1466 1437 carmen
1503 1385 1645 1436 omne
1678 1405 1809 1435 com-

348 1465 557 1528 positum
587 1484 670 1529 per
694 1467 945 1513 circuitum
972 1467 1212 1529 quendam
1241 1467 1297 1513 ad
1322 1466 1533 1513 ordinem
1562 1483 1700 1512 suum
1727 1465 1808 1510 de-

311 1554 329 1583 8
350 1542 507 1587 currit.
547 1542 734 1604 Περίοδος
754 1543 927 1589 dicitur
945 1544 1099 1589 omnis
1119 1545 1407 1590 zhexametri
1429 1560 1586 1588 versus
1608 1541 1803 1587 modum

349 1616 596 1671 excedens,
625 1618 747 1664 unde
773 1637 825 1665 ea
851 1637 954 1681 quac
992 1619 1188 1665 modum
1222 1629 1268 1665 et
1304 1635 1572 1664 mensuram
1613 1617 1806 1673 liabent,

351 1702 499 1738 metra
524 1693 648 1740 dicta
674 1704 796 1740 sunt.
867 1694 1092 1741 Subsistit
1126 1705 1281 1741 autem
1314 1711 1372 1741 ex
1397 1702 1650 1748 commate,
1676 1694 1806 1748 colis,

349 1777 396 1813 et
421 1769 648 1815 versibus.

721 1902 854 1954 CAP.
886 1903 1038 1954 XIV.
1110 1905 1194 1956 De
1233 1905 1416 1955 Versu.

413 1997 587 2043 Versus
625 2007 710 2055 est,
747 2008 799 2044 ut
834 1999 1031 2045 Varroni
1074 2000 1244 2063 placet,
1281 2001 1531 2046 verborum
1563 1998 1804 2060 junctura,

348 2091 453 2135 quae
479 2092 562 2136 per
585 2075 805 2120 articulos
841 2084 888 2121 et
917 2086 1158 2123 commata
1193 2085 1275 2122 aac
1312 2076 1564 2139 rhythmos
1590 2075 1805 2121 modula-

313 2164 330 2185 2
349 2157 426 2194 tur
451 2149 496 2194 in
520 2149 679 2212 pedes.
739 2152 917 2214 Incipit
941 2161 1099 2197 autem
1127 2171 1151 2198 a
1175 2152 1394 2208 dimetro,
1418 2160 1465 2196 et
1488 2151 1701 2214 procedit
1727 2169 1803 2196 us-

349 2242 442 2286 que
479 2224 534 2270 ad
574 2225 955 2282 bhexametrum,
997 2228 1044 2273 in
1082 2228 1153 2273 his
1189 2228 1439 2273 dumtaxat
1474 2226 1682 2272 versibus
1720 2226 1801 2288 qui

310 2321 329 2350 3
349 2318 432 2363 per
455 2301 665 2363 singulos
691 2302 833 2364 pedes
859 2301 1159 2349 dirimuntur.
1229 2303 1285 2348 In
1311 2303 1402 2348 illis
1428 2311 1584 2348 autem
1612 2302 1693 2364 qui
1719 2319 1802 2365 per

349 2376 615 2440 cdipodiam
659 2394 808 2440 usque
853 2378 909 2424 ad
950 2387 1277 2425 tetrametrum
1319 2378 1391 2424 vel
1430 2387 1800 2442 pentametrum,

403 2516 422 2535 n
444 2509 557 2557 mele]
584 2509 693 2546 melle
712 2510 751 2546 P.
899 2518 917 2537 o
937 2509 1164 2557 dissolvitur]
1187 2509 1381 2546 disolvitur
1397 2510 1435 2545 P.
1581 2516 1600 2543 P
1620 2508 1797 2556 efficient]

348 2562 458 2599 efficit
480 2563 519 2598 P.
611 2570 631 2598 q
650 2563 808 2610 divulsa]
835 2561 974 2598 divolsa
994 2564 1033 2598 P.
1122 2570 1136 2589 r
1156 2563 1334 2610 caedatur]
1359 2563 1510 2599 cedatur
1530 2563 1570 2598 P.
1663 2568 1678 2587 s
1697 2563 1796 2610 quae]

348 2614 408 2663 qui
431 2616 470 2650 P.
554 2618 563 2637 t
584 2615 1063 2664 quatuor—complurium]
1087 2615 1549 2665 quattuor—complurum
1573 2616 1611 2650 P.
1695 2622 1713 2640 V
1733 2615 1799 2650 ab·

347 2667 542 2716 similium]
567 2668 847 2705 abdissimilium
870 2669 910 2704 P.
1079 2676 1107 2694 W
1129 2670 1275 2711 sumsit,
1297 2668 1422 2716 sicuti]
1448 2670 1619 2718 sumpsit,
1641 2667 1737 2704 sicut
1757 2668 1796 2703 P.

345 2727 365 2747 Χ
385 2721 636 2770 poematibus]
659 2724 843 2771 poetnatis
864 2722 902 2757 P.
1027 2729 1046 2756 Y
1066 2722 1185 2768 omni]
1210 2734 1340 2758 omnes
1357 2722 1396 2757 P.
1533 2728 1551 2747 Ζ
1571 2721 1795 2767 hexametri]

343 2773 519 2810 exametri
540 2775 579 2810 P.
735 2781 754 2800 a
773 2788 814 2811 ac
835 2775 1042 2823 rhythmos]
1067 2776 1254 2823 arythmos
1275 2775 1314 2810 P.
1475 2772 1495 2800 b
1516 2775 1790 2821 hexametrum]

341 2835 570 2863 exametrum
592 2828 633 2864 P.
655 2836 692 2864 et
712 2840 810 2863 mox.
944 2834 960 2853 ⁰
979 2827 1184 2876 dipodiam]
1210 2822 1382 2876 dipodian
1406 2827 1445 2862 P.

441 2940 476 2977 5.
499 2930 581 2967 Nec
602 2930 639 2967 in
663 2932 800 2979 metro]
825 2930 1057 2968 Camerarius
1077 2929 1180 2980 legit,
1205 2931 1280 2966 Nec
1299 2931 1486 2967 immerito.
1518 2929 1693 2966 COMM.
