1962 3355
93 193 201 222 CAP.
227 188 270 234 9.
496 176 579 222 De
602 175 706 222 rell.
731 175 936 221 Horatii
960 175 1140 220 metris.
1448 182 1538 219 331

90 297 320 344 Detracta
355 298 481 344 enim
519 297 732 343 trimetro
757 296 937 359 syllaba
972 295 1086 341 fecit
1122 294 1257 339 illum
1295 293 1545 339 minorem.

93 374 487 431 Concinnatione,
510 383 753 436 tanquam,
1567 375 1603 396 ²²

321 452 422 492 Jam
442 451 545 491 satis
567 451 692 490 terris
713 449 828 489 nivis
847 454 968 503 atque
989 447 1110 486 dirce.

94 541 201 586 pars
237 523 363 569 enim
401 523 660 570 tetrametri
696 521 823 584 prior
857 537 967 566 cum
1002 519 1155 582 priore
1190 518 1389 564 trimetri
1419 525 1550 581 parte

95 599 351 645 commissa
375 608 460 645 est.
530 597 901 653 permutatione,
926 606 1170 659 tanquam,

328 676 588 715 Occasionem
609 674 657 714 de
676 675 741 714 dz'e
761 674 937 729 dumque
959 674 1096 713 virent
1109 686 1270 728 genua.

96 748 225 794 Nam
269 766 379 795 cum
417 747 734 794 Archilochus
784 746 909 792 heroi
958 755 1138 809 partem
1187 745 1390 809 priorem
1441 761 1550 789 cum
1571 765 1608 794 23

97 824 288 870 iambici
329 825 483 888 priore
530 832 662 887 parte
704 823 1031 879 lcommiserit,
1066 822 1130 868 ita
1167 831 1218 868 ut
1255 819 1553 867 antecederet

98 901 340 946 mheroum
370 901 418 945 in
447 900 573 945 hunc
599 899 812 956 modum,

271 977 462 1017 Scribere
484 976 706 1016 versiculos
726 989 865 1015 amore
875 989 1123 1031 percussum
1138 976 1273 1031 gravi
1292 992 1305 1021 ‚-

100 1048 330 1095 Horatius
368 1047 654 1104 immutavit,
678 1057 730 1093 ut
762 1047 1060 1095 antecederet
1096 1047 1286 1094 iambici
1324 1064 1447 1110 pars,
1486 1063 1555 1091 se-

99 1135 322 1187 queretur
347 1125 491 1179 heroi,
517 1124 599 1179 sic,

327 1202 614 1240 ssOecasz'onem
635 1200 684 1239 de
704 1200 770 1239 die
791 1201 967 1255 dumque
987 1201 1125 1239 virent
1139 1213 1297 1254 gemla.

101 1283 147 1320 et
171 1291 279 1319 cum
308 1291 368 1319 ex
394 1273 668 1319 Galliambo
698 1273 959 1318 ⁰Sotadeus
996 1275 1091 1329 fiat,
1116 1290 1176 1317 ex
1213 1271 1418 1318 Sotadeo
1445 1272 1560 1317 Gal-

101 1355 305 1400 liambus
327 1375 337 1407 3
377 1357 546 1416 utjam
574 1354 906 1400 demonstravi.

168 1431 333 1477 Habet
352 1439 540 1477 Pautem
570 1440 826 1478 metrorum
848 1431 1205 1495 contemplatio,
1224 1430 1260 1476 si
1286 1430 1561 1476 exercitatio
1580 1448 1619 1478 24

100 1507 312 1565 accessit,
331 1507 376 1553 in
399 1508 730 1571 cognoscendo
749 1509 1060 1571 voluptatem,
1077 1525 1184 1553 cum
1203 1517 1250 1553 et
1265 1525 1562 1570 quaecunque

101 1584 326 1631 dicuntur
350 1595 498 1631 metra
523 1585 735 1632 celeriter
759 1585 1082 1648 intelligamus
1113 1584 1237 1631 unde
1263 1584 1370 1642 sint,
1398 1594 1444 1630 et
1469 1602 1561 1646 qua

102 1661 283 1706 ratione
314 1662 594 1725 composita,
619 1671 666 1707 ct
702 1663 852 1707 multa
878 1662 963 1725 ipsi
1004 1661 1273 1723 excogitare
1309 1661 1561 1723 possimus.

103 1736 234 1782 Nam
256 1736 291 1782 si
312 1737 494 1783 loculus
517 1737 594 1783 ille
614 1738 950 1784 Archimedius
970 1736 1348 1798 quattuordecim
1371 1737 1562 1781 eboreas
1584 1758 1620 1788 25

105 1813 334 1867 lamellas,
359 1831 557 1875 quarum
591 1814 778 1876 ‘languli
805 1814 915 1860 varii
946 1823 1069 1868 sunt,
1095 1812 1141 1857 in
1169 1811 1448 1873 quadratam
1470 1811 1564 1856 for-

108 1905 236 1934 mam
266 1888 468 1934 inclusas
494 1889 654 1947 habet,
680 1889 1077 1953 componentibus
1104 1888 1240 1932 nohis
1265 1887 1399 1933 aliter
1424 1895 1566 1948 atque

108 1964 256 2020 aliter,
278 1964 421 2010 modo
439 1965 637 2027 galeam,
656 1966 796 2012 modo
815 1966 1000 2021 rsicam,
1017 1965 1129 2011 alias
1146 1964 1435 2021 columnam,
1454 1963 1567 2009 alias

109 2057 274 2085 navem
303 2041 490 2102 figurat,
516 2052 562 2087 et
588 2042 953 2088 innumerabiles
976 2041 1121 2087 efficit
1145 2041 1339 2104 specieS,
1364 2041 1569 2086 solebat-

109 2133 202 2178 que
228 2116 386 2161 Snobis
412 2118 568 2179 pueris
596 2118 673 2164 hic
698 2118 880 2164 loculus
907 2118 962 2164 ad
989 2117 1363 2163 confirmandam
1387 2134 1568 2162 memo-

107 2191 224 2237 riam
251 2191 533 2254 tplurimum
563 2194 808 2257 prodesse:
849 2204 1027 2256 quanto
1048 2193 1273 2254 majorem
1301 2202 1459 2256 potest
1483 2211 1568 2238 no-

109 2268 180 2313 bis
227 2267 386 2314 afferre
427 2269 738 2333 voluptatem,
775 2279 1049 2333 quantoque
1095 2269 1356 2333 pleniorem
1396 2269 1571 2316 utilita-

109 2352 223 2398 tem,
250 2344 460 2391 carmina
486 2346 606 2392 inter
632 2365 799 2393 manus
834 2347 1136 2403 habentibus,
1163 2355 1420 2392 metrorum
1447 2345 1571 2391 varia

110 2421 346 2478 tractatio,
370 2439 478 2467 cum
507 2423 706 2469 subinde
732 2423 858 2487 apud
891 2432 1053 2487 poetas
1080 2441 1134 2469 ea
1160 2440 1265 2485 quae
1289 2422 1461 2469 fallunt
1485 2422 1573 2468 im-

112 2497 286 2562 peritos
313 2508 462 2544 metra
485 2498 660 2545 inserta
685 2500 894 2546 numeris
915 2510 960 2546 et
981 2499 1257 2545 intermixta
1282 2499 1572 2545 carminibus

167 2633 179 2661 l
198 2635 451 2682 composuerit]
475 2640 686 2673 commiserit
706 2638 751 2673 V.
863 2645 893 2664 ¹¹¹
914 2639 1078 2685 heroum]
1104 2639 1232 2673 herous
1255 2638 1297 2673 V.
1424 2644 1438 2659 ‘¹
1463 2638 1573 2672 Oeca-

113 2690 246 2724 sionem
269 2690 312 2723 de
340 2690 398 2723 (lie
426 2690 581 2736 clamque
607 2692 725 2726 virent
751 2693 889 2739 genua]
918 2704 1040 2727 amore
1062 2703 1268 2739 percussum
1291 2692 1397 2737 gravi
1424 2691 1576 2725 scribere

114 2742 306 2777 versiculos
323 2741 370 2776 V.
392 2753 466 2776 om.
488 2741 592 2777 Med.
690 2750 708 2769 0
729 2744 1006 2792 Sotacleusfiat]
1029 2745 1261 2792 spondeusfit
1282 2744 1327 2779 V.
1423 2750 1442 2777 P
1463 2742 1572 2788 enim]

118 2800 237 2830 autem
260 2794 306 2829 V.
453 2800 473 2827 q
493 2796 619 2841 anguli
639 2797 748 2843 varii]
773 2799 867 2833 varii
885 2799 1018 2844 singuli
1038 2799 1084 2833 V.
1222 2805 1237 2824 Γ
1253 2796 1379 2842 sicam]
1402 2808 1502 2831 suam
1527 2796 1574 2830 V.

118 2854 133 2874 S
155 2848 268 2893 nobis]
293 2847 390 2882 nobis
410 2847 508 2882 nobis
523 2848 571 2883 V.
678 2849 693 2874 t
710 2851 904 2896 plurimum
925 2851 1106 2898 prodesse]
1127 2851 1293 2897 prodesse
1309 2850 1506 2896 plurimum
1528 2847 1574 2882 V.

119 2901 212 2936 Mox
234 2904 369 2947 quanto
390 2898 456 2936 bis.
478 2913 546 2948 pro
567 2903 721 2948 quando.

778 2975 919 3009 Uu2
