1962 3355
371 180 467 232 478
966 178 1224 225 Diomedis
1632 194 1731 225 LIB.
1753 194 1827 227 111.

372 294 526 340 labam
565 312 650 361 pro
692 296 834 360 longa
880 297 1082 361 positam
1127 296 1402 351 cinveneris,
1443 296 1570 358 quod
1612 314 1714 343 raro
1760 299 1829 353 fit,

372 388 431 416 ne
477 380 524 417 te
564 382 783 419 moveat:
842 382 999 436 potest
1046 372 1199 419 denirn
1252 373 1352 419 haee
1399 389 1499 417 esse
1545 373 1829 429 eommunis,

372 446 517 510 ddqua
551 466 657 512 pars
698 448 922 495 orationis
957 449 1133 495 finitur.
1205 449 1413 495 Duobus
1454 449 1702 512 anapaestis
1738 459 1829 496 ter-

371 524 592 571 minatur.

332 675 351 703 3
871 654 957 700 De
982 654 1141 701 eodem
1166 654 1328 702 aliter.

437 753 820 798 epentametrum
859 752 1048 815 elegum
1086 763 1274 800 constat
1297 771 1355 800 ex
1385 753 1567 801 duabus
1604 755 1828 818 semiqui-

371 828 529 883 nariis‚
554 826 620 873 fid
645 836 728 884 est,
753 837 805 874 ut
830 829 1060 892 posterior
1084 839 1214 876 tome
1239 829 1359 877 duos
1392 831 1607 895 dactylos
1641 833 1828 888 habeat,

369 915 415 951 et
451 904 762 968 semipedem.
835 905 1043 958 Quidam
1082 924 1190 952 vero
1227 907 1292 953 sie
1329 907 1588 954 scandunt:
1628 908 1824 954 tertium

368 981 539 1046 pedem
566 981 830 1045 spondeum
858 981 1052 1040 faciunt,
1079 991 1129 1028 ut
1155 982 1279 1029 gduo
1308 984 1530 1047 anapaesti
1558 993 1827 1046 sequantur,

367 1067 560 1122 propter
597 1057 725 1120 quod
762 1067 949 1121 oportet
985 1058 1275 1123 semipedem
1313 1060 1479 1123 prioris
1511 1059 1694 1106 htomes
1728 1060 1829 1106 lon·

331 1152 484 1198 4gum
521 1152 635 1180 esse.
705 1134 801 1180 Alii
842 1152 965 1189 vero,
1005 1136 1115 1198 quia
1152 1135 1247 1182 duo
1286 1145 1525 1182 commata
1562 1154 1663 1183 esse
1699 1136 1829 1183 dixe-

367 1220 493 1268 runt,
520 1212 769 1257 voluerunt
802 1212 992 1258 brevem
1020 1230 1120 1259 esse
1157 1223 1203 1258 et
1240 1213 1404 1276 prioris
1435 1222 1587 1259 tomes
1624 1214 1828 1278 semipe-

368 1288 493 1343 dem,
518 1288 628 1350 quia
654 1287 911 1334 novissima
937 1306 1124 1352 semper
1148 1289 1415 1335 indifferens
1441 1298 1526 1347 est,
1550 1288 1712 1352 iatque
1738 1291 1829 1337 hoe

368 1373 568 1411 utuntur
596 1365 834 1427 exemplo,
860 1364 938 1411 kid
973 1375 1043 1411 est
1074 1375 1126 1412 ut
1151 1365 1354 1429 semipes
1384 1374 1567 1429 partem
1604 1366 1827 1413 orationis

367 1441 583 1487 videatur
602 1441 816 1504 implere.
863 1442 991 1488 Nam
1021 1442 1125 1488 talis
1153 1451 1448 1505 pentameter
1469 1441 1683 1488 lvitiosus
1709 1443 1825 1489 erit:

599 1516 673 1572 [H
674 1532 728 1558 cec
747 1525 900 1559 nostra>
920 1533 1075 1574 quoque
1092 1520 1295 1559 sententia
1316 1519 1463 1559 mentis
1483 1519 1610 1575 erat]

369 1590 462 1636 Sed
499 1599 547 1637 et
584 1590 674 1636 hoc
708 1591 1041 1655 accipiendum
1068 1601 1153 1648 est,
1178 1590 1306 1653 quod
1342 1591 1591 1654 geminum
1622 1607 1826 1644 comma,

370 1667 415 1713 id
447 1676 516 1713 est
551 1668 724 1731 elegus,
751 1668 1030 1714 hexametro
1060 1667 1382 1729 subjungitur,
1408 1667 1504 1722 sed,
1530 1676 1583 1713 ut
1607 1666 1828 1712 Archilo-

370 1744 487 1790 chus
513 1744 709 1800 invenit,
734 1753 780 1790 et
805 1744 1040 1808 dactylica
1066 1752 1097 1772 ¹¹¹
1109 1754 1252 1790 tome.

423 1911 440 1930 ⁰
459 1903 636 1948 invenies,
657 1917 738 1953 quae
759 1905 852 1940 ratio
873 1904 931 1948 sit,
954 1917 1001 1940 ne
1028 1912 1187 1940 moveat.
1246 1904 1373 1939 Potest
1398 1902 1498 1939 enirn
1528 1914 1608 1938 esse
1639 1901 1733 1938 ratio
1760 1901 1827 1937 ali-

370 1970 443 2006 qua
458 1970 530 2006 qua
545 1958 645 2006 pars]
671 1960 857 1999 inveneris,
872 1960 966 2005 quod
982 1959 1137 2006 rarofit,
1156 1970 1197 1992 ne
1213 1962 1247 1992 te
1263 1962 1416 1993 moreat.
1451 1958 1538 1991 Post
1555 1961 1588 1991 te
1603 1956 1763 2002 (Potest)
1781 1956 1826 1991 A.

371 2013 462 2046 enim
487 2012 548 2046 hec
572 2024 642 2046 esse
668 2013 862 2047 communis
888 2024 958 2058 qua
983 2024 1072 2058 pars
1091 2011 1184 2047 AB.
1346 2007 1365 2035 d
1385 2008 1484 2045 enim
1510 2010 1608 2056 esse]
1637 2011 1730 2044 enim
1757 2009 1829 2044 hoec

371 2077 443 2099 esse
461 2067 505 2099 A.
553 2065 651 2100 Tun]
674 2067 846 2100 rationis:
878 2077 989 2112 quare
1004 2077 1092 2111 pars
1113 2065 1208 2100 Ven.
1385 2060 1426 2088 dd
1445 2063 1536 2111 qua]
1563 2061 1761 2098 Santenius
1782 2061 1827 2097 ad

370 2118 523 2153 Terent.
545 2118 667 2153 Maur.
699 2131 735 2167 p.
761 2130 847 2166 291.
876 2119 915 2153 F.
949 2119 1043 2164 quia.
1102 2118 1199 2152 Tum
1222 2117 1345 2165 finitis
1374 2116 1582 2152 Putschius.
1695 2123 1711 2143 e
1733 2116 1828 2151 Pen-

371 2178 571 2207 tametruni
608 2170 773 2221 elegum]
817 2173 1083 2207 Pentemetrztm
1117 2172 1276 2217 elegewn
1309 2170 1352 2205 B.
1525 2167 1540 2194 f
1567 2170 1618 2204 ita
1652 2177 1692 2204 ut
1724 2175 1827 2217 post-

372 2225 469 2259 erius
507 2225 671 2271 comma]
722 2226 759 2259 z'cl
795 2230 834 2259 ut
868 2226 1046 2271 posterior
1083 2225 1126 2259 A.
1188 2225 1225 2258 id
1262 2228 1313 2259 est
1351 2228 1393 2258 ut
1430 2223 1609 2269 posterior
1648 2221 1691 2256 B.
1729 2222 1826 2257 Ven.

372 2283 393 2311 g
413 2276 607 2325 anapaesti]
631 2279 701 2313 cluo
722 2279 897 2325 mzczpcestz'
916 2277 1009 2312 A.B.
1039 2278 1138 2312 Turn
1161 2280 1419 2323 consequentur
1442 2276 1485 2311 B.
1618 2272 1640 2299 h
1660 2285 1827 2310 comma-

372 2328 437 2376 tis]
462 2335 570 2366 tomes
590 2331 684 2367 A.B.
707 2338 745 2366 et
765 2330 818 2366 sic
840 2343 937 2366 mox.
959 2342 1065 2365 comae
1086 2330 1180 2365 Ven.
1206 2329 1262 2364 hic
1283 2336 1322 2364 et
1342 2327 1451 2363 infra.
1594 2324 1604 2351 i
1625 2334 1736 2375 atque
1757 2327 1828 2362 hoc

372 2384 547 2430 utuntur]
573 2389 624 2419 est
644 2385 692 2419 ad
713 2396 789 2429 quae
811 2384 876 2418 hoe
894 2388 1048 2418 utuntur
1070 2383 1111 2417 A.
1134 2387 1186 2417 est
1205 2387 1314 2428 atque
1335 2381 1400 2416 hoe
1419 2385 1571 2416 utuntur
1590 2380 1635 2416 B.
1708 2377 1730 2405 k
1749 2379 1825 2422 illo,

373 2435 472 2483 quod
493 2435 606 2472 subiit
625 2437 771 2472 AEsone
798 2443 906 2471 natus
927 2448 1021 2483 opus
1048 2434 1100 2470 ita
1120 2443 1161 2470 ut
1180 2447 1325 2482 semper
1344 2442 1487 2483 partem
1510 2432 1707 2480 orationis]
1731 2435 1769 2469 z'd
1787 2438 1828 2469 ut

376 2489 444 2534 (est
464 2489 527 2535 B.)
550 2491 696 2536 semipes
721 2493 863 2536 partem
884 2489 1056 2523 orationis
1075 2488 1171 2523 AB.
1202 2489 1238 2522 id
1268 2492 1318 2522 est
1348 2492 1388 2522 ut
1413 2499 1549 2534 semper
1570 2492 1714 2534 partem
1745 2499 1827 2522 ora-

376 2543 481 2576 tionis
499 2544 666 2577 videatur
686 2543 831 2588 implere
850 2542 948 2576 Ven.
1100 2538 1111 2566 l
1129 2539 1285 2576 vitiosus
1306 2541 1387 2584 erit,
1411 2541 1505 2576 Haec
1525 2547 1660 2576 nostrae
1681 2552 1829 2589 quoque

373 2594 561 2630 sententia
588 2594 723 2630 mentis
755 2602 844 2630 erat.
894 2591 973 2629 ‘Sed
1005 2601 1042 2630 et
1076 2593 1147 2630 hoe
1179 2592 1436 2642 accipiendum
1471 2601 1539 2635 est,
1566 2594 1757 2643 geminum
1789 2591 1826 2628 in

373 2646 503 2696 epodis
523 2648 737 2683 hexametro
758 2646 1010 2696 subjungitur]
1043 2648 1192 2683 viciosus
1211 2649 1290 2682 erit.
1331 2648 1392 2682 sed
1422 2652 1458 2682 et
1490 2647 1554 2682 hoc
1584 2647 1827 2693 accipiendum

373 2705 423 2735 est
442 2702 536 2746 quod
555 2703 750 2747 genuinum
771 2711 906 2735 comma
928 2701 964 2735 id
983 2704 1034 2735 est
1055 2701 1174 2747 elegus
1194 2706 1375 2736 exametro
1404 2699 1635 2747 subjungitur
1653 2701 1697 2735 A.
1718 2701 1826 2735 vicio-

371 2756 726 2801 sus—accipiendum
759 2758 811 2788 est
843 2754 950 2799 elegis
980 2758 1160 2789 exametro
1189 2753 1420 2801 subjungitur
1441 2754 1485 2789 B.
1531 2754 1618 2788 Hoec
1643 2757 1826 2788 nostroe—

372 2812 451 2842 erat
470 2820 544 2844 om.
568 2807 662 2844 Ven.
685 2805 747 2856 qui
769 2818 854 2842 mox
875 2807 999 2853 elogiis
1018 2819 1085 2856 pro
1106 2808 1237 2853 epozlis.
1402 2813 1434 2832 m
1454 2806 1550 2853 κομὴ]
1575 2811 1666 2842 tome
1682 2806 1725 2842 A.
