<?xml version="1.0" encoding="UTF-8"?>
<!DOCTYPE html PUBLIC "-//W3C//DTD XHTML 1.0 Transitional//EN"
    "http://www.w3.org/TR/xhtml1/DTD/xhtml1-transitional.dtd">
<html xmlns="http://www.w3.org/1999/xhtml" xml:lang="en" lang="en">
 <head>
  <title>
</title>
<meta http-equiv="Content-Type" content="text/html;charset=utf-8" />
  <meta name='ocr-system' content='tesseract 3.04.00' />
  <meta name='ocr-capabilities' content='ocr_page ocr_carea ocr_par ocr_line ocrx_word'/>
</head>
<body>
  <div class='ocr_page' id='page_1' title='image "./scriptoreslatini00gaisuoft/scriptoreslatini00gaisuoft_0539.png"; bbox 0 0 1962 3355; ppageno 0'>
   <div class='ocr_carea' id='block_1_1' title="bbox 141 144 1587 209">
    <p class='ocr_par' dir='ltr' id='par_1_1' title="bbox 141 144 1587 209">
     <span class='ocr_line' id='line_1_1' title="bbox 141 144 1587 209; baseline 0.003 -21"><span class='ocrx_word' id='word_1_1' title='bbox 141 157 247 189; x_wconf 80' lang='lat' dir='ltr'><strong>CAP.</strong></span> <span class='ocrx_word' id='word_1_2' title='bbox 270 151 350 201; x_wconf 85' lang='lat'>39.</span> <span class='ocrx_word' id='word_1_3' title='bbox 649 144 767 192; x_wconf 76' lang='grc' dir='ltr'>Ὠὃαὶ</span> <span class='ocrx_word' id='word_1_4' title='bbox 792 145 908 191; x_wconf 77' lang='lat' dir='ltr'>libri</span> <span class='ocrx_word' id='word_1_5' title='bbox 928 146 1098 209; x_wconf 79' lang='lat' dir='ltr'>quinti.</span> <span class='ocrx_word' id='word_1_6' title='bbox 1498 156 1587 195; x_wconf 84' lang='lat'>521</span> 
     </span>
    </p>
   </div>
   <div class='ocr_carea' id='block_1_2' title="bbox 139 263 1595 389">
    <p class='ocr_par' dir='ltr' id='par_1_2' title="bbox 139 263 1595 389">
     <span class='ocr_line' id='line_1_2' title="bbox 139 263 1595 315; baseline 0.003 -6"><span class='ocrx_word' id='word_1_7' title='bbox 139 263 257 309; x_wconf 77' lang='lat' dir='ltr'><strong>CAP.</strong></span> <span class='ocrx_word' id='word_1_8' title='bbox 282 263 529 312; x_wconf 88' lang='lat' dir='ltr'>XXXIX.</span> <span class='ocrx_word' id='word_1_9' title='bbox 576 270 718 311; x_wconf 90' lang='grc' dir='ltr'>ΩΔΑΙ</span> <span class='ocrx_word' id='word_1_10' title='bbox 749 274 914 312; x_wconf 67' lang='lat' dir='ltr'>amam</span> <span class='ocrx_word' id='word_1_11' title='bbox 949 282 1129 313; x_wconf 67' lang='lat' dir='ltr'>eumn</span> <span class='ocrx_word' id='word_1_12' title='bbox 1161 282 1254 312; x_wconf 74' lang='lat' dir='ltr'>om</span> <span class='ocrx_word' id='word_1_13' title='bbox 1288 282 1492 314; x_wconf 81' lang='lat' dir='ltr'>EPoDON</span> <span class='ocrx_word' id='word_1_14' title='bbox 1521 284 1595 315; x_wconf 87' lang='lat' dir='ltr'>lN-</span> 
     </span>
     <span class='ocr_line' id='line_1_3' title="bbox 727 358 1009 389; baseline 0 -1"><span class='ocrx_word' id='word_1_15' title='bbox 727 358 1009 389; x_wconf 78' lang='lat' dir='ltr'>scmmTUR.</span> 
     </span>
    </p>
   </div>
   <div class='ocr_carea' id='block_1_3' title="bbox 135 429 1633 2329">
    <p class='ocr_par' dir='ltr' id='par_1_3' title="bbox 138 429 1599 869">
     <span class='ocr_line' id='line_1_4' title="bbox 205 429 1595 493; baseline -0.001 -16"><span class='ocrx_word' id='word_1_16' title='bbox 205 432 362 478; x_wconf 86' lang='lat' dir='ltr'>Prima</span> <span class='ocrx_word' id='word_1_17' title='bbox 396 430 484 477; x_wconf 94' lang='lat' dir='ltr'>ode</span> <span class='ocrx_word' id='word_1_18' title='bbox 521 430 778 477; x_wconf 84' lang='lat' dir='ltr'>iambicum</span> <span class='ocrx_word' id='word_1_19' title='bbox 825 438 1028 477; x_wconf 86' lang='lat' dir='ltr'>metrum</span> <span class='ocrx_word' id='word_1_20' title='bbox 1074 429 1218 476; x_wconf 87' lang='lat' dir='ltr'>habet</span> <span class='ocrx_word' id='word_1_21' title='bbox 1255 437 1302 475; x_wconf 93' lang='lat' dir='ltr'>et</span> <span class='ocrx_word' id='word_1_22' title='bbox 1339 446 1423 493; x_wconf 89' lang='lat' dir='ltr'>per</span> <span class='ocrx_word' id='word_1_23' title='bbox 1459 430 1595 476; x_wconf 90' lang='lat' dir='ltr'>binos</span> 
     </span>
     <span class='ocr_line' id='line_1_5' title="bbox 138 505 1596 563; baseline -0.001 -10"><span class='ocrx_word' id='word_1_24' title='bbox 138 525 297 554; x_wconf 90' lang='lat' dir='ltr'>versus</span> <span class='ocrx_word' id='word_1_25' title='bbox 324 508 576 554; x_wconf 84' lang='lat' dir='ltr'>scanditur.</span> <span class='ocrx_word' id='word_1_26' title='bbox 646 507 773 554; x_wconf 91' lang='lat' dir='ltr'>Nam</span> <span class='ocrx_word' id='word_1_27' title='bbox 802 524 925 553; x_wconf 90' lang='lat' dir='ltr'>unus</span> <span class='ocrx_word' id='word_1_28' title='bbox 951 505 1182 552; x_wconf 85' lang='lat' dir='ltr'>iambicus</span> <span class='ocrx_word' id='word_1_29' title='bbox 1209 505 1498 563; x_wconf 81' lang='lat' dir='ltr'><strong>hexameter,</strong></span> <span class='ocrx_word' id='word_1_30' title='bbox 1522 507 1596 552; x_wconf 93' lang='lat' dir='ltr'>vel</span> 
     </span>
     <span class='ocr_line' id='line_1_6' title="bbox 138 582 1595 648; baseline 0 -19"><span class='ocrx_word' id='word_1_31' title='bbox 138 583 366 640; x_wconf 81' lang='lat' dir='ltr'><strong>trimeter,</strong></span> <span class='ocrx_word' id='word_1_32' title='bbox 403 584 475 630; x_wconf 79' lang='lat' dir='ltr'>bsi</span> <span class='ocrx_word' id='word_1_33' title='bbox 517 584 792 648; x_wconf 88' lang='lat' dir='ltr'>compositis</span> <span class='ocrx_word' id='word_1_34' title='bbox 835 601 943 629; x_wconf 91' lang='lat' dir='ltr'>eum</span> <span class='ocrx_word' id='word_1_35' title='bbox 987 583 1060 629; x_wconf 90' lang='lat' dir='ltr'>vel</span> <span class='ocrx_word' id='word_1_36' title='bbox 1103 582 1343 645; x_wconf 88' lang='lat' dir='ltr'>quadratis</span> <span class='ocrx_word' id='word_1_37' title='bbox 1384 583 1595 630; x_wconf 88' lang='lat' dir='ltr'>versibus</span> 
     </span>
     <span class='ocr_line' id='line_1_7' title="bbox 138 659 1598 722; baseline -0.001 -16"><span class='ocrx_word' id='word_1_38' title='bbox 138 660 350 714; x_wconf 87' lang='lat' dir='ltr'>scandas,</span> <span class='ocrx_word' id='word_1_39' title='bbox 387 660 588 715; x_wconf 85' lang='lat' dir='ltr'>dicitur3</span> <span class='ocrx_word' id='word_1_40' title='bbox 640 661 756 707; x_wconf 88' lang='lat' dir='ltr'>alter</span> <span class='ocrx_word' id='word_1_41' title='bbox 792 668 1077 717; x_wconf 82' lang='lat' dir='ltr'><strong>tetrameter,</strong></span> <span class='ocrx_word' id='word_1_42' title='bbox 1110 660 1177 705; x_wconf 81' lang='lat' dir='ltr'>csi</span> <span class='ocrx_word' id='word_1_43' title='bbox 1213 659 1491 722; x_wconf 82' lang='lat' dir='ltr'>simplicius,</span> <span class='ocrx_word' id='word_1_44' title='bbox 1527 660 1598 706; x_wconf 89' lang='lat' dir='ltr'>di-</span> 
     </span>
     <span class='ocr_line' id='line_1_8' title="bbox 141 735 1599 801; baseline 0.001 -19"><span class='ocrx_word' id='word_1_45' title='bbox 141 745 304 791; x_wconf 82' lang='lat' dir='ltr'><strong>meter,</strong></span> <span class='ocrx_word' id='word_1_46' title='bbox 341 735 406 782; x_wconf 87' lang='lat' dir='ltr'>dsi</span> <span class='ocrx_word' id='word_1_47' title='bbox 443 736 718 801; x_wconf 88' lang='lat' dir='ltr'>compositis</span> <span class='ocrx_word' id='word_1_48' title='bbox 758 737 896 782; x_wconf 87' lang='lat' dir='ltr'>rebus</span> <span class='ocrx_word' id='word_1_49' title='bbox 935 735 1190 783; x_wconf 76' lang='lat' dir='ltr'>scanditur.</span> <span class='ocrx_word' id='word_1_50' title='bbox 1267 735 1339 782; x_wconf 91' lang='lat' dir='ltr'><strong>Ut</strong></span> <span class='ocrx_word' id='word_1_51' title='bbox 1375 736 1599 784; x_wconf 82' lang='lat' dir='ltr'><strong>hexame-</strong></span> 
     </span>
     <span class='ocr_line' id='line_1_9' title="bbox 139 812 784 869; baseline 0 -11"><span class='ocrx_word' id='word_1_52' title='bbox 139 821 265 860; x_wconf 88' lang='lat' dir='ltr'>trum</span> <span class='ocrx_word' id='word_1_53' title='bbox 292 813 450 868; x_wconf 85' lang='lat' dir='ltr'>facias,</span> <span class='ocrx_word' id='word_1_54' title='bbox 478 814 545 859; x_wconf 89' lang='lat' dir='ltr'>sic</span> <span class='ocrx_word' id='word_1_55' title='bbox 569 812 784 869; x_wconf 88' lang='lat' dir='ltr'>scandas,</span> 
     </span>
    </p>

    <p class='ocr_par' dir='ltr' id='par_1_4' title="bbox 368 886 1189 944">
     <span class='ocr_line' id='line_1_10' title="bbox 368 886 1189 944; baseline -0.001 -14"><span class='ocrx_word' id='word_1_56' title='bbox 368 890 468 942; x_wconf 68' lang='lat' dir='ltr'>Ibisl</span> <span class='ocrx_word' id='word_1_57' title='bbox 492 890 707 942; x_wconf 65' lang='lat' dir='ltr'>Liburlnz&#39;s</span> <span class='ocrx_word' id='word_1_58' title='bbox 730 886 851 939; x_wconf 71' lang='lat' dir='ltr'>inlter</span> <span class='ocrx_word' id='word_1_59' title='bbox 870 888 969 944; x_wconf 73' lang='lat' dir='ltr'>allta</span> <span class='ocrx_word' id='word_1_60' title='bbox 989 888 1189 940; x_wconf 65' lang='lat' dir='ltr'>malvium.</span> 
     </span>
    </p>

    <p class='ocr_par' dir='ltr' id='par_1_5' title="bbox 135 961 1598 1791">
     <span class='ocr_line' id='line_1_11' title="bbox 141 961 1596 1010; baseline -0.001 -2"><span class='ocrx_word' id='word_1_61' title='bbox 141 962 268 1009; x_wconf 89' lang='lat' dir='ltr'><strong>Ante</strong></span> <span class='ocrx_word' id='word_1_62' title='bbox 306 963 467 1010; x_wconf 90' lang='lat' dir='ltr'>omnia</span> <span class='ocrx_word' id='word_1_63' title='bbox 503 973 660 1009; x_wconf 89' lang='lat' dir='ltr'><strong>tamen</strong></span> <span class='ocrx_word' id='word_1_64' title='bbox 705 961 977 1008; x_wconf 89' lang='lat' dir='ltr'><strong>meminisse</strong></span> <span class='ocrx_word' id='word_1_65' title='bbox 1017 961 1247 1007; x_wconf 88' lang='lat' dir='ltr'>debemus</span> <span class='ocrx_word' id='word_1_66' title='bbox 1288 961 1457 1007; x_wconf 88' lang='lat' dir='ltr'>vitium</span> <span class='ocrx_word' id='word_1_67' title='bbox 1501 978 1596 1006; x_wconf 92' lang='lat' dir='ltr'>non</span> 
     </span>
     <span class='ocr_line' id='line_1_12' title="bbox 141 1038 1598 1103; baseline -0.001 -18"><span class='ocrx_word' id='word_1_68' title='bbox 141 1057 242 1086; x_wconf 88' lang='lat' dir='ltr'>esse</span> <span class='ocrx_word' id='word_1_69' title='bbox 280 1041 327 1086; x_wconf 88' lang='lat' dir='ltr'>in</span> <span class='ocrx_word' id='word_1_70' title='bbox 363 1040 597 1103; x_wconf 88' lang='lat' dir='ltr'>ejusmodi</span> <span class='ocrx_word' id='word_1_71' title='bbox 632 1039 859 1093; x_wconf 87' lang='lat' dir='ltr'>versibus,</span> <span class='ocrx_word' id='word_1_72' title='bbox 896 1038 932 1083; x_wconf 87' lang='lat' dir='ltr'>si</span> <span class='ocrx_word' id='word_1_73' title='bbox 978 1038 1158 1101; x_wconf 88' lang='lat' dir='ltr'>primus</span> <span class='ocrx_word' id='word_1_74' title='bbox 1199 1055 1299 1102; x_wconf 86' lang='lat' dir='ltr'>peS,</span> <span class='ocrx_word' id='word_1_75' title='bbox 1334 1038 1515 1094; x_wconf 86' lang='lat' dir='ltr'>tertius,</span> <span class='ocrx_word' id='word_1_76' title='bbox 1550 1046 1598 1084; x_wconf 88' lang='lat' dir='ltr'>et</span> 
     </span>
     <span class='ocr_line' id='line_1_13' title="bbox 142 1115 1596 1180; baseline 0 -19"><span class='ocrx_word' id='word_1_77' title='bbox 142 1116 340 1178; x_wconf 90' lang='lat' dir='ltr'>quintus</span> <span class='ocrx_word' id='word_1_78' title='bbox 365 1116 559 1180; x_wconf 91' lang='lat' dir='ltr'>spondei</span> <span class='ocrx_word' id='word_1_79' title='bbox 598 1116 720 1161; x_wconf 91' lang='lat' dir='ltr'>inter</span> <span class='ocrx_word' id='word_1_80' title='bbox 751 1124 930 1161; x_wconf 88' lang='lat' dir='ltr'>ceteros</span> <span class='ocrx_word' id='word_1_81' title='bbox 955 1115 1138 1161; x_wconf 90' lang='lat' dir='ltr'>iambos</span> <span class='ocrx_word' id='word_1_82' title='bbox 1164 1115 1491 1170; x_wconf 74' lang='lat' dir='ltr'>eoccurrerint,</span> <span class='ocrx_word' id='word_1_83' title='bbox 1511 1115 1596 1161; x_wconf 88' lang='lat' dir='ltr'>ali-</span> 
     </span>
     <span class='ocr_line' id='line_1_14' title="bbox 140 1191 1597 1255; baseline 0 -17"><span class='ocrx_word' id='word_1_84' title='bbox 140 1193 333 1255; x_wconf 88' lang='lat' dir='ltr'>quando</span> <span class='ocrx_word' id='word_1_85' title='bbox 365 1193 508 1255; x_wconf 82' lang='lat' dir='ltr'>aliqui</span> <span class='ocrx_word' id='word_1_86' title='bbox 535 1211 594 1240; x_wconf 84' lang='lat' dir='ltr'><strong>ex</strong></span> <span class='ocrx_word' id='word_1_87' title='bbox 618 1192 785 1249; x_wconf 88' lang='lat' dir='ltr'>tribus,</span> <span class='ocrx_word' id='word_1_88' title='bbox 810 1191 1065 1254; x_wconf 90' lang='lat' dir='ltr'>aliquando</span> <span class='ocrx_word' id='word_1_89' title='bbox 1091 1193 1270 1245; x_wconf 86' lang='lat' dir='ltr'>nullus;</span> <span class='ocrx_word' id='word_1_90' title='bbox 1306 1201 1352 1238; x_wconf 91' lang='lat' dir='ltr'>et</span> <span class='ocrx_word' id='word_1_91' title='bbox 1384 1192 1471 1238; x_wconf 85' lang='lat' dir='ltr'>erit</span> <span class='ocrx_word' id='word_1_92' title='bbox 1502 1192 1597 1238; x_wconf 90' lang='lat' dir='ltr'>sin-</span> 
     </span>
     <span class='ocr_line' id='line_1_15' title="bbox 139 1267 1596 1332; baseline -0.002 -16"><span class='ocrx_word' id='word_1_93' title='bbox 139 1287 273 1316; x_wconf 89' lang='lat' dir='ltr'>cerus</span> <span class='ocrx_word' id='word_1_94' title='bbox 314 1270 561 1326; x_wconf 81' lang='lat' dir='ltr'>iambicus,</span> <span class='ocrx_word' id='word_1_95' title='bbox 598 1287 691 1315; x_wconf 90' lang='lat' dir='ltr'>non</span> <span class='ocrx_word' id='word_1_96' title='bbox 730 1268 857 1331; x_wconf 90' lang='lat' dir='ltr'>quod</span> <span class='ocrx_word' id='word_1_97' title='bbox 895 1268 960 1314; x_wconf 87' lang='lat' dir='ltr'>ita</span> <span class='ocrx_word' id='word_1_98' title='bbox 999 1268 1276 1332; x_wconf 88' lang='lat' dir='ltr'>appellatur,</span> <span class='ocrx_word' id='word_1_99' title='bbox 1312 1267 1392 1313; x_wconf 88' lang='lat' dir='ltr'>sed</span> <span class='ocrx_word' id='word_1_100' title='bbox 1430 1267 1596 1330; x_wconf 90' lang='lat' dir='ltr'>utique</span> 
     </span>
     <span class='ocr_line' id='line_1_16' title="bbox 139 1343 1596 1410; baseline -0.003 -17"><span class='ocrx_word' id='word_1_101' title='bbox 139 1347 241 1392; x_wconf 86' lang='lat' dir='ltr'>sine</span> <span class='ocrx_word' id='word_1_102' title='bbox 278 1347 443 1393; x_wconf 87' lang='lat' dir='ltr'>alienis</span> <span class='ocrx_word' id='word_1_103' title='bbox 478 1346 695 1410; x_wconf 87' lang='lat' dir='ltr'>pedibus,</span> <span class='ocrx_word' id='word_1_104' title='bbox 718 1345 763 1391; x_wconf 92' lang='lat' dir='ltr'>id</span> <span class='ocrx_word' id='word_1_105' title='bbox 798 1353 882 1399; x_wconf 90' lang='lat' dir='ltr'>est,</span> <span class='ocrx_word' id='word_1_106' title='bbox 909 1345 1008 1390; x_wconf 90' lang='lat' dir='ltr'>sine</span> <span class='ocrx_word' id='word_1_107' title='bbox 1045 1343 1266 1407; x_wconf 89' lang='lat' dir='ltr'>spondeis</span> <span class='ocrx_word' id='word_1_108' title='bbox 1303 1343 1351 1389; x_wconf 89' lang='lat' dir='ltr'>in</span> <span class='ocrx_word' id='word_1_109' title='bbox 1389 1343 1596 1390; x_wconf 90' lang='lat' dir='ltr'>secundo</span> 
     </span>
     <span class='ocr_line' id='line_1_17' title="bbox 138 1419 1595 1485; baseline -0.002 -17"><span class='ocrx_word' id='word_1_110' title='bbox 138 1431 219 1468; x_wconf 91' lang='lat' dir='ltr'>aut</span> <span class='ocrx_word' id='word_1_111' title='bbox 244 1432 413 1485; x_wconf 88' lang='lat' dir='ltr'>quarto</span> <span class='ocrx_word' id='word_1_112' title='bbox 437 1432 484 1468; x_wconf 93' lang='lat' dir='ltr'>et</span> <span class='ocrx_word' id='word_1_113' title='bbox 509 1433 642 1468; x_wconf 86' lang='lat' dir='ltr'>sexto</span> <span class='ocrx_word' id='word_1_114' title='bbox 667 1421 884 1485; x_wconf 88' lang='lat' dir='ltr'>pedibus.</span> <span class='ocrx_word' id='word_1_115' title='bbox 934 1420 982 1466; x_wconf 86' lang='lat' dir='ltr'>Si</span> <span class='ocrx_word' id='word_1_116' title='bbox 1003 1420 1194 1483; x_wconf 90' lang='lat' dir='ltr'>quando</span> <span class='ocrx_word' id='word_1_117' title='bbox 1219 1419 1415 1484; x_wconf 91' lang='lat' dir='ltr'>spondei</span> <span class='ocrx_word' id='word_1_118' title='bbox 1447 1419 1595 1482; x_wconf 78' lang='lat' dir='ltr'>[saliis</span> 
     </span>
     <span class='ocr_line' id='line_1_18' title="bbox 138 1496 1596 1564; baseline -0.001 -20"><span class='ocrx_word' id='word_1_119' title='bbox 138 1498 276 1564; x_wconf 89' lang='lat' dir='ltr'>locis]</span> <span class='ocrx_word' id='word_1_120' title='bbox 316 1499 636 1553; x_wconf 86' lang='lat' dir='ltr'>inveniuntur,</span> <span class='ocrx_word' id='word_1_121' title='bbox 667 1497 890 1544; x_wconf 86' lang='lat' dir='ltr'>vitiosum</span> <span class='ocrx_word' id='word_1_122' title='bbox 929 1514 1113 1543; x_wconf 90' lang='lat' dir='ltr'>versum</span> <span class='ocrx_word' id='word_1_123' title='bbox 1163 1496 1596 1560; x_wconf 80' lang='lat' dir='ltr'>pronuntiabimus.</span> 
     </span>
     <span class='ocr_line' id='line_1_19' title="bbox 137 1573 1595 1637; baseline -0.002 -15"><span class='ocrx_word' id='word_1_124' title='bbox 137 1575 250 1622; x_wconf 93' lang='lat' dir='ltr'>Hoc</span> <span class='ocrx_word' id='word_1_125' title='bbox 276 1585 322 1622; x_wconf 91' lang='lat' dir='ltr'>et</span> <span class='ocrx_word' id='word_1_126' title='bbox 348 1576 394 1622; x_wconf 91' lang='lat' dir='ltr'>in</span> <span class='ocrx_word' id='word_1_127' title='bbox 420 1584 694 1622; x_wconf 82' lang='lat' dir='ltr'><strong>tetrametro</strong></span> <span class='ocrx_word' id='word_1_128' title='bbox 719 1575 1091 1631; x_wconf 82' lang='lat' dir='ltr'>observabimus,</span> <span class='ocrx_word' id='word_1_129' title='bbox 1117 1583 1166 1619; x_wconf 88' lang='lat' dir='ltr'>ut</span> <span class='ocrx_word' id='word_1_130' title='bbox 1189 1573 1396 1637; x_wconf 90' lang='lat' dir='ltr'>primum</span> <span class='ocrx_word' id='word_1_131' title='bbox 1424 1573 1595 1637; x_wconf 90' lang='lat' dir='ltr'>pedem</span> 
     </span>
     <span class='ocr_line' id='line_1_20' title="bbox 135 1650 1597 1716; baseline -0.002 -17"><span class='ocrx_word' id='word_1_132' title='bbox 135 1662 184 1699; x_wconf 91' lang='lat' dir='ltr'>et</span> <span class='ocrx_word' id='word_1_133' title='bbox 203 1653 415 1710; x_wconf 90' lang='lat' dir='ltr'>tertium,</span> <span class='ocrx_word' id='word_1_134' title='bbox 436 1652 720 1716; x_wconf 88' lang='lat' dir='ltr'>spondeum,</span> <span class='ocrx_word' id='word_1_135' title='bbox 740 1652 777 1697; x_wconf 88' lang='lat' dir='ltr'>si</span> <span class='ocrx_word' id='word_1_136' title='bbox 797 1651 988 1715; x_wconf 90' lang='lat' dir='ltr'>quando</span> <span class='ocrx_word' id='word_1_137' title='bbox 1007 1651 1277 1707; x_wconf 88' lang='lat' dir='ltr'>occurrerit,</span> <span class='ocrx_word' id='word_1_138' title='bbox 1293 1650 1597 1714; x_wconf 82' lang='lat' dir='ltr'>recipiamus,</span> 
     </span>
     <span class='ocr_line' id='line_1_21' title="bbox 135 1728 1257 1791; baseline -0.003 -16"><span class='ocrx_word' id='word_1_139' title='bbox 135 1728 397 1775; x_wconf 89' lang='lat' dir='ltr'>secundum</span> <span class='ocrx_word' id='word_1_140' title='bbox 425 1738 472 1775; x_wconf 91' lang='lat' dir='ltr'>et</span> <span class='ocrx_word' id='word_1_141' title='bbox 496 1738 717 1791; x_wconf 87' lang='lat' dir='ltr'>quartum</span> <span class='ocrx_word' id='word_1_142' title='bbox 745 1728 928 1774; x_wconf 89' lang='lat' dir='ltr'>iambos</span> <span class='ocrx_word' id='word_1_143' title='bbox 954 1744 1257 1773; x_wconf 90' lang='lat' dir='ltr'>reservemus.</span> 
     </span>
    </p>

    <p class='ocr_par' dir='ltr' id='par_1_6' title="bbox 137 1802 1629 1936">
     <span class='ocr_line' id='line_1_22' title="bbox 202 1802 1629 1857; baseline -0.002 -6"><span class='ocrx_word' id='word_1_144' title='bbox 202 1804 423 1851; x_wconf 87' lang='lat' dir='ltr'>Secunda</span> <span class='ocrx_word' id='word_1_145' title='bbox 455 1805 543 1851; x_wconf 93' lang='lat' dir='ltr'>ode</span> <span class='ocrx_word' id='word_1_146' title='bbox 580 1805 671 1851; x_wconf 87' lang='lat' dir='ltr'>hoc</span> <span class='ocrx_word' id='word_1_147' title='bbox 709 1804 834 1850; x_wconf 87' lang='lat' dir='ltr'>idem</span> <span class='ocrx_word' id='word_1_148' title='bbox 875 1813 1080 1850; x_wconf 89' lang='lat' dir='ltr'>metrum</span> <span class='ocrx_word' id='word_1_149' title='bbox 1122 1803 1281 1857; x_wconf 87' lang='lat' dir='ltr'>habet,</span> <span class='ocrx_word' id='word_1_150' title='bbox 1306 1812 1352 1849; x_wconf 92' lang='lat' dir='ltr'>et</span> <span class='ocrx_word' id='word_1_151' title='bbox 1377 1802 1629 1849; x_wconf 83' lang='lat' dir='ltr'>similiterz</span> 
     </span>
     <span class='ocr_line' id='line_1_23' title="bbox 137 1879 394 1936; baseline -0.008 -10"><span class='ocrx_word' id='word_1_152' title='bbox 137 1879 394 1936; x_wconf 76' lang='lat' dir='ltr'>scanditur,</span> 
     </span>
    </p>

    <p class='ocr_par' dir='ltr' id='par_1_7' title="bbox 367 1952 1141 2011">
     <span class='ocr_line' id='line_1_24' title="bbox 367 1952 1141 2011; baseline -0.006 -15"><span class='ocrx_word' id='word_1_153' title='bbox 367 1957 539 2011; x_wconf 65' lang='lat' dir='ltr'>Bealtus</span> <span class='ocrx_word' id='word_1_154' title='bbox 559 1956 639 2010; x_wconf 59' lang='lat' dir='ltr'>illle</span> <span class='ocrx_word' id='word_1_155' title='bbox 659 1957 740 2011; x_wconf 68' lang='lat' dir='ltr'>quil</span> <span class='ocrx_word' id='word_1_156' title='bbox 758 1954 914 2011; x_wconf 72' lang='lat' dir='ltr'>procul}</span> <span class='ocrx_word' id='word_1_157' title='bbox 937 1952 1141 2009; x_wconf 70' lang='lat' dir='ltr'>negoltiis.</span> 
     </span>
    </p>

    <p class='ocr_par' dir='ltr' id='par_1_8' title="bbox 201 2033 1630 2092">
     <span class='ocr_line' id='line_1_25' title="bbox 201 2033 1630 2092; baseline -0.007 -4"><span class='ocrx_word' id='word_1_158' title='bbox 201 2041 361 2087; x_wconf 87' lang='lat' dir='ltr'>Tertia</span> <span class='ocrx_word' id='word_1_159' title='bbox 401 2041 490 2087; x_wconf 92' lang='lat' dir='ltr'>ode</span> <span class='ocrx_word' id='word_1_160' title='bbox 533 2041 624 2087; x_wconf 85' lang='lat' dir='ltr'>hoc</span> <span class='ocrx_word' id='word_1_161' title='bbox 665 2040 789 2086; x_wconf 90' lang='lat' dir='ltr'>idem</span> <span class='ocrx_word' id='word_1_162' title='bbox 841 2048 1047 2085; x_wconf 84' lang='lat' dir='ltr'>metrum</span> <span class='ocrx_word' id='word_1_163' title='bbox 1092 2037 1249 2092; x_wconf 82' lang='lat' dir='ltr'>habet,</span> <span class='ocrx_word' id='word_1_164' title='bbox 1289 2044 1337 2082; x_wconf 87' lang='lat' dir='ltr'>et</span> <span class='ocrx_word' id='word_1_165' title='bbox 1377 2033 1596 2080; x_wconf 88' lang='lat' dir='ltr'>similiter</span> <span class='ocrx_word' id='word_1_166' title='bbox 1613 2051 1630 2079; x_wconf 74' lang='lat'>3</span> 
     </span>
    </p>

    <p class='ocr_par' dir='ltr' id='par_1_9' title="bbox 136 2118 1633 2329">
     <span class='ocr_line' id='line_1_26' title="bbox 136 2118 394 2171; baseline -0.004 -8"><span class='ocrx_word' id='word_1_167' title='bbox 136 2118 394 2171; x_wconf 83' lang='lat' dir='ltr'>scanditur,</span> 
     </span>
     <span class='ocr_line' id='line_1_27' title="bbox 366 2189 1207 2250; baseline -0.005 -17"><span class='ocrx_word' id='word_1_168' title='bbox 366 2194 578 2250; x_wconf 70' lang='lat' dir='ltr'>Parenltis</span> <span class='ocrx_word' id='word_1_169' title='bbox 598 2194 705 2245; x_wconf 70' lang='lat' dir='ltr'>ollim</span> <span class='ocrx_word' id='word_1_170' title='bbox 727 2192 871 2248; x_wconf 70' lang='lat' dir='ltr'>silquz&#39;s</span> <span class='ocrx_word' id='word_1_171' title='bbox 890 2189 1043 2247; x_wconf 68' lang='lat' dir='ltr'>imlpial</span> <span class='ocrx_word' id='word_1_172' title='bbox 1065 2204 1207 2230; x_wconf 74' lang='lat' dir='ltr'>manu.</span> 
     </span>
     <span class='ocr_line' id='line_1_28' title="bbox 204 2269 1633 2329; baseline -0.007 -5"><span class='ocrx_word' id='word_1_173' title='bbox 204 2278 386 2329; x_wconf 77' lang='lat' dir='ltr'>Quarta</span> <span class='ocrx_word' id='word_1_174' title='bbox 421 2277 510 2323; x_wconf 91' lang='lat' dir='ltr'>ode</span> <span class='ocrx_word' id='word_1_175' title='bbox 551 2278 642 2323; x_wconf 90' lang='lat' dir='ltr'>hoc</span> <span class='ocrx_word' id='word_1_176' title='bbox 680 2276 806 2322; x_wconf 93' lang='lat' dir='ltr'>idem</span> <span class='ocrx_word' id='word_1_177' title='bbox 846 2284 1050 2321; x_wconf 88' lang='lat' dir='ltr'>metrum</span> <span class='ocrx_word' id='word_1_178' title='bbox 1092 2273 1250 2326; x_wconf 85' lang='lat' dir='ltr'>habet,</span> <span class='ocrx_word' id='word_1_179' title='bbox 1287 2280 1334 2317; x_wconf 92' lang='lat' dir='ltr'>et</span> <span class='ocrx_word' id='word_1_180' title='bbox 1380 2269 1633 2319; x_wconf 81' lang='lat' dir='ltr'>similiter4</span> 
     </span>
    </p>
   </div>
   <div class='ocr_carea' id='block_1_4' title="bbox 137 2353 1251 2486">
    <p class='ocr_par' dir='ltr' id='par_1_10' title="bbox 137 2353 1251 2486">
     <span class='ocr_line' id='line_1_29' title="bbox 137 2353 393 2410; baseline 0.004 -12"><span class='ocrx_word' id='word_1_181' title='bbox 137 2353 393 2410; x_wconf 85' lang='lat' dir='ltr'>scanditur,</span> 
     </span>
     <span class='ocr_line' id='line_1_30' title="bbox 366 2426 1251 2486; baseline -0.007 -16"><span class='ocrx_word' id='word_1_182' title='bbox 366 2430 422 2470; x_wconf 81' lang='lat' dir='ltr'>At</span> <span class='ocrx_word' id='word_1_183' title='bbox 442 2430 657 2486; x_wconf 60' lang='lat' dir='ltr'>oldeolrum</span> <span class='ocrx_word' id='word_1_184' title='bbox 679 2427 923 2485; x_wconf 64' lang='lat' dir='ltr'>ffquidlquid</span> <span class='ocrx_word' id='word_1_185' title='bbox 942 2426 1105 2482; x_wconf 65' lang='lat' dir='ltr'>inlcoelol</span> <span class='ocrx_word' id='word_1_186' title='bbox 1123 2426 1251 2481; x_wconf 72' lang='lat' dir='ltr'>regit.</span> 
     </span>
    </p>
   </div>
   <div class='ocr_carea' id='block_1_5' title="bbox 137 2573 1596 2895">
    <p class='ocr_par' dir='ltr' id='par_1_11' title="bbox 137 2573 1596 2895">
     <span class='ocr_line' id='line_1_31' title="bbox 194 2573 1596 2630; baseline -0.007 -13"><span class='ocrx_word' id='word_1_187' title='bbox 194 2587 213 2607; x_wconf 64' lang='grc' dir='ltr'><strong>ὃ</strong></span> <span class='ocrx_word' id='word_1_188' title='bbox 231 2582 317 2617; x_wconf 79' lang='grc' dir='ltr'><em>Ωδαι</em></span> <span class='ocrx_word' id='word_1_189' title='bbox 339 2580 422 2617; x_wconf 87' lang='lat' dir='ltr'>libri</span> <span class='ocrx_word' id='word_1_190' title='bbox 442 2580 562 2629; x_wconf 84' lang='lat' dir='ltr'>quinti</span> <span class='ocrx_word' id='word_1_191' title='bbox 582 2580 643 2630; x_wconf 92' lang='lat' dir='ltr'>qui</span> <span class='ocrx_word' id='word_1_192' title='bbox 672 2580 821 2630; x_wconf 89' lang='lat' dir='ltr'>epodon</span> <span class='ocrx_word' id='word_1_193' title='bbox 847 2579 1075 2626; x_wconf 88' lang='lat' dir='ltr'>inscribitur]</span> <span class='ocrx_word' id='word_1_194' title='bbox 1100 2579 1209 2624; x_wconf 74' lang='lat' dir='ltr'>Expl.</span> <span class='ocrx_word' id='word_1_195' title='bbox 1232 2576 1320 2612; x_wconf 80' lang='lat' dir='ltr'>liber</span> <span class='ocrx_word' id='word_1_196' title='bbox 1340 2586 1418 2610; x_wconf 87' lang='lat'>1111.</span> <span class='ocrx_word' id='word_1_197' title='bbox 1465 2573 1596 2620; x_wconf 74' lang='lat' dir='ltr'>Incipit</span> 
     </span>
     <span class='ocr_line' id='line_1_32' title="bbox 137 2626 1593 2682; baseline -0.006 -13"><span class='ocrx_word' id='word_1_198' title='bbox 137 2634 200 2670; x_wconf 77' lang='lat' dir='ltr'>lib.</span> <span class='ocrx_word' id='word_1_199' title='bbox 222 2646 258 2670; x_wconf 90' lang='lat' dir='ltr'>v.</span> <span class='ocrx_word' id='word_1_200' title='bbox 281 2634 324 2669; x_wconf 85' lang='grc' dir='ltr'>Α.</span> <span class='ocrx_word' id='word_1_201' title='bbox 514 2631 534 2660; x_wconf 89' lang='lat' dir='ltr'>b</span> <span class='ocrx_word' id='word_1_202' title='bbox 555 2633 584 2669; x_wconf 92' lang='lat' dir='ltr'>si</span> <span class='ocrx_word' id='word_1_203' title='bbox 613 2647 698 2670; x_wconf 86' lang='lat' dir='ltr'>curn</span> <span class='ocrx_word' id='word_1_204' title='bbox 730 2633 950 2682; x_wconf 86' lang='lat' dir='ltr'>compositis</span> <span class='ocrx_word' id='word_1_205' title='bbox 976 2632 1050 2678; x_wconf 89' lang='lat' dir='ltr'>vel]</span> <span class='ocrx_word' id='word_1_206' title='bbox 1084 2633 1114 2667; x_wconf 75' lang='lat' dir='ltr'>si</span> <span class='ocrx_word' id='word_1_207' title='bbox 1140 2630 1340 2677; x_wconf 78' lang='lat' dir='ltr'>compositis</span> <span class='ocrx_word' id='word_1_208' title='bbox 1366 2639 1445 2663; x_wconf 78' lang='lat' dir='ltr'>eum</span> <span class='ocrx_word' id='word_1_209' title='bbox 1473 2627 1529 2661; x_wconf 82' lang='lat' dir='ltr'>vel</span> <span class='ocrx_word' id='word_1_210' title='bbox 1549 2626 1593 2662; x_wconf 93' lang='lat' dir='ltr'>A.</span> 
     </span>
     <span class='ocr_line' id='line_1_33' title="bbox 139 2677 1593 2735; baseline -0.006 -12"><span class='ocrx_word' id='word_1_211' title='bbox 139 2694 156 2713; x_wconf 84' lang='lat' dir='ltr'>c</span> <span class='ocrx_word' id='word_1_212' title='bbox 174 2688 203 2723; x_wconf 85' lang='lat' dir='ltr'>si</span> <span class='ocrx_word' id='word_1_213' title='bbox 224 2700 308 2723; x_wconf 87' lang='lat' dir='ltr'>cum</span> <span class='ocrx_word' id='word_1_214' title='bbox 330 2686 577 2735; x_wconf 86' lang='lat' dir='ltr'>simplicibus]</span> <span class='ocrx_word' id='word_1_215' title='bbox 608 2689 638 2721; x_wconf 72' lang='lat' dir='ltr'>si</span> <span class='ocrx_word' id='word_1_216' title='bbox 660 2688 856 2734; x_wconf 71' lang='lat' dir='ltr'>simplicius</span> <span class='ocrx_word' id='word_1_217' title='bbox 874 2687 918 2722; x_wconf 90' lang='lat' dir='ltr'>A.</span> <span class='ocrx_word' id='word_1_218' title='bbox 948 2698 1027 2721; x_wconf 82' lang='lat' dir='ltr'>cum</span> <span class='ocrx_word' id='word_1_219' title='bbox 1046 2698 1122 2721; x_wconf 90' lang='lat' dir='ltr'>om.</span> <span class='ocrx_word' id='word_1_220' title='bbox 1144 2684 1240 2719; x_wconf 83' lang='lat' dir='ltr'><strong>Ven.</strong></span> <span class='ocrx_word' id='word_1_221' title='bbox 1418 2677 1437 2704; x_wconf 88' lang='lat' dir='ltr'>d</span> <span class='ocrx_word' id='word_1_222' title='bbox 1457 2680 1484 2714; x_wconf 84' lang='lat' dir='ltr'>si</span> <span class='ocrx_word' id='word_1_223' title='bbox 1506 2691 1593 2714; x_wconf 87' lang='lat' dir='ltr'>cum</span> 
     </span>
     <span class='ocr_line' id='line_1_34' title="bbox 138 2732 1591 2789; baseline -0.008 -13"><span class='ocrx_word' id='word_1_224' title='bbox 138 2739 359 2789; x_wconf 76' lang='lat' dir='ltr'>compositis</span> <span class='ocrx_word' id='word_1_225' title='bbox 379 2739 559 2787; x_wconf 85' lang='lat' dir='ltr'>versibus]</span> <span class='ocrx_word' id='word_1_226' title='bbox 582 2741 612 2775; x_wconf 78' lang='lat' dir='ltr'>si</span> <span class='ocrx_word' id='word_1_227' title='bbox 631 2741 833 2787; x_wconf 74' lang='lat' dir='ltr'>compositis</span> <span class='ocrx_word' id='word_1_228' title='bbox 851 2740 953 2774; x_wconf 81' lang='lat' dir='ltr'>rebus</span> <span class='ocrx_word' id='word_1_229' title='bbox 973 2740 1016 2774; x_wconf 88' lang='lat' dir='ltr'>A.</span> <span class='ocrx_word' id='word_1_230' title='bbox 1037 2739 1133 2774; x_wconf 88' lang='lat' dir='ltr'><strong>Ven.</strong></span> <span class='ocrx_word' id='word_1_231' title='bbox 1260 2743 1276 2762; x_wconf 80' lang='lat' dir='ltr'><strong>e</strong></span> <span class='ocrx_word' id='word_1_232' title='bbox 1298 2732 1510 2777; x_wconf 81' lang='lat' dir='ltr'>occurrent]</span> <span class='ocrx_word' id='word_1_233' title='bbox 1534 2743 1591 2765; x_wconf 87' lang='lat' dir='ltr'>oc-</span> 
     </span>
     <span class='ocr_line' id='line_1_35' title="bbox 139 2784 1593 2839; baseline -0.007 -11"><span class='ocrx_word' id='word_1_234' title='bbox 139 2795 319 2829; x_wconf 74' lang='lat' dir='ltr'>currerint</span> <span class='ocrx_word' id='word_1_235' title='bbox 332 2793 378 2828; x_wconf 87' lang='lat' dir='ltr'>A.</span> <span class='ocrx_word' id='word_1_236' title='bbox 409 2793 513 2828; x_wconf 88' lang='lat' dir='ltr'>Idem</span> <span class='ocrx_word' id='word_1_237' title='bbox 538 2805 622 2828; x_wconf 84' lang='lat' dir='ltr'>mox</span> <span class='ocrx_word' id='word_1_238' title='bbox 643 2805 724 2827; x_wconf 84' lang='lat' dir='ltr'>nam</span> <span class='ocrx_word' id='word_1_239' title='bbox 743 2793 848 2839; x_wconf 83' lang='lat' dir='ltr'>quod.</span> <span class='ocrx_word' id='word_1_240' title='bbox 983 2790 998 2817; x_wconf 83' lang='lat' dir='ltr'><strong>f</strong></span> <span class='ocrx_word' id='word_1_241' title='bbox 1015 2792 1177 2839; x_wconf 71' lang='lat' dir='ltr'>spondivi</span> <span class='ocrx_word' id='word_1_242' title='bbox 1197 2789 1426 2824; x_wconf 79' lang='lat' dir='ltr'>inveniuntur</span> <span class='ocrx_word' id='word_1_243' title='bbox 1445 2785 1488 2820; x_wconf 89' lang='lat' dir='ltr'>A.</span> <span class='ocrx_word' id='word_1_244' title='bbox 1511 2784 1593 2823; x_wconf 55' lang='lat' dir='ltr'>aliis</span> 
     </span>
     <span class='ocr_line' id='line_1_36' title="bbox 140 2838 1481 2895; baseline -0.007 -14"><span class='ocrx_word' id='word_1_245' title='bbox 140 2848 225 2882; x_wconf 78' lang='lat' dir='ltr'>Iocis</span> <span class='ocrx_word' id='word_1_246' title='bbox 241 2860 315 2882; x_wconf 86' lang='lat' dir='ltr'>om.</span> <span class='ocrx_word' id='word_1_247' title='bbox 334 2846 428 2882; x_wconf 90' lang='lat' dir='ltr'><strong>Ven.</strong></span> <span class='ocrx_word' id='word_1_248' title='bbox 527 2844 556 2871; x_wconf 81' lang='lat' dir='ltr'>ff</span> <span class='ocrx_word' id='word_1_249' title='bbox 572 2844 738 2894; x_wconf 89' lang='lat' dir='ltr'>quisquis</span> <span class='ocrx_word' id='word_1_250' title='bbox 759 2844 796 2881; x_wconf 92' lang='lat' dir='ltr'>in</span> <span class='ocrx_word' id='word_1_251' title='bbox 818 2845 912 2881; x_wconf 85' lang='lat' dir='ltr'>coelo</span> <span class='ocrx_word' id='word_1_252' title='bbox 933 2844 1045 2895; x_wconf 88' lang='lat' dir='ltr'>regis]</span> <span class='ocrx_word' id='word_1_253' title='bbox 1071 2845 1156 2892; x_wconf 80' lang='lat' dir='ltr'>quid</span> <span class='ocrx_word' id='word_1_254' title='bbox 1175 2844 1211 2877; x_wconf 80' lang='lat' dir='ltr'>in</span> <span class='ocrx_word' id='word_1_255' title='bbox 1231 2841 1306 2877; x_wconf 81' lang='lat' dir='ltr'>celo</span> <span class='ocrx_word' id='word_1_256' title='bbox 1326 2840 1418 2885; x_wconf 78' lang='lat' dir='ltr'>regit</span> <span class='ocrx_word' id='word_1_257' title='bbox 1437 2838 1481 2872; x_wconf 90' lang='lat' dir='ltr'>A.</span> 
     </span>
    </p>
   </div>
   <div class='ocr_carea' id='block_1_6' title="bbox 818 2916 909 2955">
    <p class='ocr_par' dir='ltr' id='par_1_12' title="bbox 818 2916 909 2955">
     <span class='ocr_line' id='line_1_37' title="bbox 818 2916 909 2955; baseline -0.022 0"><span class='ocrx_word' id='word_1_258' title='bbox 818 2916 909 2955; x_wconf 85' lang='lat' dir='ltr'>3x</span> 
     </span>
    </p>
   </div>
  </div>
 </body>
</html>
