1962 3355
123 237 231 269 CAP.
258 233 296 270 1.
696 224 779 270 De
797 224 1014 286 pedibus.
1484 231 1576 268 243

120 354 318 392 tractare
334 345 599 407 judicastis,
626 345 828 391 breviter
851 363 951 391 esse
972 344 1357 409 componendum
1378 343 1577 389 decrevi.

120 421 213 467 Sed
240 421 485 484 fquoniam
514 431 771 468 metrorum
810 422 1041 469 rationem
1080 421 1320 467 &dicturos
1347 420 1474 483 prius
1499 419 1579 464 de-

119 507 192 544 cet
218 499 360 562 pedes
386 499 696 556 considerare,
715 499 887 560 quibus
914 507 1025 545 sunt
1044 498 1252 544 carmina
1276 495 1577 552 modulanda,

120 572 209 620 hde
258 575 423 620 horum
475 593 688 632 numero,
731 575 941 631 nomine,
981 574 1229 620 nominum
1274 572 1576 625 derivatione,

121 649 553 713 schemaffibusque,
595 668 735 714 quam
780 651 1021 697 verissime
1058 650 1335 714 poterimus,
1378 648 1578 694 breviter

119 726 429 789 explicemus.

545 858 679 910 CAP.
712 860 755 910 I.
800 861 885 912 De
901 860 1144 930 pedibas.

186 958 310 1004 Sunt
346 958 489 1020 igitur
525 958 667 1022 pedes
701 959 778 1005 alii
814 957 1051 1021 disyllabi,
1077 957 1154 1003 alii
1186 957 1434 1019 trisyllabi,
1461 974 1578 1019 quo-

117 1052 224 1081 rum
255 1034 379 1081 unde
404 1036 600 1081 nomina
625 1035 828 1081 deducta
854 1043 963 1080 sunt
987 1033 1258 1090 doceamm,
1281 1042 1327 1078 et
1352 1042 1469 1095 quot
1494 1033 1577 1079 ha-

120 1112 264 1157 beant
290 1111 548 1157 schemata.
587 1112 709 1158 Sunt
733 1120 780 1157 et
804 1128 862 1156 ex
888 1110 1130 1173 disyllabis
1156 1110 1408 1172 geminatis
1434 1110 1576 1173 pedes
1599 1132 1614 1152 2

117 1188 424 1251 tetrasyllabi,
449 1206 651 1250 quorum
678 1197 724 1234 et
749 1187 943 1233 nomina
974 1194 1020 1232 et
1053 1185 1296 1231 schemata
1321 1186 1578 1249 subjunge-

118 1282 239 1310 mus.
300 1264 440 1310 iSunt
466 1282 521 1310 ex
548 1264 791 1326 disyllabis
816 1272 863 1309 et
887 1263 1034 1308 trium
1060 1262 1347 1325 syllabarum
1377 1263 1577 1325 pedibus

117 1341 348 1404 copulatis
386 1341 529 1404 pedes
568 1340 857 1404 syllabarum
895 1338 1123 1401 quinque,
1149 1347 1196 1384 et
1229 1356 1288 1384 ex
1324 1339 1577 1402 duplicatis

117 1417 374 1481 trisyllabis
411 1417 555 1481 pedes
592 1434 810 1462 senarum
851 1416 1156 1479 syllabarum,
1181 1414 1238 1460 de
1275 1416 1447 1477 quibus
1484 1433 1578 1460 non

118 1494 316 1540 arbitror
341 1513 441 1541 esse
467 1494 781 1541 necessarium
808 1493 1093 1557 kdiligenter
1116 1493 1341 1538 laborare.

549 1636 631 1682 De
656 1636 909 1699 disyllabis
926 1635 1143 1698 pedibus.

185 1724 424 1788 Disyllabi
462 1724 605 1787 pedes
645 1734 755 1770 sunt
790 1741 990 1770 numero
1029 1732 1267 1786 quattuor,
1305 1722 1429 1769 lideo
1467 1741 1583 1785 quo-

119 1801 247 1846 niam
274 1819 367 1847 una
393 1801 573 1864 syllaba
598 1800 692 1846 cluo
719 1802 863 1846 habet
893 1801 1152 1855 schemata,
1178 1817 1288 1845 nam
1327 1809 1407 1845 aut
1440 1800 1582 1863 longa

121 1887 190 1922 est
232 1886 313 1922 aut
351 1877 534 1922 brevis:
572 1877 679 1922 duae
719 1878 911 1939 syllabae
951 1885 1175 1939 quattuor
1214 1875 1456 1922 schemata
1501 1877 1582 1922 ha-

121 1953 250 2007 bent,
277 1971 386 1998 nam
415 1962 495 1998 aut
521 1954 673 1999 ambae
701 1954 861 1999 breves
888 1962 1012 2009 sunt,
1032 1961 1113 1998 aut
1134 1952 1287 1998 ambae
1316 1953 1482 2015 longae,
1503 1961 1583 1998 aut

123 2047 214 2075 una
242 2029 409 2084 brevis,
437 2046 530 2074 una
556 2029 710 2092 longa,
736 2039 816 2075 aut
841 2047 932 2075 una
958 2029 1114 2091 longa,
1139 2046 1232 2074 una
1258 2029 1424 2075 brevis.

186 2105 513 2168 Pyrrhiclzius
548 2123 631 2169 pes
665 2124 689 2151 e
725 2105 953 2151 ¹¹¹duabus
991 2104 1211 2151 brevibus
1238 2114 1437 2159 constat,
1463 2114 1582 2151 tem-

120 2200 287 2245 porum
323 2182 491 2238 duum,
517 2192 569 2227 ut
603 2182 777 2228 leerus:
815 2183 896 2245 qui
936 2200 960 2227 a
992 2182 1217 2245 pyrrhica
1250 2183 1378 2228 lusus
1412 2200 1581 2245 genere

120 2276 294 2304 nomen
332 2258 529 2322 accepit,
567 2259 678 2320 quia
716 2259 805 2304 hoc
840 2276 954 2304 sono
990 2259 1165 2304 milites
1202 2259 1268 2305 usi
1306 2259 1394 2305 sub
1418 2260 1581 2316 armis,

120 2344 201 2381 nut
231 2335 309 2381 ille.
346 2335 425 2391 ait,
451 2352 534 2399 per
567 2334 731 2380 ludum
768 2335 901 2381 ciunt
924 2336 1189 2382 simulacra
1208 2354 1399 2400 pugnae.
1473 2337 1580 2399 Ipsa
1601 2374 1612 2381 .

173 2524 189 2551 f
206 2526 399 2574 quoniam]
424 2525 484 2562 Sic
506 2526 550 2562 L.
582 2525 779 2562 Putschius
800 2528 898 2573 quia.
1103 2535 1123 2562 g
1143 2528 1326 2576 dicturos]
1350 2531 1513 2566 dicturus
1534 2530 1578 2566 L.

121 2581 299 2614 dicturum
323 2578 531 2615 Putschius.
682 2578 702 2605 h
724 2580 769 2616 de
792 2580 920 2629 horum
944 2593 1101 2617 numero
1124 2582 1294 2629 nomine]
1320 2585 1363 2618 cle
1383 2591 1420 2619 et
1441 2586 1581 2619 nomine

121 2646 196 2668 orn.
219 2632 264 2668 L.
399 2630 409 2657 i
430 2641 516 2668 sunt
537 2634 597 2680 ex]
624 2633 683 2669 Sic
704 2633 749 2668 L.
779 2639 862 2669 sunt
883 2639 916 2669 et
936 2647 978 2669 ex
999 2634 1214 2671 Putscbius.
1343 2635 1363 2662 k
1385 2636 1582 2685 diligenter

122 2685 304 2730 laborare]
331 2685 391 2721 Sic
412 2685 457 2720 L.
488 2688 678 2733 diligenter
698 2699 774 2723 om.
797 2687 1005 2723 Pntschius.
1091 2687 1102 2713 l
1123 2687 1206 2724 ideo
1227 2688 1425 2737 quoniam]
1452 2690 1513 2726 Sic
1539 2691 1579 2724 L.

123 2740 200 2774 ideo
221 2751 296 2774 orn.
321 2739 527 2774 Putschius.
611 2747 641 2765 ¹1²
663 2739 806 2776 duabus
828 2740 1017 2787 brevibus]
1043 2742 1180 2777 duabus
1199 2743 1346 2790 syllabis
1366 2743 1410 2779 L.
1501 2750 1521 2768 n
1543 2751 1582 2779 ut

122 2791 182 2828 ille
212 2800 277 2832 alt,
309 2803 373 2840 per
402 2791 527 2827 ludum
556 2791 658 2828 ciunt
689 2793 884 2829 simulacra
916 2795 1066 2843 pugnae]
1102 2795 1161 2830 Ita
1187 2796 1277 2831 citat
1305 2809 1348 2831 ex
1382 2796 1465 2833 cod.
1495 2797 1567 2831 MS

125 2844 297 2894 Cujacius
327 2845 417 2880 Obs.
448 2845 562 2882 XIII.
590 2857 647 2881 10.
680 2855 713 2881 ei
740 2846 790 2882 sic
822 2846 896 2883 fere
928 2847 974 2882 L.
1002 2847 1039 2882 in
1067 2861 1140 2896 quo
1171 2857 1295 2885 tamen
1317 2862 1477 2896 pugnam
1505 2862 1581 2884 non

121 2911 262 2946 pugnoe.
294 2896 469 2947 Virgilius
493 2898 582 2934 AEn.
606 2900 652 2935 V.
676 2899 765 2946 585.
792 2912 993 2947 pugnoeque
1018 2902 1108 2936 cient
1128 2903 1347 2937 simulachra
1375 2903 1438 2937 sub
1459 2904 1580 2937 armis.

125 2951 252 2988 Edidit
272 2950 493 2993 Putschius3
525 2964 589 3000 per
610 2952 751 2993 ludum,
776 2960 815 2988 ut
835 2952 896 2988 ille
916 2953 978 2996 ait,
1000 2955 1139 2990 ciebant
1153 2956 1346 2991 simulacra
1359 2968 1581 3003 pugnarum.

796 3014 905 3061 1i2
