1962 3355
340 163 438 211 386
494 141 501 142 i
967 161 1177 227 Rufinus

340 292 370 312 “
402 287 535 347 (nam
560 284 597 331 si
623 293 899 346 sequentem
927 284 1116 346 longam
1144 281 1372 345 syllabam
1406 280 1452 325 in
1478 278 1592 325 duas
1629 279 1790 325 breves

342 369 370 388 “
396 361 562 418 solvas,
600 363 683 407 fiet
728 361 785 406 de
827 360 988 406 iambo
1031 359 1333 417 tribrachus,)
1386 355 1582 419 spondei
1631 367 1787 400 autem

341 445 369 464 “
394 438 648 484 solutiones
685 437 816 493 duas,
851 435 1096 498 dactylum
1140 442 1187 479 et
1228 440 1547 495 anapaestum3
1601 448 1710 477 nam
1755 430 1791 476 si

343 522 369 540 “
393 514 519 576 prior
556 513 736 576 syllaba
774 511 968 575 spondei
1010 511 1215 556 solvatur
1255 508 1302 554 in
1339 507 1454 554 duas
1495 508 1674 562 breves,
1710 506 1794 551 fiet

343 597 370 615 ‘⁶
397 599 676 652 anapaestus,
727 588 761 633 si
804 604 912 631 vero
956 585 1175 640 secunda,
1219 585 1301 630 fiet
1341 583 1572 646 dactylus.
1650 582 1792 629 Unde

344 672 370 692 ‘⁶
396 665 533 711 datur
556 663 770 725 intelligi,
796 662 995 707 iambica
1029 671 1177 706 metra
1212 660 1270 706 de
1303 660 1463 706 iambo
1499 659 1543 705 et
1583 659 1792 722 spondeo

343 749 369 768 ‘⁴
396 741 509 798 fieri,
534 751 580 786 et
605 741 662 785 de
687 756 848 784 eorum
878 737 1234 784 solutionibus.''

285 828 329 860 26
410 817 487 862 De
511 815 805 862 tcboliambo
832 815 923 860 sic:
961 821 987 840 ‘⁶
1007 814 1096 860 Est
1120 823 1276 860 autem
1303 813 1554 877 proceritas
1580 813 1790 876 ejusdem

343 899 371 920 “
397 910 554 938 versus
595 891 676 954 qui
719 891 856 937 unius
898 890 1030 954 pedis
1076 890 1336 937 differentia
1380 880 1555 936 nomen
1603 889 1792 935 amittit.

342 974 369 993 ‘⁶
395 967 521 1013 Nam
550 967 675 1029 quod
699 976 831 1013 sexto
857 967 976 1022 loco,
995 967 1074 1029 qui
1100 967 1231 1012 locus
1254 985 1339 1031 par
1362 975 1447 1023 est,
1473 984 1567 1011 non
1593 965 1794 1020 iambus,

342 1049 370 1069 ‘⁶
394 1043 472 1089 sed
500 1043 738 1106 spondeus
764 1043 835 1088 vel
864 1043 1096 1089 trochaeus
1129 1043 1371 1107 accipitur,
1396 1051 1444 1088 et
1467 1060 1493 1088 a
1516 1043 1656 1104 longa
1680 1041 1796 1087 inci-

344 1126 370 1146 “
394 1120 464 1184 pit
489 1120 684 1182 syllaba,
713 1119 933 1165 claudun]
960 1137 1150 1165 carmen
1178 1120 1302 1177 facit,
1322 1129 1369 1165 et
1394 1118 1791 1166 Veboliambicum

342 1202 370 1223 “
395 1196 681 1250 nominatur,
707 1205 758 1241 ut
781 1205 866 1251 est,

476 1268 569 1318 ‘'⁷³ss
594 1274 856 1332 Κλαζομένιοι
882 1272 1090 1323 Βούπαλος
1115 1273 1370 1319 κατέκτεινεν.

474 1349 658 1395 ἀκουσαθ’
683 1349 955 1401 Ἱππώνακτος·
994 1349 1034 1395 οὗ
1057 1349 1134 1411 γὰρ
1160 1348 1252 1394 ἄλλ’
1278 1349 1371 1405 ἥκω.

475 1433 492 1451 x
508 1425 543 1464 O
562 1439 657 1479 quae
679 1425 876 1464 tenerulae
897 1426 1103 1479 comparis
1124 1430 1234 1464 tenes
1254 1426 1424 1471 crinem,

476 1492 638 1532 hyades
660 1493 701 1531 in
726 1493 807 1532 ista
837 1493 930 1532 Veia
953 1493 1251 1546 2Zat67ztfh.s>sa.

286 1597 325 1629 27
409 1582 434 1601 “
460 1576 600 1628 Quod
639 1585 798 1622 autem
837 1577 957 1622 binis
996 1577 1195 1640 pedibus
1228 1586 1275 1622 et
1305 1594 1399 1621 non
1430 1575 1625 1638 singulis
1663 1592 1797 1620 scan-

343 1658 371 1678 “
396 1651 537 1708 ditur,
563 1662 696 1698 vetus
723 1653 992 1698 institutum
1022 1663 1104 1700 est.
1143 1653 1335 1716 Quippe
1362 1652 1651 1709 Herodotus,
1678 1652 1797 1697 anti-

345 1734 372 1753 “
397 1746 518 1790 quus
547 1729 751 1774 historiae
777 1739 954 1784 auctor,
978 1746 1086 1774 cum
1123 1729 1179 1774 de
1218 1729 1406 1774 heroico
1437 1729 1613 1774 diceret
1647 1746 1796 1782 versu,

343 1809 370 1828 ‘⁶
394 1822 535 1866 quem
575 1804 771 1867 singulis
811 1805 970 1867 partiri
1015 1805 1211 1868 pedibus
1238 1805 1381 1850 moris
1417 1814 1502 1862 est,
1543 1805 1607 1851 ita
1645 1805 1793 1851 dixit:

344 1885 372 1906 ‘⁶
398 1880 491 1925 ἃκαῖ
528 1880 624 1939 σφὶν
659 1881 818 1938 ἠπίθυνα
855 1883 973 1939 φήσω
1011 1882 1166 1927 ἅλυσιν.
1240 1881 1382 1927 Unde
1417 1891 1610 1945 apparet
1646 1881 1799 1926 heroi-

344 1962 371 1982 “
399 1974 506 2001 cum
558 1957 756 2019 singulis
808 1957 1007 2020 pedibus
1055 1957 1213 2003 scandi
1251 1957 1392 2003 etiam
1443 1957 1567 2022 apud
1619 1966 1798 2004 veteres

344 2039 371 2059 “
397 2034 608 2090 solitum,
639 2034 898 2080 iambicum
937 2044 1092 2080 autem
1133 2034 1267 2080 binis.
1354 2034 1486 2080 Idem
1526 2044 1682 2080 autem
1722 2034 1800 2090 ait,

344 2116 370 2135 ‘⁶
395 2128 502 2155 cum
525 2111 582 2156 de
607 2110 926 2157 bArchilocho
948 2112 1083 2157 Pario
1108 2111 1260 2165 refert,
1281 2111 1360 2173 qui
1386 2111 1565 2174 cGygae
1588 2111 1796 2157 fabulam

344 2193 370 2212 ‘⁶
394 2187 573 2248 optime
606 2188 885 2249 complexus
920 2197 988 2232 est
1025 2188 1105 2242 ita,
1131 2188 1292 2248 ‘³I'257ec0
1317 2188 1436 2234 αὐτοῦ
1461 2187 1526 2233 καὶ
1553 2187 1795 2249 Ἀρχίλοχος

343 2268 369 2288 “
395 2265 547 2324 Πάριος
573 2263 677 2307 κατὰ
702 2260 763 2306 τᾶν
793 2262 908 2307 αὐτον
930 2262 1061 2324 χρόνον
1084 2261 1248 2323 ’γεγονὼς
1280 2263 1524 2323 θῦπέμνησεν
1550 2264 1689 2326 ἰάμβῳ
1712 2285 1799 2325 τρι-

344 2344 370 2363 “
395 2340 538 2400 μέτρῳ.

398 2464 413 2489 ’ί
432 2463 660 2510 choliambo]
685 2463 874 2500 coriambo
897 2464 991 2500 Ven.
1131 2471 1150 2489 V
1170 2464 1478 2511 choliambicum]
1503 2463 1797 2501 choriambicum

346 2518 441 2553 Ven.
529 2513 618 2552 νΝΩ
638 2524 692 2552 κλ.
713 2525 784 2552 etc.
808 2530 882 2552 om.
904 2517 1001 2553 Ven.
1111 2524 1130 2543 Χ
1152 2518 1186 2553 O
1208 2519 1308 2566 quae]
1333 2531 1354 2553 o
1375 2531 1484 2566 quem
1507 2518 1602 2554 Ven.
1685 2525 1704 2552 y
1726 2519 1798 2554 Seu

346 2569 702 2606 d'es-—veia—fossa
722 2569 804 2605 Ald.
910 2577 927 2595 z
947 2569 1028 2606 veia
1047 2569 1154 2618 latet]
1179 2571 1234 2607 via
1252 2572 1370 2607 latent
1389 2573 1485 2608 ven.
1596 2578 1615 2597 a
1635 2573 1700 2607 Καὶ
1720 2572 1800 2620 σφὶν

346 2632 416 2660 etc.
438 2636 512 2660 om.
537 2624 629 2659 Ven.
674 2624 743 2658 Pro
763 2624 818 2658 καὶ
839 2623 1095 2672 σφὶν-ἅλυσιν
1113 2627 1174 2660 cit.
1196 2630 1424 2660 ΗΤΙΘΤΠΙΝ
1446 2626 1687 2673 ἀφικομένοισιν
1703 2624 1798 2661 Scal.

318 2674 319 2677 Ἴ
344 2681 437 2712 Ἀλλ’
457 2677 535 2712 ὅταν
555 2677 674 2722 ἡμίονος
697 2677 855 2720 βασιλεὺς
880 2678 1015 2720 Μήδοισι
1044 2677 1190 2723 γένηται,
1215 2679 1278 2713 Καὶ
1300 2678 1373 2713 τότε
1395 2678 1473 2714 Λυδὲ
1493 2679 1631 2725 ποδαβρὲ
1660 2685 1799 2724 πολυμε-

345 2731 428 2779 φῖδα
446 2734 518 2777 παρ’
534 2730 651 2778 εἝρμον
680 2734 808 2776 Φεύγειν
834 2730 913 2775 μηδὲ
932 2729 1036 2775 μένειν
1065 2735 1136 2775 μηδ’
1158 2733 1320 2767 αἰδεῖσθαι
1350 2733 1445 2773 κακὸς
1471 2728 1550 2767 εἶναι
1569 2731 1625 2767 ed.
1645 2731 1798 2767 Ascens-

346 2784 435 2833 Leg.
458 2784 475 2827 ἦ
497 2785 599 2827 Πυθίη
621 2811 627 2818 .
653 2810 660 2817 .
685 2811 693 2818 .
846 2780 866 2808 b
884 2782 1122 2830 Archilocho]
1146 2784 1355 2820 Archiloico
1379 2785 1473 2821 Ven.
1633 2791 1650 2810 ⁰
1669 2783 1794 2834 Gigae]

348 2837 463 2886 Gygae
485 2836 580 2872 Ven.
601 2835 685 2871 Ald.
819 2833 837 2861 d
857 2835 954 2882 γίγεω
974 2838 1088 2883 αὐτοῦ]
1112 2839 1279 2884 γίγνεσθον
1299 2838 1384 2875 Ald.
1406 2839 1472 2873 Gr.
1495 2850 1568 2873 om.
1586 2838 1680 2874 Ven.
1712 2836 1798 2874 Vid.

350 2889 531 2926 Herodot.
554 2889 584 2925 Ῑ.
607 2901 663 2924 ῐ2.
775 2895 790 2914 e
811 2890 1003 2936 ὑπέμνησεν]
1029 2891 1178 2938 ἐπῄνεσεν
1198 2890 1280 2926 Ald.
