1962 3355
322 229 419 278 374
779 221 939 268 Servii
967 220 1011 268 C
1009 221 1324 267 entimetram.

288 342 659 389 6xAlcmanimn
718 351 902 388 constat
959 351 1230 387 tetrametro
1287 340 1556 394 acatalecto,
1608 348 1658 385 ut
1706 349 1776 385 est

325 418 431 475 hoc,

446 495 592 534 Timor
611 506 748 534 omnes
769 492 879 532 docet
898 499 1025 540 certes,
1048 491 1170 531 timor
1190 495 1318 544 auget
1338 489 1443 529 bana
1463 489 1623 529 mentis.
1653 488 1656 489 ⁷

564 680 696 732 CAP.
718 678 881 729 VIII.
946 679 1031 729 De
1058 677 1244 729 ionicis
1269 695 1301 727 a
1328 676 1537 744 majori.

393 778 552 824 Metra
577 776 729 822 ionica
756 794 780 821 a
817 774 992 836 majore
1028 774 1349 837 principaliter
1373 783 1593 820 constant
1623 774 1777 820 ionico

327 873 437 900 suo:
474 862 798 899 verumtamen
836 851 1098 897 diiambum
1144 859 1188 895 et
1226 849 1535 896 ditrochaeum
1575 867 1667 895 non
1710 867 1779 895 re-

326 940 506 986 cusant,
532 929 814 975 solutionem
843 927 1074 990 patienter
1104 926 1376 972 admittunt.
1446 925 1539 971 Sed
1565 943 1623 971 ex
1647 926 1780 988 >plu-

327 1008 454 1053 ribus
480 1007 566 1052 tria
590 1005 696 1051 usui
722 1003 948 1051 tradenda
973 1003 1167 1064 subjeci.

294 1102 305 1122 1
396 1082 776 1146 Hipponactium
813 1089 999 1127 constat
1036 1079 1238 1125 dimetro
1274 1078 1696 1142 brachycatalecto,
1728 1086 1780 1124 ut

326 1168 397 1206 est
421 1159 526 1216 hoc,

668 1223 857 1263 Palmam
879 1235 992 1277 cape,
1016 1221 1157 1261 victor.

292 1306 653 1353 22Praoez'lleum
689 1314 872 1351 constat
908 1304 1120 1350 trimetro
1160 1303 1582 1366 brachycatalecto,
1618 1312 1672 1350 ut
1708 1311 1779 1349 est

328 1384 433 1440 hoc,

670 1446 811 1487 Fortis
817 1446 1010 1500 juvenis,
1029 1459 1142 1485 sume
1162 1459 1363 1485 coronam.

290 1543 307 1571 3
330 1530 604 1577 Sotadic'zcm
628 1538 810 1576 constat
846 1536 1118 1574 tetrametro
1154 1528 1608 1591 abrachycatalecto,
1633 1538 1684 1573 ut
1709 1535 1779 1572 est

332 1608 434 1665 hoc,

498 1672 683 1727 Salpinoe
703 1685 815 1720 cane,
838 1670 1147 1725 tempussugit,
1169 1669 1360 1710 bintemle
1380 1669 1568 1708 laborem.

389 1878 520 1929 CAP.
550 1876 647 1927 IX.
717 1878 827 1928 cDe
853 1876 1081 1928 (liversis
1109 1884 1391 1927 metrorum
1413 1873 1715 1943 generibus.

396 1987 597 2049 Reliqua
623 1986 843 2049 deinceps
881 1996 1028 2031 metra
1055 2003 1146 2031 non
1185 2003 1238 2030 ea
1266 1985 1384 2047 lege,
1409 2001 1501 2046 qua
1526 1983 1780 2045 superiora,

330 2064 616 2110 dreferimus.
676 2064 764 2109 Illa
789 2063 915 2108 enim
942 2062 1068 2108 velut
1094 2062 1289 2107 confusa
1314 2060 1501 2123 digessi,
1529 2060 1627 2105 haec
1650 2059 1781 2105 velut

329 2141 535 2203 dispersa
561 2139 744 2202 collegi.
815 2139 906 2184 Sed
941 2157 997 2184 ex
1036 2139 1249 2202 plurimis
1286 2154 1392 2184 xxv
1421 2137 1520 2183 usui
1554 2135 1781 2181 tradenda

331 2216 524 2277 subjeci.

297 2306 308 2326 1
398 2292 661 2338 eFaliscum
687 2299 869 2337 constat
907 2291 983 2336 fex
1019 2291 1167 2337 tribus
1192 2290 1387 2353 dactylis
1412 2298 1459 2335 et
1490 2287 1780 2351 pyrrhichio,

331 2378 384 2415 ut
408 2377 478 2415 est
503 2368 609 2421 hoc,

591 2443 725 2483 Docta
747 2443 933 2490 Falisca,
955 2451 974 2480 g
981 2443 1151 2490 Serene,
1175 2455 1360 2496 reparas.

386 2570 406 2589 X
437 2561 679 2607 Alcmanizim]
710 2561 959 2595 Alcmanieum
989 2560 1200 2596 Santenius.
1364 2566 1382 2593 y
1407 2557 1587 2606 pluribus]
1616 2557 1782 2604 plurimis

334 2616 482 2652 Putsch.
505 2615 547 2651 Β.
675 2620 693 2639 Ζ
718 2614 958 2659 Praxilleum]
985 2614 1179 2648 Pras-ilium
1203 2611 1296 2648 Call.
1434 2619 1453 2638 a
1474 2611 1782 2657 brachycatalecto

334 2683 408 2706 om.
426 2668 576 2704 Putsch.
719 2664 739 2692 b
759 2667 917 2713 intende]
945 2668 1116 2701 intendito
1136 2666 1283 2701 Putsch.
1307 2674 1384 2701 tum
1406 2667 1561 2701 dolorem
1583 2663 1678 2700 Call.
1700 2664 1781 2698 dolo

335 2724 491 2759 laborem
511 2721 590 2756 Per.
701 2726 717 2746 0
737 2720 798 2755 De
817 2720 977 2766 dii-ersis]
1003 2720 1064 2754 De
1083 2721 1246 2766 dispersis
1266 2731 1368 2754 XXII
1390 2719 1435 2755 B.
1537 2716 1557 2743 d
1576 2716 1776 2764 referimus]

334 2777 530 2824 referemus
550 2774 594 2809 B.
616 2773 676 2822 qui
700 2785 783 2808 mox
801 2785 874 2807 om.
895 2774 955 2807 secl
975 2785 1016 2807 ex
1031 2774 1209 2819 plurimis.
1315 2778 1330 2797 e
1352 2772 1546 2818 faliscam]
1575 2770 1781 2805 Plzaliscnm

335 2829 428 2865 Call.
448 2827 509 2876 qui
532 2840 615 2862 mox
633 2827 808 2873 phalisca.
879 2823 894 2850 f
910 2838 952 2860 ex
972 2825 1100 2872 tribas]
1126 2839 1168 2861 esc
1187 2838 1260 2861 om.
1283 2825 1326 2860 B.
1347 2826 1425 2861 Per.
1446 2824 1597 2860 Putsch.
1672 2828 1692 2856 g
1713 2821 1779 2855 Se-

334 2883 434 2929 rene]
455 2893 577 2917 serena
594 2881 639 2915 B.
663 2880 887 2924 Pheronyme
903 2891 1015 2924 paras
1028 2879 1177 2915 Putsch.
1196 2879 1283 2914 milei
1298 2879 1440 2915 hoccine
1447 2890 1558 2926 paras
1571 2874 1664 2912 Call.
1695 2873 1780 2909 Vid.

335 2934 535 2972 Ruhnken.
557 2934 602 2970 ad
623 2933 664 2969 F.
687 2931 792 2968 Mali.
812 2931 999 2967 Theodor.
1024 2932 1091 2968 IV.
1113 2944 1150 2977 4.
