1962 3355
123 183 228 215 cAP.
251 179 292 216 5.
364 170 447 216 De
469 176 620 217 metro
644 169 884 216 trochaico
910 175 955 215 et
979 168 1081 232 ejas
1103 168 1358 230 speciebus.
1487 176 1574 213 281

364 291 446 337 De
462 298 765 353 pentametro
790 290 1068 337 catalectico
1093 289 1347 335 trochaico.
1605 307 1637 326 ιι

187 379 555 426 Pentametrum
597 379 923 425 catalecticum
961 378 1030 431 fit,
1068 394 1177 422 cum
1221 392 1393 421 novem
1438 375 1580 438 pedes

122 454 340 519 disyllabi
369 455 592 501 trochaici
621 462 875 518 ponuntur,
900 462 947 499 et
973 471 1065 499 una
1091 454 1288 517 syllaba,

178 539 389 574 Continente
409 540 500 586 ripa.
539 539 633 580 Quid
653 540 748 586 quod
767 551 877 586 usque
891 539 1094 586 proximum
1115 538 1256 572 revellis
1275 534 1425 583 ingram
1447 537 1551 572 hunc.

332 667 418 713 De
432 674 732 730 pentametro
758 666 918 713 coluro
945 666 1371 730 brachycatalecto.
1604 689 1637 709 η

189 754 556 801 Pentametrum
581 755 909 801 cataleetiemn
935 754 1151 800 colurum
1176 755 1231 799 fit
1263 770 1431 799 novem
1460 753 1581 798 inte-

121 831 214 894 gris
239 831 404 894 positis
436 831 636 895 pedibus
661 831 927 878 trochaicis.
999 832 1055 877 In
1093 831 1254 876 coluro
1290 830 1418 875 enim
1457 847 1579 875 sem-

121 924 205 969 per
239 906 344 953 duae
379 908 573 971 syllabae
608 907 778 954 desunt
811 916 866 953 ut
898 908 957 953 sit
997 916 1201 953 metrum
1245 907 1575 952 catalecticum

123 982 361 1045 integrum
381 1002 390 1029 :

235 1059 291 1097 In
311 1060 568 1114 sinuferens
588 1061 681 1100 deos
702 1067 740 1100 et
760 1075 868 1101 uxor
888 1067 925 1101 et
946 1062 1015 1100 vir
1035 1059 1328 1115 ksorclidosque
1350 1065 1478 1099 natos.

123 1129 235 1177 Hoc
253 1140 412 1178 tamen
438 1141 657 1178 notemus
677 1132 804 1194 quod
824 1150 917 1178 una
937 1133 1033 1177 sola
1052 1131 1252 1194 lspecies
1272 1131 1317 1176 in
1339 1131 1580 1177 trochaico

122 1216 273 1253 metro
320 1208 575 1254 acatalecta
621 1208 864 1271 reperitur,
907 1207 1109 1253 dimetra
1148 1207 1482 1261 Anacreontia,
1521 1207 1579 1253 de

121 1299 214 1343 qua
251 1281 403 1344 prima
432 1281 587 1344 specie
624 1299 764 1344 supra
799 1281 1053 1327 mtractavi.
1125 1280 1306 1326 Ceterae
1341 1288 1421 1325 aut
1457 1289 1581 1325 cata-

120 1357 301 1404 lecticae
340 1366 465 1414 sunt,
490 1367 570 1404 aut
602 1357 1087 1420 brachycatalecticae‚
1127 1359 1256 1418 (nam
1300 1357 1580 1419 hypercata-

121 1435 240 1480 lecta
276 1435 406 1481 nulla
442 1439 586 1497 sunt‚)
623 1434 865 1481 undecim.
936 1435 1014 1481 De
1054 1434 1297 1480 trochaico
1326 1435 1458 1479 fonte
1495 1434 1578 1479 rivi
1605 1451 1638 1479 13

120 1528 238 1573 quos
289 1512 520 1558 habemus
562 1530 703 1575 supra
743 1511 893 1558 titulis
941 1513 1061 1558 benc
1104 1511 1278 1556 nrufos.
1365 1510 1441 1557 Ex
1491 1509 1580 1555 hoc

121 1595 272 1633 metro
307 1588 547 1634 trochaico
586 1588 768 1634 scilicet
808 1596 856 1633 et
897 1587 1103 1633 iambico
1146 1596 1332 1633 constat
1376 1595 1580 1632 metrum

121 1664 413 1720 Saturnium,
439 1664 567 1728 quod
601 1665 809 1711 mixtum
845 1664 952 1710 ideo
991 1681 1078 1710 nec
1109 1664 1230 1709 inter
1256 1663 1436 1726 species
1462 1662 1580 1708 iam-

120 1740 249 1786 bicas
283 1741 418 1804 posui
457 1759 542 1787 nec
580 1741 703 1787 inter
734 1740 1011 1786 trochaicas.
1083 1740 1284 1786 Constat
1320 1749 1478 1786 autem
1521 1757 1581 1784 cx

122 1816 281 1862 iambo
317 1816 519 1862 dimetro
552 1817 827 1863 catalectico
864 1816 1196 1880 Hipponactio
1229 1816 1501 1879 amphicolo
1534 1823 1581 1860 et

121 1892 270 1938 tribus
295 1893 561 1950 trochaicis,
587 1893 633 1939 id
661 1902 746 1947 est,
773 1892 1102 1956 ithyphallico.
1175 1894 1283 1945 Quo
1321 1903 1471 1939 metro
1511 1892 1578 1938 usi

121 1978 232 2015 sunt
254 1969 480 2033 ⁰Cyrides
505 1979 553 2016 et
577 1970 919 2025 Callimachus,
946 1978 991 2014 et
1018 1969 1141 2033 apud
1169 1987 1252 2015 nos
1279 1969 1523 2016 pNaevius.

577 2112 662 2159 De
686 2119 838 2158 metro
863 2112 1113 2158 Saturnio.
1602 2129 1637 2157 14

188 2198 469 2246 Saturnium
512 2200 833 2264 compositum
883 2200 953 2245 vel
1009 2199 1215 2244 mixtum
1266 2216 1322 2243 cx
1373 2198 1579 2244 iambico

122 2285 271 2322 metro
307 2285 354 2322 ct
389 2276 645 2333 trochaico,
670 2276 876 2323 iambico
912 2275 1115 2322 dimetro
1155 2275 1429 2338 amphicolo
1456 2275 1579 2339 Hip-

120 2352 342 2415 ponactio
377 2353 667 2410 catalecti00‚
691 2362 739 2399 et
765 2353 1006 2399 trochaico
1031 2352 1236 2398 dimetro
1273 2352 1579 2415 brachycata-

174 2519 185 2547 i
205 2534 334 2568 agrum
354 2523 409 2559 bis
430 2523 639 2560 Putsehius.
815 2521 837 2549 k
857 2522 1101 2572 sordidosque
1123 2522 1246 2569 natos]
1269 2523 1500 2571 sordidasque
1519 2536 1576 2558 re-

120 2579 189 2610 stes
210 2575 256 2610 L.
350 2574 361 2601 l
381 2576 540 2626 species]
563 2579 677 2625 specie
695 2579 766 2613 sint
784 2576 831 2614 L.
943 2584 973 2602 m
996 2576 1137 2622 notavi]
1162 2578 1317 2611 tractavi
1337 2576 1381 2612 L.
1475 2583 1494 2601 n
1515 2589 1576 2611 ru-

122 2627 194 2675 fos]
219 2628 354 2676 refusos
374 2629 419 2665 L.
530 2637 548 2656 ⁰
570 2630 741 2679 Cyrides]
769 2631 920 2679 Cyriclus
940 2630 984 2665 L.
1025 2629 1243 2678 Legendum
1262 2637 1353 2677 puto
1374 2631 1578 2676 Euripides.

120 2680 255 2717 Atilius
277 2682 568 2718 Fortunatianus
588 2696 624 2731 p.
645 2684 758 2720 2680.
816 2685 926 2731 Apud
948 2684 1160 2730 Euripidem
1180 2688 1214 2718 et
1236 2683 1499 2718 Callimachum
1521 2685 1574 2717 in-

119 2736 199 2769 veni
221 2736 294 2771 tale
312 2747 425 2781 genas
443 2735 578 2771 Turdis
599 2736 773 2772 edacibus
793 2737 899 2772 dolos
919 2749 1112 2786 comparas
1133 2734 1263 2772 amice.
1313 2737 1365 2771 Et
1385 2736 1575 2782 Euripides

121 2787 284 2823 restituit
313 2787 512 2824 Santenius
541 2789 586 2824 ad
615 2789 766 2825 Terent.
788 2791 909 2826 Maur.
940 2804 974 2839 p.
992 2801 1081 2837 353.
1112 2789 1173 2838 qui
1203 2789 1315 2825 verba
1347 2797 1472 2824 tamen
1496 2789 1575 2827 Quo

121 2846 233 2876 metro
253 2849 323 2877 etc.
345 2840 598 2890 interpolatori
620 2843 768 2878 cuidam
790 2842 912 2879 deberi
935 2851 1051 2893 putat.
1257 2849 1276 2876 P
1296 2840 1464 2889 Naevius]
1488 2841 1574 2875 Me-

120 2891 204 2929 vius
225 2894 267 2929 L.

816 2973 899 3003 OO
