1962 3355
321 195 382 242 98
834 186 993 233 Marii.
1019 187 1265 235 Victorini
1597 204 1693 235 ΜΒ.
1718 204 1772 235 11.

321 306 502 359 wQuod
529 307 768 353 concurrit
791 309 935 355 etiam
955 309 1004 355 in
1024 310 1396 357 choriambicum
1420 319 1772 356 monometrum

267 405 303 436 32
324 383 775 447 hypercatalectum,
793 385 919 448 quod
945 386 1239 432 Adonidium
1266 387 1541 450 appellatur.
1592 386 1778 432 Trime-

323 469 421 506 trus
447 468 606 507 autem
632 461 930 519 acatalectus,
956 463 1034 524 qui
1061 481 1086 507 e
1110 462 1276 518 tribus,
1301 470 1367 519 ut,

593 536 685 584 Cui
708 555 800 584 non
824 538 978 585 dictus
1002 537 1165 601 Hylas
1181 554 1318 599 puer.

325 612 437 659 Hoc
472 615 674 673 Χὴμιεπὲς
705 613 902 660 dicitur:
955 631 1049 676 quo
1081 612 1350 659 Simonides
1373 613 1643 676 frequenter
1666 631 1778 660 usus

325 699 409 736 est.
478 690 814 747 Tetrametros,
838 690 917 752 qui
944 708 969 735 e
993 699 1230 751 quattuor,
1251 699 1318 746 ut,

590 766 695 812 Nos
711 764 1044 829 patriaefines,
1070 772 1116 813 et
1141 765 1315 812 dulcia.

266 860 305 889 33
327 840 420 893 Qui
449 841 494 886 in
518 841 797 904 ydactylum
825 841 1042 887 desinens
1069 841 1420 895 Alcmanicum‚
1437 841 1485 887 in
1514 840 1777 905 spondeum

326 935 435 963 vero
459 917 839 964 ZArchilochium
868 928 1072 964 metrum
1095 918 1254 964 efficit.
1296 918 1626 964 Pentametrus
1651 927 1782 965 aaca-

326 994 539 1051 talectus,
563 993 642 1056 qui
669 1012 694 1039 e
720 994 946 1056 quinque,
971 1004 1037 1051 ut,

457 1070 671 1116 Phoebus
694 1086 768 1116 me
793 1070 963 1133 docuit·
966 1070 1094 1134 juga
1119 1069 1373 1116 Pieridum
1396 1071 1544 1134 sequi.

267 1164 308 1193 34
326 1147 392 1193 Et
416 1146 506 1192 hoc
531 1145 848 1192 Simonidium
876 1145 1062 1193 dicitur.
1125 1147 1474 1193 Hexametrum
1502 1147 1576 1193 cui
1603 1164 1684 1193 sex
1709 1147 1781 1192 in-

328 1223 525 1269 cisiones
552 1232 676 1279 sunt,
702 1232 768 1278 ut,

465 1300 707 1346 Oceanum
732 1301 917 1346 interea
940 1317 1146 1363 surgens
1172 1299 1372 1346 Aurora
1395 1299 1606 1362 reliquit.

329 1376 405 1422 Fit
434 1376 761 1422 catalecticum
801 1377 846 1422 in
872 1376 891 1405 b
908 1376 1104 1439 syllaba,
1129 1376 1263 1438 cujus
1288 1394 1342 1422 ea
1371 1376 1656 1439 compositio
1694 1384 1781 1432 est,

327 1463 380 1498 ut
406 1453 576 1499 habeat
600 1453 749 1499 cduos
775 1453 988 1516 dactylos
1013 1463 1060 1498 et
1085 1452 1364 1516 spondeum,
1383 1452 1557 1498 dehinc
1581 1451 1780 1498 totidem

327 1529 555 1593 dactylos,
579 1539 627 1575 et
652 1530 697 1575 in
724 1532 818 1576 fine
843 1530 1092 1593 syllabam,
1116 1539 1183 1586 ut,

427 1606 573 1653 Alma
590 1625 771 1669 parens
795 1606 814 1636 d
826 1608 1052 1671 genetrix
1077 1607 1235 1653 divum
1261 1606 1401 1652 decus
1424 1604 1627 1652 Oceano.

267 1695 305 1725 35
329 1682 459 1728 Nam
497 1684 532 1728 si
570 1702 663 1729 una
688 1684 868 1747 syllaba
893 1684 1078 1730 brevius
1104 1683 1244 1729 fuerit
1269 1700 1294 1728 a
1319 1682 1534 1745 legitimo
1560 1682 1782 1727 hexame-

327 1768 401 1805 tro
435 1759 592 1816 heroo,
621 1760 803 1806 dicetur
838 1760 1111 1824 Diphilium
1151 1771 1385 1812 metrum3
1434 1758 1498 1804 ita
1533 1768 1694 1804 tamen
1730 1768 1785 1804 ut

328 1835 416 1880 ista
464 1836 746 1883 versificatio
792 1836 985 1882 tertium
1034 1836 1238 1899 epedem
1282 1834 1545 1898 spondeum
1600 1852 1787 1898 semper

268 1923 310 1961 36
330 1912 515 1958 habeat.
601 1912 712 1958 Hoc
752 1930 942 1975 quoque
983 1912 1182 1975 dignum
1224 1910 1419 1957 eruditis
1461 1911 1649 1957 auribus
1690 1928 1784 1956 non

328 1988 725 2051 praetermiserim,
762 1997 1000 2052 repertum
1043 1988 1091 2034 in
1133 1988 1410 2034 hexametro
1446 2004 1580 2033 versu
1623 1986 1788 2051 dacty-

331 2066 435 2122 lico,
460 2065 534 2111 cui
568 2075 730 2112 tamen
763 2065 858 2111 duo
893 2066 995 2111 cola
1019 2083 1044 2111 e
1069 2065 1254 2110 duobus
1280 2063 1480 2126 dactylis
1505 2071 1551 2109 et
1577 2062 1787 2127 spondeo

331 2143 632 2198 constabunt,
652 2151 875 2205 quattuor
903 2141 1046 2206 pedes
1083 2141 1355 2204 disyllabos,
1390 2139 1435 2185 id
1470 2149 1555 2197 est,
1586 2139 1788 2186 trochae-

333 2236 429 2271 um,
473 2218 703 2275 iambum,
743 2218 1087 2280 pyrrhichium,
1130 2216 1409 2280 spondeum,
1448 2233 1532 2279 per
1570 2215 1783 2261 ordinem

333 2312 520 2357 semper·
554 2293 758 2358 fpositos
791 2294 1005 2351 inveniri,
1031 2295 1066 2339 si
1094 2293 1206 2339 velis
1238 2292 1364 2345 alias,
1390 2310 1532 2353 quam
1563 2292 1788 2338 hexame-

279 2386 314 2418 37
334 2371 390 2417 tri
432 2370 559 2416 heroi
602 2371 677 2416 lex
722 2371 944 2432 postulat,
981 2369 1216 2416 scandcre.
1302 2369 1372 2415 Ut
1409 2378 1478 2414 est
1517 2369 1639 2431 apud
1681 2369 1787 2414 Ho-

334 2463 536 2500 merum,

468 2523 567 2574 Ζεὺς
591 2523 630 2568 δὲ
655 2528 740 2568 θεῶν
765 2522 904 2583 ἀγορὴν
928 2523 1120 2577 ποιήσατο
1145 2521 1447 2582 τερπικέραυνος.

390 2693 418 2711 w
439 2685 568 2732 Quod]
591 2685 652 2734 qui
670 2699 677 2720 :
710 2692 748 2721 et
768 2698 852 2720 mox
874 2685 913 2720 P.
983 2690 1002 2709 Χ
1024 2684 1171 2731 ἡμιεπὲς]
1195 2671 1356 2734 θηηὶερὲε
1378 2684 1417 2719 Ρ.
1538 2690 1557 2717 Y
1577 2683 1783 2734 dactylum]

337 2738 549 2775 dactilicum
571 2739 610 2774 P.
720 2744 737 2763 Ζ
760 2737 1054 2783 Archilochium]
1079 2736 1378 2774 Archilochicum
1401 2737 1440 2773 P.
1559 2744 1578 2763 a
1598 2737 1788 2774 catalecti-

338 2793 419 2839 cus]
442 2791 642 2828 catalectus
663 2791 703 2826 P.
752 2791 989 2826 Pentameter
1008 2789 1244 2826 catalecticus
1263 2803 1335 2827 em.
1357 2793 1544 2826 Camerar.
1674 2788 1694 2816 b
1713 2791 1788 2841 syl-

339 2846 437 2892 laba]
461 2844 618 2893 syllabas
639 2845 678 2881 P.
801 2850 816 2870 ⁰
836 2844 929 2879 duos
949 2843 1134 2892 dactylos]
1159 2843 1233 2879 duo
1253 2842 1387 2893 dactyli
1408 2844 1448 2879 P.
1572 2841 1591 2869 d
1611 2844 1787 2894 genitrix]

338 2910 504 2959 genetrix
524 2909 562 2945 P.
675 2917 691 2936 0
711 2908 861 2958 pedem]
886 2900 1021 2957 pediim
1044 2908 1083 2944 P.
1193 2905 1208 2933 f
1228 2908 1387 2956 positos]
1413 2907 1535 2957 potius
1555 2908 1594 2944 P.
