1962 3355
169 238 275 269 CAP.
300 229 374 280 17.
588 220 670 266 De
692 219 872 265 duobus
896 217 1074 265 Ionicis
1096 221 1173 280 ᾃε.
1530 222 1620 271 189

373 342 623 389 Thalassio
653 339 902 387 Thalassio
932 337 1199 384 Thalassio.

170 418 325 481 Pquod
350 419 423 465 bis
449 418 746 464 enuntiatum
772 416 882 463 facit
907 414 1111 478 epodon,
1137 414 1216 469 ita,

368 496 553 541 Beatus
576 493 661 540 ille
683 493 765 557 qui
781 490 959 555 procul
979 491 1182 554 negotio,

376 569 644 626 Thalassio,
674 567 939 615 Thalassio.

172 647 281 699 Quo
317 646 522 693 dimetro
551 646 692 692 etiam
719 642 1038 692 Archilochus
1075 658 1266 688 carmen
1299 637 1551 703 conposuit
1575 638 1623 684 in
1645 653 1681 675 12

171 722 471 785 Lycambam
499 731 546 768 et
569 722 714 768 filias:
752 720 833 767 sed
869 729 916 766 et
941 718 1066 783 apud
1103 736 1188 764 nos
1221 725 1372 763 metro
1397 715 1625 762 continuo

170 798 379 861 Alphius
416 797 584 843 Avitus
631 797 750 842 libro
790 796 998 842 qRerum
1040 793 1376 841 excellentium
1419 791 1546 847 fecit,
1579 797 1626 836 et

171 883 330 920 noster
356 873 585 920 Horatius
617 873 774 937 plures
808 872 919 919 odas
957 871 1125 918 eodem
1162 879 1315 916 metro
1349 876 1625 932 persecutus

172 960 255 996 est.
325 950 449 996 Item
476 949 705 996 dimetrus
731 967 788 995 ex
814 958 1015 1011 utraque
1045 955 1176 1011 parte
1212 945 1393 1009 syllaba
1417 943 1627 990 detracta

172 1035 219 1073 et
255 1026 508 1090 acephalos
551 1034 598 1071 et
645 1043 832 1081 scazon,
871 1024 917 1071 id
963 1033 1035 1070 est
1076 1023 1230 1087 capite
1270 1021 1537 1067 inminutus
1579 1029 1627 1066 et

173 1103 384 1160 claudus,
409 1102 652 1159 efficietur,
678 1102 758 1155 sic,

371 1180 526 1226 Adest
550 1178 675 1224 celer
698 1176 943 1223 Phaselns
968 1182 1050 1221 est.

174 1255 315 1312 Item,

372 1329 668 1376 rSimonides
695 1328 976 1375 Simonides.

175 1407 333 1453 Prima
357 1406 481 1452 enim
510 1406 732 1469 adempta
758 1405 939 1468 syllaba
963 1403 1103 1450 faciet
1126 1404 1345 1463 ἀκέφαλον,
1370 1402 1451 1459 sic,
1652 1423 1687 1452 ιε,

373 1483 466 1528 Est
491 1481 616 1529 celer
641 1480 882 1527 Phaselns
908 1487 991 1527 est.

177 1559 345 1605 ultima
369 1576 479 1604 vero
504 1557 748 1611 claudum,
775 1557 857 1614 sic,

375 1635 529 1681 Adest
553 1634 677 1681 celer
700 1633 958 1681 Phaselas.

178 1711 302 1758 Item
327 1712 549 1770 ἀκέφαλος,

376 1786 600 1834 ,Monides
624 1786 903 1833 Simonides.

179 1864 378 1920 Scazon,

379 1938 646 1985 Simonides
670 1938 863 1985 Simoni.

180 2016 236 2062 ad
263 2016 410 2061 instar
439 2015 620 2061 scilicet
644 2014 835 2061 dimetri
873 2014 1138 2077 superioris.
1209 2013 1438 2060 Horatius
1472 2021 1628 2059 autem
1652 2034 1691 2063 14

182 2092 226 2138 in
254 2109 338 2138 suo
363 2108 502 2154 opere
527 2091 734 2154 primum
761 2092 963 2150 ἀκέφαλον
988 2090 1253 2137 adsimilem
1279 2090 1407 2144 huic,

377 2167 470 2213 Est
495 2167 620 2214 celer
642 2167 885 2214 Phaselus
910 2173 993 2223 est,

180 2243 245 2289 ita
270 2242 472 2300 induxit,

381 2318 517 2365 §Non
543 2319 659 2365 ebur·
683 2336 836 2383 neque
860 2334 1077 2365 auream.

181 2395 470 2457 Sequentem
503 2413 613 2441 vero
649 2396 857 2460 epodum
898 2395 1167 2441 trimetrum
1213 2393 1543 2441 catalecticum
1580 2390 1636 2437 ad

182 2471 327 2517 instar
350 2470 506 2531 hujus,

378 2546 623 2594 Pltaselzcs
649 2547 732 2594 ille
755 2565 894 2612 qnem
918 2548 1047 2595 vides
1073 2547 1296 2593 Sabinas.

381 2622 503 2670 Mea
526 2625 712 2671 renidet
735 2626 786 2671 in
808 2625 940 2672 domo
967 2624 1184 2671 lacunar.

183 2700 274 2746 Cui
316 2700 352 2746 si
381 2699 621 2763 duplicem
656 2701 868 2748 iambum
906 2719 932 2747 a
971 2700 1206 2765 principio
1243 2697 1503 2762 dempseris
1537 2713 1643 2743 mea
1664 2712 1699 2742 15

237 2835 257 2863 P
278 2825 407 2878 Quod]
433 2828 510 2866 Qui
531 2829 572 2865 P.
603 2829 693 2865 Mox
716 2828 948 2878 Lycambum
970 2828 1011 2863 P.
1114 2834 1135 2860 q
1155 2827 1298 2873 rerum]
1322 2836 1466 2874 regrum
1490 2821 1578 2869 (sic)
1600 2822 1641 2856 P.

184 2888 200 2907 r
220 2880 431 2919 Simonides
452 2882 566 2917 semel
586 2882 643 2919 ed.
665 2882 827 2932 Tubing.
885 2878 1101 2930 Duplicavit
1121 2877 1368 2915 Camerarius.
1530 2882 1544 2901 s
1565 2886 1642 2910 non

186 2934 293 2981 ebur]
317 2947 385 2972 nec
406 2934 497 2972 ebur
516 2933 555 2971 P.
