1962 3355
145 195 255 226 CAP.
271 188 314 227 8.
588 178 672 223 De
695 183 972 223 tetrametro
994 193 1150 222 versu.
1504 184 1593 233 159

142 300 219 346 Ex
241 300 312 346 his
330 299 474 362 igitur
488 299 599 346 colis
617 315 696 344 seu
716 297 946 353 dimetris‚
966 305 1012 325 ¹¹¹¹
1025 313 1050 341 e
1067 295 1172 358 quis
1189 295 1374 341 duobus
1392 295 1592 358 pedibus
1613 311 1631 344 7

142 378 269 438 prior
292 376 508 439 dactylus
535 391 719 437 semper
737 382 822 429 est,
843 389 1042 434 sequens
1068 370 1318 434 spondeus,
1355 371 1591 417 ⁰Rursum

142 459 416 497 tetrametro
452 452 612 507 heroo,
637 451 686 496 in
718 467 812 512 quo
842 457 1067 511 quattuor
1106 457 1292 494 tantum
1332 447 1525 510 dactyli,
1555 447 1592 493 si

143 527 362 589 subjicias
387 537 478 573 tres
503 527 685 573 iambos
710 543 766 571 eo
799 542 943 580 more,
969 540 1065 585 quo
1089 531 1181 569 tres
1207 522 1403 568 trocliaei
1429 522 1594 586 Pphal-

142 603 234 650 lico
259 603 557 667 copulantur,
581 611 784 648 metrum
813 600 1078 647 Sotericum
1105 598 1294 656 efficies,
1319 599 1398 655 ita,

274 679 345 725 At
369 680 484 725 tuba
509 677 772 725 terribilem
795 676 1003 722 sonitum
1017 674 1199 739 procul

141 754 318 801 dehinc
360 754 504 800 iambi
527 752 715 818 surore
752 769 973 816 congruo.
1057 751 1297 797 qRursum
1331 751 1430 812 ejus
1464 749 1630 812 quodS

142 839 348 877 metrum
385 840 603 877 rvocatur
643 831 808 893 δίμοιρον
845 826 986 884 ἐπικὸν,
1022 845 1077 873 eo
1111 826 1238 889 quod
1272 826 1412 872 Sduos
1447 826 1592 890 pedes

142 905 308 952 heroos
344 914 531 953 tantum
569 906 777 969 recipiat,
801 904 1061 968 dactylum,
1088 901 1369 966 spondeum,
1395 902 1592 965 Sappho

141 981 314 1028 dicitur
359 999 546 1028 carmen
587 980 909 1044 composuisse
957 979 1237 1026 continuum
1275 978 1592 1043 Vpentasylla-

141 1058 273 1103 bum.
347 1057 507 1118 Hujus
534 1057 828 1120 exemplum,

405 1133 609 1179 Primus
633 1133 691 1178 ab
716 1133 812 1177 oris

413 1209 587 1255 Troius
611 1207 748 1253 heros

406 1283 610 1330 Perdita
615 1281 841 1347 flammis

401 1360 655 1423 Pergama
681 1358 900 1421 linquens

402 1434 539 1481 Exul
561 1436 609 1481 in
634 1434 786 1481 altum

407 1511 533 1558 Vela
557 1510 762 1558 resolvit.

140 1589 235 1642 Qui
262 1588 451 1634 dimetri
476 1589 654 1635 wetiam
683 1589 806 1634 inter
823 1586 998 1651 epodos
1023 1585 1329 1650 recipiuntur.
1368 1585 1439 1633 Ut
1463 1585 1588 1650 apud
1608 1607 1628 1638 9

141 1664 398 1712 Horatium
425 1665 473 1711 in
500 1665 708 1711 secunda
732 1664 835 1721 ode,
860 1663 993 1725 cujus
1019 1663 1208 1710 initium
1236 1671 1321 1720 est,

335 1741 453 1788 Jam
476 1742 596 1788 satis
619 1742 764 1788 terris
787 1741 909 1788 nivis
933 1747 1076 1804 atque
1100 1740 1228 1786 dirce.

139 1817 308 1863 ultima
332 1818 423 1864 coli
447 1818 673 1875 clausula,

343 1894 539 1940 Terruit
560 1894 770 1940 '‘urbem.

138 1969 283 2015 Vides
315 1969 580 2031 subjectum
615 1969 870 2015 dimetrum
909 1977 1059 2014 metro
1084 1967 1326 2032 Sapphico
1359 1966 1591 2013 hendeca-

139 2046 320 2108 syllabo
344 2055 391 2092 et
413 2063 496 2108 per
527 2045 740 2091 ordinem
776 2044 986 2107 ejusdem
1025 2044 1216 2090 asmatis
1253 2043 1429 2089 similes
1463 2043 1591 2089 clau-

138 2122 261 2167 sulas
305 2121 483 2167 haberi.
562 2121 756 2167 Dehinc
802 2121 914 2166 huic
954 2129 1227 2166 tetrametro
1272 2118 1590 2165 Archilochus
1611 2140 1650 2162 10

138 2198 341 2244 similem
369 2217 393 2244 e
418 2197 653 2244 contrario
679 2198 887 2262 speciem
925 2204 1226 2244 commentus
1263 2204 1347 2253 est,
1372 2213 1482 2242 nam
1510 2194 1592 2241 de-

190 2349 234 2368 nn
253 2342 384 2391 aequis]
408 2356 427 2379 e
447 2341 530 2391 quis
550 2343 590 2379 P.
701 2349 720 2369 ⁰
740 2343 903 2389 rursum]
929 2354 1056 2378 susum
1076 2341 1119 2376 P.
1235 2347 1255 2374 P
1275 2338 1474 2385 Phalaecio]
1498 2340 1590 2388 pha-

136 2394 252 2432 leutio
276 2396 315 2432 P.
347 2396 505 2445 Repone
526 2395 699 2445 phallico.
976 2401 996 2429 q
1016 2406 1159 2429 rursum
1177 2391 1274 2440 ejus]
1299 2405 1427 2428 susum
1447 2391 1528 2428 dius
1549 2393 1589 2428 P.

138 2455 153 2474 ¹·
170 2457 323 2485 vocatur
343 2451 470 2496 δίμοιρον
490 2450 612 2497 ἐπικὲν]
640 2457 748 2486 vocat
767 2452 1113 2483 AIMOIPCHEZON
1131 2447 1171 2482 P.
1229 2452 1243 2472 s
1264 2446 1356 2482 duos
1371 2458 1533 2495 suprasc.
1548 2446 1590 2482 P.

140 2508 159 2528 V
180 2515 374 2538 numerum
397 2514 463 2551 per
488 2501 729 2551 syllabarum]
751 2501 1040 2551 persyllabarum
1061 2501 1101 2536 P.
1123 2513 1206 2536 cum
1234 2499 1524 2548 pentasyllabzcm
1553 2498 1590 2534 in

136 2567 253 2605 marg.
363 2562 391 2580 w
410 2555 541 2603 etiam]
567 2563 603 2591 et
624 2556 663 2592 P.
774 2561 795 2581 Χ
814 2555 961 2603 orbem]
986 2554 1115 2590 urbem
1138 2554 1179 2589 P.

193 2679 227 2715 8.
248 2680 377 2727 δίμοιρον
405 2678 475 2725 ἐπ]
504 2679 699 2713 Trimoeron
718 2677 824 2720 forte,
894 2678 1102 2712 continuum
1131 2677 1321 2711 dimetrum
1355 2675 1429 2722 (vel
1460 2676 1588 2710 trimoe-

135 2732 190 2769 vel
210 2740 310 2768 certe
329 2733 520 2767 dimetrum
540 2733 627 2778 ερὲς.
650 2730 825 2767 COMM.
895 2733 977 2777 ron)
1002 2729 1280 2777 pentasyllabon
1312 2727 1510 2777 legendum
1544 2726 1590 2762 sit

189 2786 240 2822 ib.
263 2785 411 2832 Sappho
439 2786 571 2820 dicitur
597 2785 828 2831 composuisse
895 2791 933 2819 et
950 2797 985 2832 p.
1012 2783 1097 2830 176,
1116 2794 1175 2827 24.
1193 2781 1303 2826 (infra
1315 2794 1345 2817 c.
1360 2781 1450 2826 xiii.)
1469 2788 1510 2815 ut
1529 2792 1591 2814 su-

136 2841 343 2874 continuum
371 2850 556 2873 numerum
579 2849 647 2885 per
669 2837 828 2884 syllaba·
896 2849 963 2887 pra
974 2832 1586 2885 rpa'faoaffovveldimetrum.COMM.

136 2892 235 2939 rum]
263 2890 448 2940 Equidem
479 2903 554 2927 non
583 2889 715 2927 dubito
737 2888 827 2939 quin
