1962 3355
1512 178 1598 217 583

598 190 779 224 veterum
801 182 1123 237 apospasmatia.

140 311 165 335 a
189 296 332 344 bubus,
354 295 545 350 quamvis
565 293 790 348 opilionum
822 293 1197 346 caprariorumque
1219 303 1423 330 sermones
1442 291 1512 329 ⁰in
1532 289 1598 329 his

141 363 331 404 cantibus
352 364 611 402 inserantur.
1463 356 1465 358 ’

200 430 521 486 pEpithalamia
542 428 657 484 apud
677 428 852 468 Latinos
874 428 1057 467 inventa.
1122 426 1214 465 Hoc
1239 437 1380 480 genus
1400 424 1446 463 in
1467 424 1599 464 scenis

141 499 388 538 celebratum
407 503 467 538 est
478 498 688 553 primum,
700 501 848 551 postea
870 500 1033 534 tantum
1052 494 1099 533 in
1120 492 1283 548 nuptiis
1303 491 1489 531 adlioesit.

199 565 396 620 Hymnos
423 572 442 600 q
445 570 543 620 post
575 564 757 603 Numam
784 563 972 618 primum
1005 561 1179 600 Emmia
1205 559 1368 599 Timote
1399 558 1530 613 effecit
1554 558 1600 597 in

143 632 374 687 Apollinem
396 638 434 672 et
454 632 623 672 Musas.
684 630 898 685 Haecfuit
918 629 1167 684 temporibus
1188 628 1343 667 Ennii.

201 700 418 754 Praecepta
440 699 611 754 primus
642 698 756 753 apud
789 698 964 737 Latinos
991 697 1184 737 Mart-ius
1217 701 1330 736 vates
1363 693 1601 750 composuit.

144 768 218 808 Eoe
239 767 387 823 quibas
407 771 466 806 est
487 766 616 805 illud.-
650 766 910 805 rPostremus
930 765 1132 820 loquaris,
1146 765 1317 819 primus
1340 768 1486 803 taceas.

205 837 344 883 Quare
373 839 501 888 poe'tae
527 833 680 872 Lat-ine
712 838 825 872 vates
855 832 952 872 olim
979 838 1016 872 et
1044 833 1201 887 scripta
1229 845 1369 871 eorum
1400 828 1604 870 vaticinia

145 903 421 944 dicebantur?
471 901 583 948 Quia
616 901 659 940 vi
693 900 874 955 quadam
913 906 952 940 et
984 900 1106 955 quasi
1146 899 1319 939 vesania
1361 896 1604 938 Sscribendo

124 990 126 995 ·
146 975 530 1018 tcommoverentur,
548 969 659 1008 viere
676 968 863 1023 antiquis
884 976 986 1022 vpro
1004 968 1162 1007 vincire
1175 965 1439 1022 ponentibus.
1457 964 1604 1004 Etiam

142 1053 221 1094 per
231 1038 436 1093 furorem
470 1036 608 1076 (livini
635 1035 770 1076 eodem
797 1040 919 1075 erant
943 1035 1122 1083 nomine,
1145 1035 1244 1090 quia
1274 1039 1312 1073 et
1340 1033 1424 1088 ipsi
1451 1045 1606 1087 quoque

146 1106 368 1161 Wpleriqne
397 1105 584 1145 versibus
615 1104 904 1159 efferebantur.
968 1102 1106 1142 Poetae
1126 1107 1262 1142 autem
1283 1115 1310 1140 a
1322 1105 1510 1156 poemate
1529 1113 1604 1154 ap-

144 1174 407 1230 pellationem
428 1178 686 1228 acceperunt.

205 1241 447 1281 xCarmz‘na
488 1240 584 1280 liinc
619 1240 862 1280 existimant
896 1238 1034 1278 dicta:
1077 1251 1148 1277 sea
1180 1243 1358 1292 propter
1394 1236 1608 1276 vesaniam

147 1309 256 1365 qnod
281 1309 459 1363 carptim
482 1308 888 1363 pronunciarentur,
911 1306 1019 1345 uncle
1039 1305 1157 1345 hodie
1178 1304 1335 1354 lanam,
1357 1318 1481 1359 quam
1497 1319 1606 1359 pnr-

143 1381 298 1431 gantes
333 1376 590 1430 discerpunt,
631 1374 869 1414 carminare
909 1373 1113 1418 dicimus‚·
1161 1385 1232 1412 seu
1273 1371 1393 1426 qnod,
1430 1372 1502 1426 qui
1536 1370 1610 1410 illa

149 1449 358 1491 canerent,
379 1457 520 1483 carere
540 1449 671 1483 mente
691 1441 1053 1482 existimabantur.

216 1513 362 1551 Versus
383 1510 480 1550 inde
507 1510 623 1559 dicti,
645 1511 745 1566 quia
772 1511 831 1550 sic
858 1509 1090 1549 scribebant
1119 1509 1301 1564 antiqui,
1323 1508 1431 1548 sicut
1459 1513 1613 1548 aratur

205 1672 224 1691 0
245 1665 279 1699 in
309 1664 362 1698 his
387 1662 566 1709 cantibus]
599 1662 683 1698 MS.
713 1663 854 1710 primns

152 1716 284 1752 Isidori
306 1719 343 1752 in
365 1717 418 1752 his
433 1718 602 1751 cantica:
633 1715 725 1751 alter
744 1717 778 1750 in
802 1716 855 1750 his

153 1775 187 1805 et
208 1771 376 1806 cantica:
406 1769 504 1818 vulg.
525 1771 561 1804 in
583 1770 625 1804 iis
644 1774 678 1804 et
699 1770 852 1804 cantica.

152 1824 308 1859 Praestat
338 1821 521 1872 scriptura
550 1821 668 1858 nostri
702 1822 852 1859 codicis.

155 1877 314 1913 HEUS.

207 1937 227 1964 P
247 1929 518 1977 Epithalamia]
542 1928 729 1965 Isidorus:
765 1930 856 1976 Epi-

156 1984 332 2019 thalamia
352 1989 435 2019 sunt
455 1984 616 2018 carmina
637 1983 856 2025 nubentium,

155 2049 231 2083 quse
259 2038 500 2072 decantantur
526 2049 548 2071 α
572 2036 794 2072 scholasticis
822 2038 857 2072 in

156 2091 323 2125 honorem
353 2092 470 2137 sponsi
501 2095 534 2125 et
567 2102 711 2136 sponsae.
771 2091 859 2125 Haec

151 2145 309 2191 primam
330 2143 502 2178 Salomon
529 2144 639 2178 edidit
659 2145 694 2177 in
716 2144 857 2178 laudem

154 2198 306 2233 ecclesice
332 2201 365 2231 et
390 2196 533 2232 Christi.
593 2196 649 2231 Ex
676 2208 744 2243 quo
771 2209 857 2243 gen-

155 2252 233 2286 tiles
262 2251 328 2285 sibi
355 2250 627 2296 epithalamium
654 2251 857 2286 vindicave-

156 2309 254 2344 runt,
277 2308 311 2339 et
332 2304 431 2338 istius
457 2304 598 2350 generis
626 2315 769 2339 carmen
792 2304 857 2338 asl-

154 2361 308 2392 snmtum
340 2357 439 2392 hcesit
473 2356 596 2406 [Lege
616 2369 635 2393 e
656 2356 768 2392 MSS.
791 2357 855 2392 ad-

156 2415 311 2445 sumtum
343 2410 426 2455 est.]
503 2410 607 2450 Quod
638 2422 751 2457 genus
777 2411 857 2457 pri-

156 2475 253 2498 mum
287 2475 309 2497 a
335 2463 528 2509 gentilibus
560 2465 596 2498 in
629 2465 740 2499 scenis
769 2465 857 2499 cele-

159 2516 344 2559 brabatur,
362 2521 486 2563 postea
509 2521 649 2552 tantum
669 2519 703 2552 in
724 2518 861 2564 nuptiis

160 2570 270 2605 haesit.
325 2569 481 2604 Vocatur
505 2570 606 2615 [MS.
627 2570 726 2618 prior
747 2571 860 2605 Voca-

158 2622 253 2668 tum]
273 2627 393 2657 autem
411 2622 684 2669 epithalamium
700 2636 751 2666 eo,
767 2625 862 2671 quod

158 2688 265 2723 super
292 2675 491 2710 thalamum
523 2676 652 2722 [MSS.
678 2677 714 2710 in
742 2677 860 2712 thala-

159 2729 242 2775 mis]
265 2729 486 2764 decantetur.
525 2728 679 2764 HEUS.

214 2788 234 2816 q
250 2786 333 2829 post
346 2781 523 2828 Numam]
550 2781 658 2830 Apud
676 2780 861 2817 Isidorum

163 2834 265 2871 nulla
297 2834 431 2870 Numae
464 2834 506 2870 fit
540 2835 696 2876 mentio,
727 2841 765 2870 et
796 2847 861 2883 pro

158 2890 316 2935 primum
337 2889 483 2923 Emmia
508 2888 646 2924 Timote
669 2888 784 2936 effecit
811 2887 862 2924 le.-

163 2939 261 2991 gitur
283 2943 401 2989 prima
426 2942 596 2977 Memmia
622 2942 782 2977 Timotoe
798 2941 862 2989 fe-

909 1664 968 1697 cit.
1043 1661 1216 1697 Fortasse
1258 1658 1496 1696 scribendum
1535 1667 1613 1696 erat

910 1715 1083 1750 Inemmia
1108 1713 1306 1749 Timotheo.
1347 1713 1503 1749 HEUS.

963 1775 979 1794 r
1004 1769 1212 1804 Postremus
1240 1767 1416 1814 loquaris]
1449 1766 1613 1803 Isidorus

910 1820 973 1858 lib.
987 1822 1055 1857 VI.
1076 1834 1107 1857 c.
1123 1821 1157 1857 8.
1180 1833 1215 1869 p.
1233 1831 1322 1870 959.
1340 1825 1540 1867 postremus
1559 1821 1614 1855 di-

912 1888 981 1911 cas.
1022 1874 1180 1911 HEUS.

966 1934 980 1954 s
1001 1929 1201 1976 scribendo]
1226 1926 1529 1977 Praepositionem
1551 1927 1613 1963 ad-

906 1980 991 2029 jicit
1022 1982 1185 2018 Isidorus
1216 1981 1280 2019 lib.
1310 1982 1417 2018 VIII.
1452 1993 1485 2018 c.
1510 1992 1543 2028 7.
1578 1982 1615 2016 in

912 2037 1106 2072 scribendo.
1142 2036 1296 2071 HEUS.

967 2090 982 2115 ’ί
1002 2089 1322 2135 commoverentur]
1351 2087 1458 2124 Adde
1479 2101 1522 2124 ex
1544 2088 1613 2123 Isi-

913 2143 1027 2179 doro:
1058 2144 1114 2178 vel
1135 2144 1228 2190 quod
1256 2143 1369 2178 modis
1393 2142 1500 2177 verba
1530 2153 1614 2176 con-

914 2201 1105 2231 necterent.
1148 2196 1301 2232 HEUS.

967 2256 987 2275 V
1011 2262 1080 2296 pro
1114 2249 1265 2295 vincire]
1302 2249 1484 2296 Corrupte
1519 2246 1615 2295 apud

913 2301 1099 2338 Isidorum
1135 2301 1331 2339 scribitur:
1388 2301 1491 2336 Viere
1523 2301 1616 2336 enim

909 2368 978 2403 pro
998 2357 1137 2391 vincere
1154 2356 1378 2403 ponentibus.
1434 2354 1620 2389 Particula

914 2411 1004 2445 enim
1027 2421 1072 2445 ex
1098 2408 1222 2458 glossa
1250 2406 1440 2456 irrepsisse
1463 2407 1615 2443 videtur.

917 2462 1081 2498 Verbum
1104 2464 1237 2498 vincire
1257 2461 1443 2497 sententia
1462 2459 1617 2510 flagitat,

917 2524 1029 2565 atque
1048 2515 1100 2551 ita
1120 2515 1358 2552 scribendum
1379 2526 1470 2556 esse,
1488 2527 1508 2550 e
1527 2514 1620 2549 Var-

918 2582 1021 2610 rone,
1051 2569 1164 2606 Festo
1192 2582 1234 2605 ac
1254 2567 1384 2604 Nonio
1414 2567 1501 2604 satis
1530 2579 1620 2603 con-

918 2631 1014 2658 stare
1033 2630 1192 2673 poterat.
1234 2622 1391 2659 HEUS.

974 2684 1000 2703 W
1012 2677 1177 2724 plerique
1188 2677 1345 2712 versibus
1359 2674 1617 2723 efferebantur]

920 2728 1104 2765 Isidorus:
1133 2731 1307 2777 pleraque
1325 2729 1481 2764 versibus
1496 2727 1616 2774 effere-

922 2784 1018 2818 bant.
1060 2783 1212 2819 HEUS.

985 2842 1005 2861 x
1047 2836 1218 2872 Carmina
1268 2835 1348 2869 hinc
1395 2832 1618 2878 existimant]

918 2888 1027 2924 Conf.
1048 2888 1180 2926 Isidor.
1201 2887 1265 2924 lib.
1283 2889 1312 2923 Ι.
1333 2899 1365 2924 c.
1384 2886 1445 2934 38.
1477 2898 1512 2935 p.
1530 2885 1619 2933 852.

920 2942 1070 2978 HEUS.
