1962 3355
125 199 231 230 CAP.
258 192 303 229 4.
603 183 686 229 De
715 183 1091 247 Orthographz'a.
1518 193 1573 231 23

123 305 269 351 dubio
293 322 376 368 per
399 322 470 351 ms
498 304 725 351 scribetis.
794 304 861 350 Et
892 303 1113 367 kquando
1138 304 1184 349 in
1212 304 1378 350 harum
1406 322 1577 351 vocum
1598 321 1638 350 82

123 381 415 427 mentionem
451 379 740 435 lincidimuS‚
765 398 853 426 nec
890 387 1244 437 mconsumtum,
1269 398 1355 426 nec
1390 387 1580 438 emtum,

122 475 210 504 nec
244 457 525 512 redemtum,
561 475 648 503 nec
679 463 896 514 ntemtat,
929 463 1166 512 attemtat,
1196 466 1241 502 et
1274 456 1449 502 similia
1480 456 1579 502 istis

123 551 208 598 per
235 540 294 596 pt
326 534 537 580 scribetis
569 533 752 589 vitiose,
785 532 863 579 sed
899 541 952 579 ut
987 550 1074 595 ego
1113 532 1303 596 ⁰scripsi
1331 532 1472 593 juxta
1512 539 1582 578 mt

123 610 327 672 ponetis,
352 619 399 655 et
423 609 723 656 lucrifacietis
757 609 979 665 litteram,
1005 626 1111 671 quae
1142 608 1351 655 detracta
1377 608 1496 654 nibil
1523 608 1581 654 de

125 686 393 749 significatu
412 686 538 732 vocis
555 685 792 732 deminuit
811 694 856 731 et
876 685 1096 731 scribitur
1110 685 1393 748 expeditius.
1427 684 1580 730 Credo
1600 696 1639 733 83

124 762 264 825 Pquia
302 780 383 808 vos
424 763 649 825 ignoratis
686 779 860 808 nomen
895 761 1196 826 privilegium
1233 761 1359 824 quod
1396 761 1582 819 dicitur,

124 839 199 884 lex
226 839 351 884 enim
381 839 612 902 privilegii
639 840 686 885 in
713 855 859 884 unum
889 837 1134 883 hominem
1161 846 1232 884 est
1255 837 1395 884 dicta.
1430 838 1581 884 Video
1600 854 1641 892 84

124 932 206 961 vos
232 932 354 978 saepe
379 924 426 960 et
450 932 558 962 orco
583 925 628 961 et
658 916 893 962 qvulcano
915 915 945 961 h
964 915 1166 961 litteram
1193 915 1471 977 relinquere,
1499 915 1580 961 sed

126 991 264 1036 credo
287 1008 368 1037 vos
402 992 731 1054 antiquitatem
770 993 918 1054 sequi,
944 991 1023 1037 sed
1054 1008 1162 1037 cum
1198 993 1421 1055 asperitas
1446 1002 1581 1038 vetus

126 1068 205 1113 illa
240 1068 468 1130 paulatim
505 1068 560 1114 ad
594 1068 892 1131 elegantioris
919 1068 1027 1114 vitae
1057 1069 1406 1132 ¹'sermonisque
1431 1077 1500 1115 est
1530 1069 1583 1114 li-

127 1161 252 1189 mam
281 1144 528 1206 perpolita,
554 1145 619 1189 sic
645 1162 725 1190 vos
751 1161 941 1206 quoque
968 1145 1049 1189 has
1074 1161 1211 1190 voces
1238 1145 1337 1190 sine
1363 1146 1393 1191 h
1417 1163 1582 1191 secun-

126 1221 238 1267 dum
280 1221 672 1267 consuetudinem
723 1220 867 1265 nostri
916 1219 1057 1266 seculi
1102 1221 1318 1274 scribite3
1355 1221 1470 1267 item
1511 1239 1583 1268 co-
1600 1236 1640 1274 85

124 1313 260 1352 rona,
294 1313 485 1354 ancora,
524 1296 832 1360 Ssepulcrmn,
865 1297 952 1343 tsic
985 1304 1032 1342 et
1056 1314 1161 1358 quae
1194 1297 1225 1343 h
1256 1298 1306 1343 in
1343 1297 1584 1361 vadspira-

126 1373 254 1418 tione
273 1373 553 1428 desiderant,
575 1382 643 1430 ut>
663 1373 925 1430 brachium,
943 1374 1121 1431 cohors,
1140 1373 1337 1430 harena,
1351 1374 1582 1436 pulcher.-

128 1449 207 1495 sed
234 1468 287 1495 ea
311 1461 542 1513 quatenus
569 1450 790 1496 Wdebetis
827 1452 1085 1506 observare,
1111 1450 1364 1513 ignoratis:
1402 1450 1583 1498 inducti

126 1527 322 1573 fortasse
340 1545 410 1583 eo,
434 1527 587 1590 Xquod
617 1527 796 1591 legistis
819 1535 1139 1591 Ypraeceptum
1163 1526 1484 1589 antiquorum,
1504 1528 1583 1589 qui

128 1603 259 1651 aiunt
280 1604 415 1650 scribi
438 1604 630 1667 quidem
652 1604 874 1650 omnibus
895 1603 1059 1649 litteris
1084 1612 1315 1667 oportere,
1336 1603 1384 1649 in
1408 1612 1584 1650 Zenun-

127 1681 291 1727 tiando
336 1691 492 1727 autem
534 1681 761 1743 quasdam
805 1681 983 1727 litteras
1024 1680 1212 1727 elidere.
1282 1681 1336 1727 In
1380 1699 1491 1744 quo,
1530 1690 1584 1727 ut
1602 1698 1642 1730 86

129 1758 254 1804 idem
282 1758 451 1822 saepius
477 1757 649 1814 dicam,
676 1757 745 1803 bis
771 1758 993 1821 peccatis,
1018 1757 1173 1820 aquod
1204 1757 1330 1804 aliud
1367 1758 1586 1814 scribitis,

128 1845 176 1880 et
207 1834 331 1880 aliud
370 1834 524 1896 legitis
549 1852 690 1896 quam
720 1835 950 1898 scriptum
976 1844 1072 1881 est:
1110 1834 1225 1897 quid
1254 1835 1379 1880 enim
1407 1834 1587 1881 facietis

131 1911 177 1956 in
205 1910 293 1965 his,
318 1910 467 1973 bquae,
485 1910 637 1956 velitis
658 1910 833 1965 nolitis,
853 1919 899 1956 et
919 1910 1166 1956 scribenda
1184 1919 1294 1956 sunt
1318 1919 1365 1957 et
1388 1910 1588 1974 legenda

131 1996 184 2033 ut
219 1987 391 2051 scripta
420 1997 544 2042 sunt,
574 1996 624 2033 ut
656 1987 863 2050 exempli
900 1987 1062 2050 gratia,
1088 1987 1318 2044 existimo,
1344 2005 1439 2033 non
1473 2003 1589 2033 εχαξ-

128 2065 285 2120 stimo,
317 2072 364 2110 et
396 2064 665 2126 conquinat,
703 2081 795 2109 non
834 2064 1129 2127 coinquinat,
1160 2073 1207 2109 et
1236 2063 1422 2110 similia.
1491 2063 1588 2109 Eli-
1609 2083 1649 2122 87

131 2141 306 2187 duntur
331 2149 487 2185 autem
515 2139 698 2186 vocales
725 2141 937 2204 singulae,
961 2158 1071 2187 cum
1097 2139 1228 2186 cduae
1253 2141 1590 2194 concurrerint,

131 2226 184 2262 ut

187 2253 198 2271 ⁵
265 2281 396 2328 lVlen'
423 2282 607 2344 incepto
633 2283 860 2329 desistere
882 2283 1058 2329 victam
1076 2284 1105 2328 .9

131 2358 243 2404 Non
271 2376 417 2405 mene.
487 2359 566 2416 Et,

186 2451 207 2478 k
228 2453 395 2502 quando]
419 2453 509 2501 q'rffii
532 2454 572 2489 P.
684 2452 694 2478 1
714 2452 932 2501 incidimus]
958 2453 1062 2490 deest
1081 2454 1122 2490 P.
1220 2461 1250 2480 m
1270 2460 1593 2504 consumptum—

133 2507 1110 2556 emptum—redemptum—temptat—attemptat]
1141 2515 1591 2544 consumtum—emtum

132 2559 819 2596 —redemtuiii—temtat-—attemtat
838 2561 877 2596 P.
962 2567 980 2586 ⁰
1001 2560 1147 2610 scripsi]
1172 2561 1299 2597 scribsi
1323 2561 1362 2597 P.
1453 2568 1472 2595 P
1492 2560 1592 2609 quod

133 2612 330 2662 ignoretis]
354 2611 437 2662 quia
458 2625 520 2649 vos
540 2613 720 2663 ignoratis
740 2614 780 2649 P.
919 2620 938 2648 (1
960 2613 1111 2661 ulcano]
1137 2614 1296 2650 vulcano
1314 2615 1352 2650 P.
1483 2621 1498 2639 r
1518 2626 1593 2649 ser-

135 2666 329 2715 monisque
348 2667 422 2713 est]
446 2665 703 2715 sermonisque
724 2668 763 2703 P.
930 2673 944 2692 s
966 2666 1196 2716 sepulcrum]
1222 2667 1457 2716 sepulchrum
1479 2667 1517 2702 P.
1540 2679 1592 2714 pr.

132 2719 147 2745 ’ί
167 2719 279 2766 sicut]
299 2719 349 2755 sic
370 2727 407 2755 et
426 2720 468 2756 P.
593 2727 612 2745 V
631 2719 897 2768 disputatione]
920 2719 1172 2769 adspiratione
1194 2722 1233 2757 P.
1358 2728 1386 2745 w
1407 2720 1589 2765 debeatis]

135 2772 278 2809 debetis
298 2773 338 2808 P.
518 2779 538 2798 X
558 2773 673 2822 quod]
696 2772 782 2822 quia
803 2774 842 2809 P.
1006 2780 1026 2808 Y
1048 2774 1294 2822 praeceptum]
1318 2781 1530 2822 preceptum
1552 2772 1591 2806 P.

134 2832 152 2852 Ζ
173 2825 424 2872 enunciando]
449 2826 679 2863 enuntiando
700 2827 742 2864 P.
862 2833 882 2853 a
900 2826 1017 2876 quod]
1041 2827 1128 2876 quia
1147 2828 1187 2864 P.
1311 2824 1332 2853 b
1352 2827 1450 2875 quae]
1470 2824 1533 2873 qui
1553 2825 1592 2859 P.

136 2885 153 2905 c
171 2879 264 2927 duo]
287 2879 368 2916 duae
389 2880 428 2915 P.
