1962 3355
373 170 469 208 484
956 164 1211 212 Diomedis
1631 181 1727 214 ΜΒ.
1748 183 1823 215 111.

374 282 419 328 in
458 282 670 329 dimetris
702 282 911 345 quidem,
935 301 1042 330 cum
1081 285 1207 347 prior
1241 286 1361 330 basis
1401 294 1701 348 pentasemos
1727 285 1826 331 fue-

373 357 449 414 rit,
475 357 520 403 id
545 368 614 404 est
646 367 917 421 temporum
945 359 1172 422 quinque,
1188 360 1275 406 erit
1312 360 1412 405 sine
1440 359 1587 406 dubio
1623 361 1829 408 secunda

376 434 691 498 heptasemos,
718 434 764 480 id
791 444 860 481 est
890 444 1159 498 temporum
1196 444 1393 498 septem.
1462 435 1507 481 A
1541 435 1744 483 dimetro
1780 437 1826 483 in

374 510 642 557 trimetrum
669 511 937 573 ampliatur.

702 639 823 685 CAP.
842 639 1095 685 XXXIII.
1142 640 1223 686 DE
1250 656 1495 689 PAEONICO.

440 738 710 784 Paeonicum
738 746 960 793 metrum,
981 738 1108 800 quod
1134 739 1346 802 plerique
1371 740 1701 804 rhythmicum
1727 759 1828 788 esse

373 815 611 870 dixerunt,
636 823 820 860 constat
844 814 999 878 priore
1025 832 1206 878 paeone,
1222 816 1431 878 admittit
1455 835 1564 880 vero
1589 827 1668 864 Pet
1691 836 1831 881 quar-

373 901 492 945 tum,
510 900 555 936 et
573 890 816 947 creticum,
837 900 882 937 et
909 891 1159 938 bacchium
1188 909 1213 938 a
1238 893 1366 939 brevi
1392 894 1473 956 qui
1499 904 1585 952 est,
1607 895 1663 941 ad
1691 895 1829 941 metri

373 968 532 1012 finem.
607 966 716 1013 Hoc
760 968 795 1013 ἐν
836 969 1070 1030 παραβάσει
1113 968 1458 1033 Aristophanes
1506 971 1830 1035 composuisse

373 1043 590 1090 creditur.
644 1043 1069 1107 Elegantissimum
1097 1056 1168 1092 est
1199 1045 1354 1108 igitur,
1374 1064 1482 1093 cum
1509 1066 1594 1112 per
1619 1048 1830 1111 singulos

374 1120 516 1184 pedes
551 1138 656 1185 pars
683 1121 907 1168 orationis
933 1121 1233 1185 ‘limpleatun

539 1252 657 1297 CAP.
678 1251 919 1298 XXXIV.
971 1251 1078 1298 ¹'DE
1103 1268 1347 1301 VERSUUM
1375 1270 1675 1303 GENERIBUS.

440 1352 721 1397 rrVersuum
769 1370 941 1415 genera
987 1353 1226 1416 praecipua
1273 1364 1382 1400 sunt
1423 1355 1649 1417 quinque.
1732 1355 1832 1401 Aut

374 1428 501 1473 enim
540 1427 726 1474 dimetri
772 1437 896 1485 sunt,
939 1438 1019 1474 aut
1060 1428 1275 1486 trimetri,
1315 1441 1396 1477 aut
1435 1431 1712 1488 tetrametri,
1751 1442 1832 1477 aut

374 1504 674 1568 pentametri,
715 1515 796 1551 aut
839 1504 1118 1561 hexametri,
1156 1505 1234 1551 sed
1278 1506 1572 1570 singulorum
1615 1507 1831 1571 plurimae

375 1590 485 1627 sunt
510 1580 706 1644 specieS.

947 1646 1029 1692 De
1054 1646 1268 1694 dimetro.

440 1732 661 1779 Dimeter
697 1751 756 1779 ex
807 1733 1024 1779 inferiore
1072 1743 1203 1797 parte
1246 1735 1526 1791 hexametri,
1565 1735 1644 1797 qui
1690 1735 1834 1782 habet

374 1810 617 1873 dactylum
646 1820 692 1856 et
729 1810 994 1874 spondeum
1023 1811 1093 1856 vel
1120 1812 1399 1857 trochaeum.
1470 1810 1632 1872 Hujus
1669 1828 1831 1858 exem-

375 1888 508 1950 plum
535 1897 606 1933 est
631 1887 676 1933 in
705 1887 937 1933 SHoratio
965 1887 1074 1943 tale,

841 1964 1018 2004 Terruit
1040 1965 1181 2004 urbem
1198 1982 1209 2011 ‚-

377 2036 514 2098 quale
541 2048 610 2083 est
635 2046 682 2082 et
708 2036 840 2094 illud,

837 2114 1013 2153 Primus
1035 2114 1085 2153 ab
1105 2115 1207 2154 oris.

931 2252 1016 2299 De
1041 2252 1274 2298 trimetro.

443 2339 679 2384 Trimeter
706 2338 875 2385 herous
901 2356 958 2385 ex
985 2339 1202 2385 inferiore
1229 2350 1359 2401 parte
1388 2338 1664 2386 hexametri.
1725 2340 1835 2386 Hu-

371 2414 450 2475 jus
477 2414 752 2478 exemplum
781 2418 873 2460 test
897 2416 1006 2471 tale,

434 2563 453 2591 P
473 2565 511 2592 et
530 2564 703 2605 quartum
732 2556 909 2593 creticum
937 2564 974 2592 et
1002 2556 1196 2592 bacchium
1231 2557 1583 2607 Elegantissimum]
1607 2564 1643 2594 et
1665 2564 1835 2607 quartum

379 2616 414 2646 et
433 2612 601 2657 creticum
622 2615 656 2645 et
677 2611 856 2645 bacchium
879 2622 900 2644 α
923 2610 1017 2645 brevi
1039 2611 1099 2656 qui
1125 2616 1175 2645 est
1201 2612 1248 2645 ad
1275 2613 1378 2646 metri
1409 2612 1518 2647 hosen
1542 2613 1766 2659 parabasear
1785 2618 1836 2648 est

368 2663 481 2712 sanes
506 2665 728 2711 conposuisse
755 2665 922 2699 creditur.
970 2664 1283 2710 Elegatztissz'mzcm
1307 2663 1356 2700 A.
1387 2672 1424 2700 et
1454 2664 1529 2701 fere
1552 2665 1596 2702 B.
1630 2666 1794 2701 bachium
1814 2680 1837 2701 a

381 2719 475 2753 brevi
496 2719 556 2764 qui
577 2722 627 2752 est
647 2730 669 2752 a
688 2718 951 2765 (limetrisinem
973 2719 1207 2764 composuisse
1227 2719 1391 2755 redditur
1414 2718 1507 2754 Ven.
1663 2725 1683 2752 q
1703 2718 1837 2768 imple-

382 2789 458 2834 tur]
485 2788 678 2834 impleatur
697 2787 787 2822 AB.
916 2792 931 2810 r
952 2786 1010 2822 De
1030 2787 1219 2833 versuum]
1245 2776 1438 2823 Diversiim
1458 2789 1506 2823 A.
1617 2793 1649 2813 rr
1675 2788 1838 2823 Versibus

381 2841 477 2876 Ven.
589 2847 604 2866 s
626 2839 786 2876 Horatio
806 2838 936 2875 terruit
965 2840 1092 2876 urbem
1114 2839 1240 2888 quale]
1272 2841 1428 2876 Horatio
1456 2841 1539 2883 tale,
1563 2842 1693 2876 terruit
1714 2841 1836 2877 urbem
1875 2852 1879 2856 ’

381 2896 488 2940 quale
500 2895 591 2930 ill-ml
602 2899 653 2930 est
668 2894 762 2929 A.B.
820 2893 834 2919 t
847 2892 1001 2929 Praemia
1018 2906 1152 2944 magna
1167 2894 1363 2943 petuntur]
1379 2899 1430 2930 est
1446 2893 1605 2940 tczlejam
1619 2906 1708 2930 vaca
1721 2895 1834 2943 (vaga
