1962 3355
369 236 459 281 136
881 234 1034 281 Marii
1062 235 1298 282 Victorini
1617 247 1716 278 Lm.
1737 246 1812 277 111.

780 639 1022 690 LIBER
1063 637 1401 689 TERTIUS

473 777 554 816 DE
588 776 977 816 CONJUNCTIS
1010 775 1210 815 INTER
1243 774 1312 813 SE
1346 774 1431 812 ET
1465 773 1701 814 MIXTIS

720 864 963 902 METRIS
997 862 1454 903 PRAGMATICIS.

890 1018 1276 1044 4-

977 1144 1110 1195 CAP.
1143 1144 1186 1195 I.

362 1228 726 1300 DECURSIS
763 1260 1020 1296 metrorum
1065 1267 1147 1312 pei·
1190 1267 1360 1296 novem
1398 1250 1576 1313 species
1612 1248 1809 1311 fastigiis

359 1328 697 1390 elementisque
734 1326 1087 1390 principalibuS,
1111 1343 1215 1388 quae
1249 1326 1406 1372 Graeci
1441 1326 1689 1389 πρωτᾶτυπα,
1714 1327 1811 1373 vel-

358 1415 411 1450 ut
446 1405 621 1468 primas
654 1405 825 1466 figuras
856 1401 1153 1466 appellandO,
1179 1403 1500 1457 nominarunt,
1530 1403 1707 1449 scilicet
1739 1420 1809 1448 ar-

359 1481 417 1527 tis
456 1480 649 1541 hujusce
684 1479 850 1542 prima,
889 1488 940 1524 ut
976 1479 1039 1524 ita
1076 1477 1293 1534 dixerim,
1327 1479 1521 1533 semina,
1553 1478 1806 1525 dicendum

359 1557 533 1603 debinc
557 1556 816 1603 secundum
845 1556 995 1619 ipsam
1022 1554 1282 1618 disciplinae
1306 1556 1538 1618 originem
1565 1564 1810 1601 consenta-

359 1652 500 1680 neum
538 1651 655 1689 reor,
677 1632 804 1695 squae
829 1650 886 1678 ex
912 1631 1077 1678 iisdem
1105 1631 1251 1678 veluti
1282 1632 1491 1677 fontibus
1521 1631 1727 1677 derivata
1751 1631 1808 1677 ad

358 1709 728 1756 innumerabiles
767 1718 1023 1754 metrorum
1061 1708 1254 1771 species,
1281 1726 1407 1754 nunc
1444 1726 1526 1771 per
1559 1707 1810 1769 §adjectio-

358 1803 483 1842 nem,
504 1803 629 1831 nunc
653 1785 1009 1841 detractionem,
1028 1795 1107 1831 aut
1123 1785 1584 1839 transmutationem,
1601 1785 1674 1830 vel
1699 1802 1810 1831 con-

321 1883 334 1903 2
357 1862 673 1908 cinnationem
701 1862 980 1925 processisse
1006 1862 1263 1908 videantur.
1319 1861 1383 1907 Et
1408 1860 1548 1906 hcum
1575 1878 1669 1906 nou
1694 1877 1809 1923 que-

357 1951 436 1983 ant
460 1938 622 1984 omnia
646 1938 707 1983 ob
732 1938 996 1984 inmensam
1027 1938 1097 1983 sui
1119 1938 1303 2001 copiam
1332 1936 1689 2000 comprehendi,
1713 1935 1807 1981 iut-

356 2023 465 2076 pote
503 2031 609 2059 cum
649 2014 743 2059 sint
783 2014 1152 2060 innumerabiles
1190 2016 1351 2077 figurae
1389 2013 1809 2077 compositionum,

357 2107 436 2134 seu
472 2107 586 2150 quas
623 2089 776 2152 prisca
811 2098 921 2134 aetas
958 2088 1102 2145 dedit,
1139 2107 1219 2135 seu
1256 2107 1372 2151 quas
1403 2108 1603 2151 sequens
1636 2089 1810 2134 aemula

358 2164 619 2209 imitatione
656 2163 968 2226 excogitando
1006 2164 1243 2227 produxit,
1281 2174 1439 2210 tamen
1479 2182 1534 2210 ex
1579 2164 1650 2209 his
1692 2181 1808 2225 quas

358 2249 439 2284 aut
462 2240 679 2301 frequens
717 2256 826 2284 usus
857 2239 1074 2295 celebrat,
1100 2250 1179 2285 aut
1215 2240 1369 2303 potior
1405 2239 1656 2285 auctoritas
1692 2239 1808 2284 reci-

357 2315 529 2378 piendo
567 2315 886 2372 commendat,
928 2326 1066 2379 prout
1106 2327 1270 2380 potero
1311 2317 1509 2363 sollicita
1556 2317 1808 2380 investiga-

356 2392 483 2441 tione
523 2392 846 2454 conprehensa
882 2391 1188 2455 depromam:
1241 2411 1335 2455 quo
1377 2393 1577 2439 subinde
1613 2412 1665 2440 ea
1703 2412 1807 2457 quae

356 2468 526 2512 fallunt
547 2467 670 2530 apud
697 2476 856 2529 poetas
893 2477 1042 2514 metra
1067 2470 1311 2532 praeceptis
1340 2469 1601 2532 disciplinae
1636 2470 1809 2517 instru-

357 2542 488 2588 endis
514 2542 695 2588 facilius
733 2542 1078 2605 intellegantur,
1100 2562 1192 2606 qua
1218 2554 1475 2591 metrorum
1513 2546 1692 2609 origine
1728 2565 1808 2593 ex-

356 2628 471 2674 orta,
508 2636 601 2680 qua
639 2619 792 2681 specie
830 2621 1028 2682 figurata
1061 2630 1141 2667 aut
1179 2621 1270 2666 situ
1307 2630 1573 2684 temporum
1610 2622 1806 2686 digesta,

318 2718 336 2746 3
357 2703 438 2740 aut
463 2694 762 2757 copulatione
785 2713 998 2741 connexa
1024 2696 1282 2741 videantur.
1355 2695 1518 2742 Habet
1542 2698 1667 2744 enim
1708 2716 1806 2744 me-

356 2778 533 2815 trorum
556 2770 675 2815 inter
691 2787 738 2815 se
757 2771 876 2816 ratio
896 2788 1130 2817 summam
1150 2771 1227 2817 kin
1247 2773 1574 2834 cognoscendo
1592 2775 1805 2837 volupta-

410 2898 418 2921 ἲ
440 2896 538 2943 quae]
562 2895 645 2943 quia
667 2895 711 2931 P.
796 2902 816 2929 g
836 2895 1100 2946 adjectionem]
1126 2896 1372 2933 adfectionem
1399 2899 1435 2933 P.
1522 2897 1542 2924 h
1563 2901 1666 2947 cum]
1689 2904 1738 2949 qu
1762 2902 1801 2937 P.

354 2946 364 2971 i
385 2948 529 2997 utpote]
553 2956 682 2997 utpute
702 2949 742 2983 P.
852 2946 873 2973 k
893 2949 929 2984 in
951 2949 1230 2997 cognoscendo]
1249 2949 1476 3000 ignoscendo
1497 2952 1535 2987 P.
