1962 3355
346 216 442 263 206
864 216 1018 262 ,Marii
1047 215 1283 262 Victorini
1610 229 1710 259 Lm.
1731 230 1798 261 lv.

610 336 777 383 Sulcos
801 343 913 384 tunc
936 344 1161 401 retegunt
1184 354 1337 383 comae.

287 426 328 458 66
346 413 451 459 Erit
475 413 600 477 apud
626 413 885 460 Horatium
913 412 1203 475 hujusmodi,

608 490 891 536 Intermissa
919 488 1081 534 Venus
1105 488 1199 533 diu.

346 565 494 611 Hunc
519 565 713 627 quidam
741 565 831 610 alio
857 564 1039 625 adjecto
1060 562 1338 608 choriambo
1357 560 1620 608 extendunt
1645 561 1800 620 latius,

347 651 603 704 tamquam,

543 715 710 762 Sulcos
735 723 849 762 tunc
870 721 1095 778 retegunt
1120 713 1363 760 ambrosiae
1389 731 1540 769 comoe,

343 793 528 839 duobus
564 792 611 837 in
650 791 805 837 medio
841 789 1126 836 choriambis
1162 789 1352 853 positis:
1405 808 1514 837 nam
1555 790 1711 838 sulcos
1747 800 1795 837 et

344 887 481 916 comce
513 869 589 914 hic
614 885 804 930 quoque
839 866 912 913 fut
937 867 1149 930 superius
1175 866 1223 912 in
1249 875 1506 928 augmento
1530 875 1693 913 erunt:
1730 867 1796 913 ita

343 954 389 992 et
413 944 526 990 illud
553 943 678 1007 apud
706 943 982 1001 Horatium,

539 1020 821 1066 Intermissa
851 1019 906 1065 V
901 1036 1017 1065 enus
1038 1019 1183 1065 missa
1212 1018 1378 1065 Venus
1403 1018 1499 1064 diu.

283 1106 322 1145 67
342 1096 469 1142 Nam
508 1104 604 1141 tam
638 1096 767 1141 inter
790 1112 932 1157 quam
961 1094 1042 1140 diu
1080 1094 1375 1157 superfluunt
1411 1102 1575 1140 metro.
1636 1093 1796 1156 Hujus

342 1173 504 1235 figurae
529 1171 694 1217 similis
720 1172 844 1234 apud
870 1170 1073 1216 eundem
1103 1187 1259 1215 versus
1286 1169 1332 1215 in
1358 1170 1593 1234 principio
1618 1171 1798 1217 inveni-

343 1257 431 1305 tur,
455 1248 536 1304 sic,

540 1323 779 1370 Maecenas
803 1323 958 1370 atavis
982 1323 1106 1369 edite
1129 1322 1338 1386 regibus.

280 1414 322 1447 68
342 1400 468 1446 Nam
512 1410 560 1445 et
606 1400 652 1445 in
700 1399 791 1445 hoc
838 1399 932 1445 duo
978 1399 1122 1445 medii
1170 1398 1433 1445 choriambi
1479 1398 1794 1445 clauduntur:

340 1477 497 1540 primo
540 1475 763 1539 spondeo,
800 1476 983 1522 extimo
1023 1476 1196 1530 iambo,
1235 1474 1314 1537 qui
1357 1493 1441 1538 per
1482 1474 1792 1537 adjectionem

343 1552 521 1598 ultimae
548 1552 740 1614 syllabae
764 1552 850 1597 erit
875 1560 1185 1615 pentameter,
1211 1551 1292 1608 sic,

538 1627 778 1674 Maecenas
802 1628 956 1674 atavis
981 1627 1105 1673 edite
1127 1627 1402 1690 remigibus.

280 1719 321 1758 69
341 1704 473 1750 Idem
494 1704 737 1750 Phalaecus
758 1711 835 1749 get
855 1713 946 1749 tres
964 1704 1263 1749 choriambos
1284 1720 1379 1748 uno
1398 1720 1533 1748 versu
1552 1702 1795 1765 copulatos

339 1780 544 1837 induxit,
569 1789 813 1826 mutuatus
850 1780 896 1825 id
922 1797 1110 1842 quoque
1145 1780 1202 1824 ab
1227 1779 1403 1836 Alcaeo,
1428 1779 1492 1824 ita
1516 1788 1569 1824 ut
1602 1786 1693 1823 tres
1726 1778 1796 1823 di-

339 1856 491 1920 podiae
517 1856 848 1903 choriambicae
881 1856 1070 1902 extimis
1096 1854 1333 1917 utrimque
1364 1854 1661 1917 simplicibus
1685 1871 1796 1900 con-

340 1931 617 1978 cludantur:
657 1941 722 1989 ut,

411 2008 483 2054 Tu
509 2026 567 2055 ne
591 2009 851 2072 quoesieris,
874 2008 996 2055 scire
1018 2006 1173 2072 nefas,
1198 2023 1335 2070 quem
1359 2006 1475 2053 mihi
1498 2023 1635 2069 quem
1659 2006 1762 2052 tibi.

339 2085 481 2141 Item,

406 2159 612 2206 qullam
642 2160 697 2206 V
690 2177 776 2206 are
798 2177 937 2207 sacra
960 2160 1056 2206 vite
1072 2160 1216 2221 prius
1239 2159 1416 2205 severis
1440 2158 1674 2204 arborem.

284 2252 324 2284 70
340 2236 468 2283 Nam
504 2237 626 2283 binis
663 2237 855 2300 syllabis
891 2254 950 2282 ex
984 2235 1122 2282 initio
1154 2244 1200 2281 et
1240 2237 1334 2280 fine
1372 2234 1594 2280 detractis
1631 2251 1795 2298 super-

708 2374 721 2401 f
737 2375 792 2421 et]
818 2382 858 2410 ut
878 2374 917 2410 P.
1083 2378 1103 2406 g
1123 2371 1213 2418 tres]
1238 2380 1275 2407 et
1296 2380 1368 2407 tres
1389 2372 1430 2408 P.

394 2503 456 2539 68.
475 2515 540 2550 per
559 2502 794 2549 adjectionem
814 2503 948 2538 ultimae
966 2503 1038 2549 syl·
1094 2499 1243 2546 nn'gz'bus
1256 2500 1404 2536 Putsch.
1421 2498 1792 2536 vid.Terent.Maur.

341 2556 445 2602 zaboe]
478 2557 537 2592 Ita
563 2555 674 2592 fuerit
702 2554 930 2604 exemplum,
956 2555 1037 2589 Me·
1094 2566 1127 2590 v.
1149 2551 1262 2600 2657.

341 2621 455 2645 caenas
469 2611 586 2644 atavis
601 2611 693 2644 edite
711 2609 851 2656 regibus
867 2608 934 2643 hic.
965 2607 1037 2643 Sed
1147 2605 1208 2652 69.
1238 2610 1422 2641 mutuatus
1446 2607 1481 2640 id
1501 2618 1638 2653 quoque
1661 2606 1705 2641 ab
1727 2606 1794 2642 Al-

340 2661 378 2698 in
412 2661 651 2710 sequentibus
685 2661 796 2698 docet
832 2659 1039 2710 adjectione
1094 2657 1179 2710 coeo]
1205 2659 1264 2695 De
1283 2658 1407 2695 Alcaeo
1428 2658 1527 2694 illam
1551 2658 1647 2695 oden
1669 2659 1794 2695 Hora-

341 2715 556 2764 penultimae
587 2715 632 2751 de
662 2715 732 2750 hoc
765 2721 1036 2763 pentametrum
1094 2712 1187 2749 tium
1218 2711 1451 2749 transtulisse
1480 2710 1617 2748 indicio
1637 2720 1694 2748 est
1713 2724 1793 2747 ver-

341 2767 456 2811 reddi,
495 2776 538 2803 ut
581 2767 652 2804 hoc
696 2767 819 2810 modo,
860 2767 1039 2802 Mecaenas
1092 2778 1154 2802 sus
1191 2764 1330 2814 primus
1361 2766 1420 2800 cui
1450 2764 1582 2801 similis
1616 2777 1725 2801 sensu
1756 2772 1795 2800 et

341 2822 459 2857 atavis
478 2822 569 2857 edite
588 2821 787 2867 remigibus.
818 2819 1019 2856 CAMER.
1091 2831 1226 2868 genere
1246 2816 1420 2855 carminis
1448 2816 1582 2854 citatur
1602 2830 1644 2854 ex
1663 2817 1792 2853 Alcaeo

394 2874 446 2910 ib.
473 2875 643 2921 regibus]
674 2874 790 2909 Deest
810 2872 949 2921 syllaba
970 2873 1035 2914 hic,
1092 2872 1164 2915 hic,
1204 2871 1315 2915 Μηθὲν
1357 2870 1440 2906 ἄλλο
1473 2872 1611 2918 φυτεύῃς
1651 2870 1794 2919 πρότερον

340 2935 404 2963 aut
432 2926 505 2963 tale
534 2927 723 2977 quiddam.
761 2926 936 2962 COMM.
979 2938 1034 2960 re·
1092 2926 1221 2972 δένδρεον
1241 2925 1398 2970 ἀμπέλου.
1430 2923 1629 2961 CAMER.
