1962 3355
336 195 433 233 344
800 188 948 235 Atilii
972 189 1312 236 Fortunatiaui
1601 205 1709 234 PAR.
1731 203 1785 234 11.

568 309 775 349 Martium
795 316 951 350 canunt
972 312 1093 351 tuboe.

338 380 645 427 STrimetrom
678 382 1181 445 (brachy)catalecton,

572 457 641 497 Tu
657 457 876 512 profimda.
895 473 986 512 quae
1006 459 1122 513 regis
1142 458 1303 497 Diana.

336 528 627 575 Trimetrum
653 530 997 585 catalecticum,

565 607 640 648 Sol
657 620 841 661 superna
861 607 932 661 qui
954 607 1068 661 regis
1082 619 1241 660 parens
1262 606 1375 646 (leus.

337 679 686 725 Tetrametrum
715 677 1058 734 catalecticum,

570 754 672 793 Tale
691 753 810 808 quale
831 767 924 793 vere
938 754 1079 808 primo
1098 754 1239 794 sibilat
1260 760 1364 794 teres
1383 754 1535 793 (louaoe.

339 826 438 872 Hic
475 825 583 887 quia
624 834 845 887 quattuor
886 826 1046 872 metris
1087 835 1288 882 constat,
1327 835 1374 872 et
1413 825 1666 888 quadratus
1708 842 1788 870 vo-

337 912 483 948 catur.

655 1034 786 1085 CAP.
816 1034 948 1085 XII.
994 1035 1078 1086 De
1104 1034 1465 1086 choriambico.

419 1133 809 1180 Choriambieum
861 1143 1063 1180 metrum
1110 1143 1296 1180 constat
1340 1131 1627 1178 tinitialibus
1675 1130 1789 1176 locis

338 1210 442 1273 ipso
473 1209 649 1264 chorio,
685 1209 731 1255 id
767 1219 837 1255 est
871 1210 1094 1265 trochaeo,
1125 1219 1171 1256 et
1203 1210 1469 1262 tribracho;
1508 1208 1553 1254 in
1590 1223 1790 1269 sequen-

338 1287 464 1332 tibus
489 1286 663 1332 iambo.
732 1286 1007 1332 Dimetrum
1037 1286 1487 1350 hypercatalectum,

569 1362 605 1401 0
627 1363 720 1417 quis
740 1362 816 1402 vad
833 1376 1004 1402 omnem.

339 1434 616 1480 Dimetrum
643 1435 969 1489 acatalectum‚

566 1511 791 1565 Sanguine
810 1511 904 1566 quis
919 1525 1147 1566 purpureo.

340 1582 629 1628 Trimetrum
657 1583 955 1637 catalectum,

569 1658 669 1697 Heu
690 1659 938 1698 miserandae
958 1659 1138 1699 volucris
1158 1660 1358 1699 wmartie.

340 1731 689 1776 Tetrametrum
717 1731 1062 1788 catalecticum,

571 1807 736 1861 Quoque
756 1808 915 1847 vocarit
935 1808 1097 1847 volucer
1118 1814 1154 1848 te
1176 1807 1435 1848 choriambus
1455 1807 1525 1846 ito.

340 1879 691 1925 Tetrametrum
717 1879 1045 1934 acatalectum,

455 1956 636 1996 wwUror·
654 1956 810 1996 amoris
829 1956 996 1996 stimulo
1014 1970 1084 1996 cor
1103 1957 1237 2011 quatit
1256 1961 1377 1996 artus
1389 1955 1582 2010 pavidos.

653 2077 787 2130 CAP.
816 2078 980 2130 XIII.
1024 2079 1110 2131 De
1136 2078 1494 2149 antispastioo.

409 2182 793 2246 *Antispasticon
827 2183 952 2230 enim
989 2193 1194 2229 metrum
1233 2183 1429 2246 Sappho
1464 2181 1659 2236 invenit,
1685 2198 1795 2226 con-

346 2267 439 2304 stat
472 2258 632 2304 iambo
667 2267 714 2305 et
747 2259 970 2316 trochaeo,
1006 2259 1280 2305 conceditur
1314 2267 1507 2305 ytamen
1542 2256 1592 2302 in
1626 2256 1795 2317 συζυγίᾳ

347 2334 498 2396 prima
534 2333 688 2396 primo
717 2334 820 2379 loco
855 2351 940 2397 pro
978 2334 1136 2379 iambo
1169 2334 1333 2395 quovis
1370 2333 1460 2378 alio
1496 2330 1614 2395 pede
1651 2331 1796 2394 disyl-

347 2410 454 2454 labo
478 2409 564 2466 uti,
588 2409 863 2472 pyrrhichio
889 2419 968 2456 aut
993 2409 1202 2472 spondeo
1228 2418 1308 2455 aut
1334 2407 1556 2454 trochaeo.
1625 2406 1794 2453 Dime-

347 2494 473 2531 trum
501 2485 951 2548 hypercatalectum,

581 2561 723 2600 Volant
739 2566 954 2615 praepetes.

405 2699 419 2718 s
442 2695 626 2729 trimetron
647 2696 845 2729 catalecton
867 2699 904 2729 tu
923 2693 1105 2741 profunda
1126 2707 1192 2740 que
1218 2696 1310 2740 regis
1332 2695 1455 2729 Diana
1477 2694 1675 2727 trimetrum
1696 2698 1796 2727 cata-

351 2747 510 2782 lecticum
533 2746 578 2781 V.
688 2746 702 2772 t
722 2747 931 2793 imparibus]
957 2747 1152 2782 initialibus
1173 2747 1219 2784 V.
1314 2752 1329 2767 v
1350 2748 1455 2782 Adon
1477 2745 1566 2790 iero]
1590 2746 1725 2781 Adone·
1748 2746 1794 2782 V.

351 2799 444 2848 Leg.
467 2800 512 2834 ad
530 2811 665 2835 omnem
685 2812 729 2835 ex
748 2800 803 2835 M.
826 2798 1020 2835 Victorino
1039 2800 1090 2835 ΙΙ.
1113 2800 1150 2836 6.
1274 2807 1302 2825 W
1323 2801 1450 2835 martie
1470 2802 1717 2834 tetrametrum
1737 2810 1795 2832 ca-

353 2853 553 2888 talecticum
575 2864 713 2899 quoque
733 2855 867 2888 vocarit
888 2853 934 2888 V.
1042 2859 1099 2877 ww
1121 2853 1326 2899 vi—ortus]
1350 2851 1447 2888 Dedi
1470 2863 1554 2887 uror
1573 2858 1609 2887 et
1628 2856 1735 2886 artus
1752 2863 1796 2886 ex

351 2907 409 2943 M.
431 2905 628 2941 Victorino
648 2906 700 2941 II.
720 2906 754 2941 6.
906 2912 925 2930 Χ
945 2905 1534 2954 Autispastico-—Antispasticon
1555 2905 1672 2951 enim]
1698 2905 1798 2939 Ana-

348 2960 779 3007 pestico-Anapesticon
799 2958 844 2993 V.
956 2964 970 2986 Υ
992 2958 1029 2994 in
1050 2960 1185 3007 prima]
1212 2965 1327 2995 tamen
1350 2962 1385 2994 z'n
1405 2960 1542 3005 σιζυγία
1556 2960 1676 3004 prima
1700 2957 1742 2991 V.
