1962 3355
371 186 465 224 452
966 175 1218 222 Diomedis
1627 188 1724 219 ΜΒ.
1745 188 1821 219 111.

373 296 721 360 Epicharmum
766 295 812 340 in
850 294 921 340 Co
963 294 1111 340 insula
1154 293 1427 339 exulantem
1477 292 1683 355 primum
1733 292 1823 338 hoc

373 389 562 419 carmen
586 371 922 433 frequentasse,
946 373 1015 416 tet
1041 371 1106 416 sic
1131 388 1155 415 a
1181 370 1251 414 Co
1276 368 1576 414 Comoediam
1604 368 1712 414 dici.

317 468 352 499 17
439 449 595 494 Antea
632 448 792 510 itaque
833 447 1028 509 vgaleris
1071 463 1165 491 non
1216 444 1426 508 personis
1470 445 1735 500 utebantur,
1772 453 1826 490 ut

372 525 572 588 qualitas
598 523 764 570 coloris
790 522 1016 568 indicium
1042 521 1216 567 faceret
1240 521 1406 577 aetatis,
1431 538 1538 567 cum
1566 529 1722 566 essent
1746 529 1827 567 aut

374 602 484 657 albi,
521 610 600 647 aut
648 599 784 661 nigri,
821 607 901 644 aut
943 599 1048 643 rufi.
1134 597 1351 643 Personis
1389 614 1498 643 vero
1534 597 1602 642 uti
1645 597 1826 660 primus

374 677 523 740 coepit
548 675 749 722 Roscius
776 674 941 719 Gallus
975 673 1237 737 praecipuus
1273 674 1453 729 histrio,
1478 673 1645 736 unod
1677 673 1828 718 oculis

374 752 580 799 obversis
606 759 717 807 erat,
744 767 831 795 nec
867 750 978 796 satis
1014 750 1209 796 decorus
1237 750 1281 795 in
1309 751 1518 814 personis
1546 750 1633 796 nisi
1665 758 1829 810 Xpara-

376 830 492 875 situs
518 826 870 892 pronuntiabat.

319 919 356 948 18
443 904 588 950 Initio
628 903 823 966 Togatae
865 901 1128 948 Comoediae
1170 902 1461 958 dicebantur,
1503 902 1631 964 quod
1668 901 1829 948 onmia

374 982 420 1027 in
461 981 653 1045 publico
692 980 869 1026 honore
908 978 1103 1025 confusa
1139 981 1464 1037 cernebantur,
1494 997 1600 1042 quae
1633 979 1830 1042 Togatae

375 1067 538 1121 postca
585 1057 660 1101 >in
706 1064 1005 1119 praetextatas
1053 1066 1100 1101 et
1155 1056 1439 1102 tabernarias
1485 1056 1830 1103 dividebantur.

375 1135 570 1197 Togatae
594 1133 766 1179 fabulae
796 1132 1056 1186 Z(licuntur,
1082 1150 1189 1195 quae
1223 1133 1406 1197 scriptae
1432 1141 1541 1178 sunt
1567 1132 1828 1178 secundum

376 1211 492 1257 ritus
529 1219 575 1256 et
607 1210 854 1255 ahabitum
897 1209 1148 1255 hominum
1175 1218 1461 1271 togatorum,
1487 1209 1530 1255 id
1559 1218 1629 1255 est
1654 1209 1832 1254 Roma-

377 1307 563 1345 norum,
585 1291 714 1351 (toga
739 1305 947 1349 namque
974 1287 1195 1333 Romana
1219 1290 1324 1347 est‚)
1346 1287 1469 1333 sicut
1488 1287 1677 1332 Graecas
1697 1285 1834 1331 fabu-

378 1367 444 1412 las
470 1366 528 1411 ab
555 1365 719 1410 habitu
746 1381 879 1426 aeque
905 1364 1122 1410 Palliatas
1142 1365 1290 1409 Varro
1317 1364 1381 1409 ait
1405 1363 1652 1409 nominari.
1712 1361 1834 1407 l'To-

379 1452 509 1506 gatas
558 1450 733 1496 autem,
780 1458 891 1486 cum
940 1440 999 1486 sit
1057 1441 1273 1503 generale
1331 1457 1521 1492 nomen,
1569 1437 1835 1501 specialiter

378 1527 538 1564 tamen
590 1535 676 1580 pro
723 1516 1012 1573 tabernariis,
1055 1534 1148 1562 non
1203 1515 1346 1562 modo
1388 1514 1658 1561 communis
1711 1529 1837 1558 error

379 1602 592 1656 usurpat,
618 1591 728 1654 quia
754 1591 930 1637 CFauni
969 1600 1151 1654 togatas
1190 1592 1444 1656 appellant,
1470 1590 1548 1636 sed
1586 1600 1632 1636 et
1669 1593 1836 1654 poetae,

380 1680 434 1717 ut
460 1668 690 1715 Horatius
717 1668 797 1729 qui
825 1668 902 1724 ait,

559 1757 625 1795 Vel
643 1757 713 1811 qui
728 1760 978 1810 praetextas,
1001 1755 1066 1794 vel
1085 1756 1155 1810 qui
1178 1755 1348 1795 docuere
1370 1760 1550 1810 togatas.

326 1873 362 1903 19
446 1846 737 1909 Togatarum
763 1844 1029 1890 fabularum
1069 1843 1247 1908 species
1281 1854 1351 1890 tot
1376 1844 1470 1890 fere
1507 1851 1630 1900 sunt,
1654 1852 1766 1906 quot
1792 1852 1839 1890 et

382 1922 728 1986 dpalliatarum.
790 1921 917 1967 Nam
944 1920 1097 1984 prima
1124 1921 1302 1983 species
1327 1930 1397 1967 est
1420 1929 1702 1983 togatarum,
1727 1937 1839 1982 quae

382 2007 675 2062 praetextatae
711 1997 951 2053 dicuntur,
977 1997 1023 2042 in
1061 1997 1232 2059 quibus
1273 1998 1610 2061 imperatorum
1649 1996 1840 2059 negotia

384 2075 645 2138 agebantur
681 2083 727 2120 et
763 2074 970 2137 publica,
996 2082 1041 2118 et
1079 2091 1208 2136 reges
1243 2073 1449 2120 Romani
1482 2074 1553 2119 vel
1587 2073 1731 2119 duces
1769 2072 1841 2117 in-

383 2151 636 2207 ducuntur,
661 2168 969 2214 personarum
989 2149 1220 2213 dignitate
1245 2160 1291 2196 et
1316 2158 1703 2213 argumentorum
1732 2148 1842 2193 sub-

384 2226 588 2273 limitate
607 2226 850 2289 tragoediis
878 2226 1070 2272 similes.
1142 2226 1467 2272 ePraetextatae
1493 2235 1651 2271 autem
1672 2224 1841 2270 dicun-

389 2369 439 2405 Co
460 2370 578 2404 insula
610 2369 663 2413 (in
689 2370 815 2405 choum
845 2369 959 2404 insule
978 2369 1045 2415 B.)
1080 2369 1170 2404 AB.
1203 2370 1235 2402 in
1272 2368 1320 2403 Co
1350 2369 1677 2414 insula—primum
1709 2367 1765 2402 hic
1796 2366 1841 2402 C.

387 2422 402 2448 t
421 2430 458 2458 et
477 2422 530 2458 sic
550 2434 570 2457 a
591 2422 666 2468 Co]
697 2427 731 2457 et
758 2424 808 2457 sic
827 2435 849 2456 α
873 2422 944 2456 Coo
965 2423 1008 2457 A.
1038 2426 1072 2456 et
1099 2423 1149 2456 sic
1174 2421 1286 2456 achoo
1309 2420 1351 2456 Β.
1383 2426 1416 2456 et
1445 2422 1474 2455 si
1502 2421 1592 2456 Cato
1612 2422 1654 2456 C.
1687 2420 1756 2455 Ceo
1785 2419 1842 2455 bis

388 2474 486 2511 Ven.
615 2481 635 2499 v
655 2473 804 2523 galeris]
828 2474 1012 2520 galeribus
1030 2474 1121 2509 AC.
1142 2475 1393 2520 galerilerz'bus
1414 2474 1457 2510 B.
1599 2482 1624 2500 W
1645 2475 1708 2522 qui
1727 2471 1844 2509 oculis

390 2526 571 2574 obversis]
597 2529 691 2574 quod
711 2528 821 2562 oculis
842 2529 970 2563 eversis
991 2527 1135 2562 ΑΒΕ.
1288 2533 1307 2552 X
1328 2527 1524 2575 parasitos]
1545 2529 1730 2574 parasitus
1750 2525 1843 2562 AB.

390 2588 408 2616 y
438 2580 475 2616 in
510 2587 744 2629 praetextatas
782 2588 820 2616 et
853 2580 1097 2627 tabernarias]
1138 2581 1171 2614 in
1201 2585 1420 2627 praetectum
1453 2585 1535 2615 sunt
1569 2586 1603 2616 et
1638 2580 1845 2616 tabernaria

390 2639 474 2670 sunt
494 2634 540 2669 Β.
651 2640 668 2659 Ζ
690 2633 878 2679 dicuntur]
903 2646 976 2668 on).
997 2634 1038 2668 C.
1150 2640 1168 2659 a
1189 2633 1352 2680 habitus]
1379 2634 1538 2669 habitum
1561 2634 1654 2669 AB.
1744 2630 1764 2658 b
1785 2640 1844 2667 to-

391 2687 513 2737 gatas]
533 2692 637 2733 togas
657 2687 700 2721 A.
757 2686 849 2721 Mox
872 2691 1017 2733 usurpet
1037 2686 1133 2721 Ven.
1275 2693 1289 2712 c
1312 2686 1708 2735 Fannius—appellat]
1730 2685 1846 2734 fauni

392 2740 634 2788 —appellcmt
655 2740 698 2776 A.
731 2741 815 2786 quia
832 2739 949 2787 fauni
977 2744 1079 2785 togas
1104 2740 1291 2787 appellant
1312 2741 1358 2776 B.
1389 2742 1545 2776 cominus
1573 2741 1626 2786 (in
1659 2751 1773 2786 marg.
1796 2738 1844 2774 al.

393 2794 806 2840 communis)—usurpet
827 2794 910 2839 quia
919 2792 1033 2840 fauni
1056 2797 1186 2839 togata?
1202 2794 1244 2829 C.
1268 2795 1380 2829 Fanni
1401 2806 1562 2842 suprasc.
1580 2792 1640 2829 Sc.
1658 2793 1716 2839 qui
1732 2790 1844 2839 Asi-m

393 2849 444 2882 nii
465 2853 490 2883 t.
514 2847 674 2894 appellat
695 2846 878 2881 Reuvens
903 2845 1000 2881 Coll.
1024 2844 1115 2881 Litt.
1138 2859 1173 2894 p.
1188 2857 1251 2894 43.
1374 2844 1394 2872 d
1413 2845 1664 2896 palliatarum]
1685 2845 1845 2893 pellata-

393 2913 474 2937 rum
493 2901 539 2936 B.
650 2905 666 2925 e
688 2898 929 2948 praetextatae]
949 2903 1132 2946 prsetextae
1152 2899 1197 2935 B.
