1962 3355
122 237 227 269 cAP.
248 232 292 268 4.
606 220 687 265 De
709 218 919 266 Iambr'co
943 223 1106 263 metm.
1484 228 1570 264 111

122 341 376 405 ¹¹quodque
397 342 483 387 erit
507 350 554 387 et
581 348 927 395 monometron,
959 338 1023 385 isi
1049 346 1102 384 ut
1121 337 1275 384 Graeei
1301 355 1385 401 per
1408 337 1578 402 ksyzy-

121 418 221 480 gias
247 416 456 463 scandas.
525 417 620 463 Eas
645 433 754 462 vero
773 415 911 461 'sedes
937 432 1052 477 quas
1078 414 1263 460 iambus
1290 413 1335 459 in
1360 431 1446 459 suo
1469 431 1574 477 pos-
1596 425 1635 454 28

121 493 255 549 sidet,
283 493 367 539 has
393 493 439 538 in
467 492 667 538 eboricis
692 492 925 537 trochaeus
949 498 1093 536 tenet.
1134 489 1393 553 porrigitur
1417 498 1574 536 autem

119 586 270 630 usque
296 567 351 613 ad
378 568 644 614 trimetrum
671 584 876 622 versum,
900 575 1164 628 tamquam,

253 644 402 691 ZVzmc
424 644 593 691 Jovem
617 644 807 690 litemus
829 642 913 689 lac·
936 660 1124 689 oremus
1148 641 1399 704 supplices.

122 720 313 784 Recipit
338 720 599 784 spondeum
627 738 651 766 e
671 719 903 766 contrario
928 719 1142 765 iambicis
1166 718 1391 764 versibus.
1427 719 1578 764 Amat
1598 736 1636 769 29

121 806 277 844 autem
317 798 480 859 longas
517 797 562 842 in
601 798 762 842 breves
800 796 993 851 solvere,
1020 805 1071 841 ut
1108 803 1253 840 mnon
1287 803 1384 840 tam
1425 794 1576 856 spatia

120 882 393 937 temporum
414 890 556 935 quam
584 889 836 919 numerum
857 871 1071 935 duplicet
1097 871 1402 935 syllabarum.
1440 869 1578 915 Ideo-

119 967 212 1011 que
231 949 421 995 trochaei
450 967 533 995 seu
552 948 748 1012 spondei
774 948 1045 1011 regionibus
1066 947 1262 1011 recipiet
1285 946 1576 1010 tribrachyn,

119 1034 187 1081 ut,

252 1090 464 1136 IVemore
487 1098 509 1119 ¹¹
525 1089 792 1136 dulcisonos
817 1096 983 1135 cantus
1000 1095 1246 1152 personat.

119 1176 453 1223 Admonemur
489 1176 565 1221 hic
603 1175 729 1237 quod
779 1175 903 1238 apud
949 1176 1139 1221 Graecos
1179 1175 1441 1221 celebratur
1481 1192 1575 1219 non
1594 1196 1636 1224 30

119 1252 492 1315 praetermittere,
508 1250 735 1296 Boiscum
759 1250 1054 1312 Cyzicenum
1078 1267 1432 1314 supergressum
1463 1250 1578 1295 bex-

119 1324 284 1371 ametri
323 1325 475 1387 legem
514 1324 774 1370 iambicum
814 1333 1017 1370 metrum
1056 1324 1106 1370 in
1136 1332 1450 1369 octametrum
1477 1339 1578 1368 ver—

119 1419 221 1448 sum
250 1401 532 1457 extendisse,
558 1402 645 1447 sub
671 1401 945 1462 hujusmodi
973 1401 1332 1464 epigrammate,

252 1477 426 1527 Βόϊσκος
452 1475 528 1523 ἀπό
555 1477 739 1534 Κυζίκου,
763 1476 908 1529 παντὸς
930 1477 1110 1539 ’γραφεὺς
1134 1479 1369 1536 ποιήματος,

252 1552 314 1599 τὸν
337 1555 527 1600 ὅκτοὶπουν
553 1554 663 1616 εὑρὼν
689 1554 842 1616 στίχον,
868 1554 1006 1617 Φοίβῳ
1030 1553 1162 1610 τίθησι
1189 1554 1312 1615 ὃῶρον.

119 1629 259 1681 Quod
283 1630 319 1676 si
340 1630 623 1676 imitandum
647 1640 731 1684 est,
753 1630 877 1693 apud
898 1648 981 1676 nos
1002 1630 1089 1676 erit
1110 1640 1155 1676 et
1181 1630 1414 1676 iambicus
1441 1630 1575 1676 talis:
1597 1651 1633 1680 31

252 1706 439 1753 Beatus
464 1705 546 1752 ille
569 1706 654 1767 qui
671 1705 845 1767 procul
867 1704 1367 1769 negotiis-jorensibus

252 1783 433 1829 ⁰Ruris
456 1782 543 1828 sub
568 1782 739 1828 umbra
744 1780 938 1846 ji‘ige'de'
962 1783 1109 1828 vitam
1133 1783 1291 1845 quiete
1307 1782 1489 1844 placat.

120 1857 215 1910 Qui
253 1867 439 1903 constat
472 1876 529 1904 ex
569 1858 754 1904 duobus
790 1859 1088 1911 tetrametris,
1114 1859 1352 1921 superiore
1388 1866 1578 1903 Pacata-

120 1933 257 1990 lecto,
293 1943 519 1995 sequente
559 1934 848 1988 catalectico,
885 1934 1011 1995 quod
1055 1951 1246 1979 enorme
1288 1952 1388 1980 esse
1429 1936 1579 1980 mani-

120 2009 292 2055 festum
335 2018 419 2066 est,
457 2027 563 2056 cum
610 2010 729 2057 ultra
777 2027 1028 2055 numerum
1069 2010 1263 2072 triginta
1304 2019 1575 2072 temporum

119 2102 361 2148 egressum
400 2085 484 2132 sit:
523 2085 749 2131 traditum
781 2095 852 2131 est
887 2086 1012 2131 enim
1052 2087 1209 2132 colum
1251 2086 1371 2132 intra
1409 2086 1573 2132 decem

119 2171 166 2206 et
189 2171 297 2207 octo
336 2170 548 2225 tempora
580 2180 678 2207 esse
714 2162 901 2219 debere,
928 2171 1132 2208 metrum
1173 2172 1330 2208 autem
1369 2179 1424 2207 ex
1462 2162 1578 2208 duo-

121 2238 208 2282 bus
245 2238 359 2283 colis
400 2237 666 2294 subsistere,
693 2256 779 2284 nec
815 2238 1010 2301 provehi
1047 2238 1234 2299 longius
1260 2248 1491 2302 oportere,
1518 2238 1577 2284 si-

172 2383 193 2410 h
213 2384 312 2433 quod
334 2384 480 2433 quaerit]
504 2385 602 2433 quod
624 2386 744 2434 querit
764 2386 802 2420 P.
953 2383 962 2410 i
983 2384 1032 2432 si]
1059 2384 1111 2421 sic
1134 2386 1171 2420 P.
1347 2383 1366 2410 k
1389 2386 1571 2435 syzygias]

119 2450 273 2486 synzyas
294 2438 334 2473 P.
480 2436 489 2463 l
511 2451 552 2473 ac
573 2439 737 2484 oremus]
760 2446 796 2473 et
817 2451 965 2473 oremus
987 2439 1025 2474 P.
1168 2445 1198 2463 m
1221 2451 1294 2474 non
1317 2439 1411 2485 tam]
1438 2452 1513 2474 non
1535 2439 1575 2474 P.

120 2497 138 2516 u
161 2489 374 2526 dulcisonos
394 2492 541 2538 cantus]
568 2491 779 2526 dulcisanes
797 2500 908 2527 cantu
931 2491 970 2526 P.
1119 2497 1137 2517 0
1159 2490 1471 2541 Curis—frigida]
1495 2491 1577 2528 Ru-

120 2542 343 2593 ris—frigidi
368 2544 407 2579 P.
531 2551 550 2578 P
571 2544 792 2590 acatalecto]
811 2543 1050 2580 acatalectico
1071 2545 1112 2580 P.

176 2673 239 2708 31.
284 2663 397 2697 colum
440 2663 554 2708 intra]
600 2661 819 2698 Curavimus
876 2662 940 2697 sed
979 2671 1054 2697 tam
1098 2662 1238 2697 audace
1276 2663 1313 2698 in
1354 2664 1573 2704 mutatione,

121 2713 171 2750 ita
191 2714 321 2750 excudi
351 2715 421 2750 hoc
453 2727 601 2763 quoque
630 2723 669 2751 ut
696 2714 734 2750 in
755 2728 818 2751 co·
877 2717 1081 2763 praesertim
1100 2728 1186 2751 cum
1208 2715 1318 2764 paulo
1339 2724 1425 2765 post
1445 2717 1574 2752 eadem

121 2767 201 2803 dice
235 2768 371 2817 scripto
410 2767 678 2804 inveniebatur.
749 2768 819 2803 Sed
876 2768 921 2804 de
960 2781 997 2804 re
1044 2767 1141 2804 idem
1184 2781 1362 2804 numerus
1401 2777 1572 2817 ponatur,

122 2832 177 2855 res
205 2819 283 2868 ipsa
311 2820 445 2856 clamat
473 2820 595 2857 locum
616 2833 696 2856 esse
716 2833 819 2856 men-
878 2821 975 2856 malo
996 2821 1196 2869 unicuique
1225 2821 1381 2870 relinqui
1412 2820 1572 2857 aestima-

121 2872 266 2908 dosum.
297 2885 426 2908 sensus
452 2872 602 2922 quidem
635 2881 713 2909 erat
743 2873 821 2922 pla·
879 2875 1018 2909 tionem
1041 2883 1076 2910 et
1101 2873 1281 2923 judicium
1311 2887 1431 2909 suum.
1490 2874 1573 2909 CA-

125 2937 193 2960 nus
214 2926 245 2961 si
264 2924 449 2974 legeretur
463 2928 580 2962 decem
603 2932 637 2961 et
657 2928 822 2974 quinque,
878 2927 1008 2962 MER.
