1962 3355
321 213 412 249 212
830 202 986 250 Marii
1013 203 1246 251 Victorini
1575 219 1674 249 LIB.
1701 219 1772 249 lv.

260 370 299 401 93
318 324 397 387 qui
424 333 610 370 constat
634 342 692 370 ex
718 324 818 371 basi
843 325 996 371 ionica
1020 334 1068 372 et
1091 324 1308 372 trochaeis
1334 325 1499 371 tribus.
1547 324 1775 370 Similiter

265 2040 303 2068 95

321 412 367 447 et
392 418 533 464 quem
563 419 703 464 supra
727 402 880 464 posui,

459 476 630 523 Trivioe
654 484 841 523 rotetur
864 478 1005 532 orbis,

322 553 357 598 si
396 553 501 614 quis
541 552 751 614 iadjiciat
787 555 939 600 cernis
984 553 1196 615 quotiens
1235 551 1324 606 hie,
1361 549 1492 595 dabit
1535 551 1771 612 integrum

323 629 532 674 ionicum
559 628 847 689 hujusmodi,

459 702 626 749 Cernis
651 705 864 767 quotiens
888 704 964 749 lzic
994 703 1169 749 Trivioe
1192 708 1378 748 rotetur
1401 702 1528 747 orbis
1545 718 1559 745 .·

322 778 448 840 quod
476 779 611 824 colon
651 779 977 841 pyrrhichium
1005 788 1052 824 et
1076 778 1311 823 trochaeos
1336 786 1521 823 tantum
1544 786 1636 823 tres
1662 777 1772 823 reci-

325 855 408 917 pit,
432 855 575 908 velut,

591 930 883 992 Voluca-ique
907 930 1146 977 kPlzoebus
1171 946 1261 976 asne

588 1005 831 1067 Rapidum
854 1012 1075 1067 pererret
1099 1006 1270 1052 orbem.

326 1071 413 1127 Ita,

588 1135 787 1199 Segetes
813 1154 963 1182 meum
994 1136 1215 1182 laborem.

325 1233 452 1278 Nam
481 1233 614 1296 parili
645 1233 786 1278 modo
812 1235 964 1280 solent
989 1233 1132 1297 pedes
1169 1233 1310 1280 ionici
1341 1242 1392 1279 ut
1425 1233 1572 1290 binas,
1597 1234 1661 1279 ita
1685 1234 1779 1279 sin-

326 1309 459 1371 gulas
497 1309 699 1371 syllabas
733 1310 922 1356 alternis
958 1311 1153 1367 vicibus,
1184 1319 1265 1356 aut
1297 1311 1450 1374 longis
1488 1311 1663 1368 breveS‚
1699 1320 1779 1356 aut

326 1385 545 1431 brevibus
584 1385 748 1448 longas
775 1385 1034 1441 adnectere,
1060 1385 1367 1448 kkversusque
1406 1386 1505 1432 basi
1540 1387 1779 1432 trochaica

326 1460 618 1523 frequentius
644 1461 872 1507 claudere.
936 1462 1011 1508 Ex
1040 1464 1129 1508 hoc
1156 1462 1523 1509 Galliambicum
1550 1463 1676 1525 quod
1701 1480 1780 1508 vo-

327 1546 436 1582 cant
462 1547 682 1594 metrum,
708 1538 917 1584 emollita
943 1556 995 1584 ac
1023 1539 1225 1585 tremula
1250 1538 1573 1584 modulatione
1609 1538 1781 1584 forma-

326 1621 429 1659 tum
475 1630 662 1659 manare
703 1613 976 1659 dinoscitur.
1045 1615 1174 1661 Nam
1225 1615 1259 1659 si
1304 1632 1493 1660 comma
1531 1614 1780 1677 superioris

327 1689 538 1735 versiculi
565 1689 821 1752 repetendo
846 1690 1172 1751 geminaveris,
1193 1691 1256 1737 ita
1280 1701 1441 1736 tamen
1467 1698 1519 1735 ut
1542 1690 1779 1752 sequentis

326 1765 547 1810 clausulae
587 1765 805 1810 ultimam
847 1766 1075 1828 syllabam
1121 1767 1383 1823 subtrahas,
1418 1783 1604 1812 versum
1631 1766 1780 1812 Galli-

327 1840 568 1885 ambicum
595 1839 782 1897 efficies,
808 1841 888 1898 sic,

457 1915 657 1979 Segetes
680 1934 835 1963 meum
861 1917 1083 1973 laborem,
1108 1926 1293 1983 segetes
1316 1935 1446 1965 meus
1471 1918 1616 1965 labor.

327 1992 437 2037 Hoc
473 2009 619 2053 genus
658 1994 790 2039 metri
832 1995 1038 2041 maxime
1070 1995 1303 2042 desiderat
1341 1996 1538 2059 separari
1580 1996 1627 2041 in
1665 1995 1780 2042 duas

325 2068 572 2125 clausulas,
595 2078 856 2130 tamquam,

590 2144 750 2205 Super
775 2145 875 2191 alta
900 2154 1061 2193 vet-tus
1081 2148 1217 2193 Attis
1237 2168 1251 2193 .-

326 2217 514 2273 dehinc,

597 2283 756 2330 Celeri
779 2292 886 2331 rate
910 2286 1079 2331 maria.

329 2367 470 2419 Quod
491 2368 682 2429 quidam
707 2370 1040 2425 Metroiacum,
1060 2389 1115 2416 eo
1134 2372 1258 2433 quod
1280 2372 1420 2418 deum
1447 2374 1606 2420 matris
1632 2375 1781 2421 canti-

328 2444 415 2488 bus
441 2453 605 2506 aptum
647 2446 720 2503 sit,
747 2447 1009 2509 meritoque
1041 2448 1183 2493 etiam
1219 2449 1542 2496 Galliambum
1579 2470 1603 2497 a
1629 2452 1780 2498 Gallis

331 2519 554 2565 ministris
580 2520 693 2579 deae,
719 2522 1028 2585 appellarunt,
1052 2534 1106 2569 ut
1129 2542 1288 2571 versus
1312 2525 1388 2571 isti
1415 2536 1659 2585 testantur,

328 2671 338 2698 i
359 2672 524 2720 adjiciat]
543 2673 654 2709 adicit
675 2674 714 2709 P.
783 2672 802 2699 k
825 2675 1004 2724 Phoebus]
1030 2677 1233 2726 deplioebus
1255 2680 1294 2716 P.
1363 2678 1407 2705 kk
1425 2682 1585 2728 versum]
1603 2693 1729 2717 versus
1742 2682 1782 2716 P.

385 2819 447 2855 95.
468 2809 720 2855 metroiacnm]
739 2809 782 2845 Id
804 2819 860 2846 est
880 2826 1030 2858 μητρᾳα-
1087 2825 1106 2848 a
1124 2821 1238 2849 matre
1260 2827 1405 2864 magna,
1429 2824 1469 2851 ut
1490 2815 1589 2852 dicit.
1645 2817 1781 2852 Exem-

329 2861 379 2895 κὲν
400 2873 573 2909 expressa
592 2860 732 2898 scilicet
753 2871 764 2897 ἰ’
783 2864 881 2911 quod
902 2881 923 2899 ω
944 2864 1028 2899 sub·
1086 2865 1145 2912 pla
1175 2875 1298 2903 autem
1329 2877 1416 2905 sunt
1441 2868 1667 2905 Terentiani.
1699 2870 1780 2906 CA-

329 2912 514 2955 scribitur,
538 2927 620 2950 cum
650 2915 697 2950 sit
725 2917 865 2963 μητρᾶϊος
893 2922 1031 2964 μητρῷος
1086 2918 1216 2955 MER.
