1962 3355
160 162 265 194 CAP.
282 157 359 195 35.
597 147 683 193 De
706 146 871 192 metris
896 145 1198 191 Horatianis,
1520 154 1609 192 505

155 268 312 331 0qu0d
340 277 410 314 est
444 285 501 314 ex
528 268 736 314 iambico
761 263 1041 330 septenario.
1109 265 1175 311 Et
1213 264 1360 310 l’illud
1401 265 1511 312 hinc
1544 275 1613 312 est

156 363 359 401 comma,
384 345 508 407 quod
534 344 725 390 Arbiter
750 343 862 389 fecit
887 341 994 396 tale,

325 422 446 462 Anus
469 427 623 461 recocta
645 422 756 470 vino,
775 417 1041 460 trementibus
1061 416 1231 456 labellis.

364 560 480 606 CAP.
500 560 717 607 XXXV.
755 559 836 605 DE
862 572 1047 604 METRIS
1075 556 1412 602 HORATIANIS.

223 647 380 693 Metra
422 648 582 703 etiam,
622 665 726 709 quae
769 644 956 692 Horatii
1003 661 1172 708 corpus
1220 643 1447 699 continet,
1484 644 1613 706 quod

156 723 434 768 Carminum
488 724 774 779 inscribitur,
811 721 1071 767 necessario
1107 720 1475 784 qcompendiosa
1509 720 1613 766 dili-

157 799 316 860 gentia
352 799 554 844 inserere
592 798 875 845 studuimus.
946 798 1095 843 rSane
1136 796 1475 843 attendendum
1522 796 1612 842 hoc

156 874 260 927 fuit,
290 885 340 919 ut
365 875 504 920 scires
542 875 589 920 in
628 874 757 921 omni
798 882 950 919 metro
989 874 1057 919 vel
1099 875 1307 920 maxime
1343 875 1505 938 lyrico,
1530 892 1614 919 no—

155 950 370 996 vissimas
396 969 614 997 versuum
652 951 869 1014 syllabaS,
896 950 992 996 sive.
1025 950 1191 1013 longae,
1219 951 1313 996 sive
1343 951 1505 996 breves
1532 968 1614 996 na·-

156 1027 371 1073 turalitei·
396 1028 584 1085 fuerint,
604 1027 923 1073 indifferenter
948 1044 1004 1072 ex
1031 1027 1373 1073 consuetudine
1396 1027 1610 1073 omnium

158 1104 286 1165 poni,
309 1122 365 1149 ne
402 1113 447 1149 te
485 1113 687 1158 moveat,
724 1120 833 1148 cum
873 1112 951 1149 aut
988 1103 1177 1166 longam
1221 1122 1304 1167 pro
1340 1103 1485 1157 brevi,
1510 1112 1614 1149 Saut

158 1181 344 1226 brevem
374 1183 481 1245 tpro
508 1181 647 1243 longa
673 1180 875 1243 positam
904 1180 1141 1243 repereris.

225 1257 382 1302 Prima
407 1257 494 1302 ode
521 1265 726 1302 metrum
752 1255 1119 1318 Asclepiadeum
1153 1256 1311 1311 babet,

327 1333 566 1372 vMoecenas
587 1333 726 1372 atavis
746 1332 851 1372 edite
871 1332 1054 1387 regibus.

155 1404 409 1451 Scanditur
448 1422 557 1450 vero
598 1404 679 1461 sic,
718 1414 765 1450 et
807 1404 980 1449 dicitur
1020 1406 1324 1469 πενθημιμερὴς,
1362 1403 1614 1468 spondeus,

159 1482 392 1545 dactylus,
419 1481 637 1545 semipes,
662 1481 837 1544 dactyli
865 1481 974 1536 dim,
1356 1495 1360 1501 ·

327 1559 384 1598 M
385 1561 550 1614 cecelnas
572 1557 730 1610 atolvisl
754 1559 866 1613 edite]
891 1558 1075 1613 regibus.

156 1633 249 1679 Alii
289 1633 355 1678 sic
392 1631 638 1689 scandunt,
667 1631 960 1695 wspondeus,
985 1632 1249 1678 choriambi
1286 1632 1396 1687 (luo,
1430 1632 1618 1695 pyrrhi-

157 1709 307 1763 chius,

328 1784 384 1823 M
385 1783 554 1836 oecelnas
574 1784 722 1836 atavis!
746 1784 850 1824 edite
873 1785 1068 1839 relgibus.

158 1869 269 1915 Hoc
306 1877 508 1914 metrum
538 1869 596 1913 ab
620 1868 829 1931 elegiaco
855 1877 1055 1914 tractum
1083 1877 1168 1925 est,
1194 1886 1287 1914 una
1325 1868 1505 1932 syllaba
1534 1867 1614 1913 de-

156 1955 319 2001 tracta,
345 1963 486 2007 quam
515 1945 550 1990 si
578 1944 848 2002 reddideris,
873 1945 944 1990 vel
973 1945 1019 1990 in
1046 1944 1267 2002 secunda,
1292 1945 1363 1990 vel
1395 1945 1442 1990 in
1477 1944 1615 1990 tertia

157 2024 215 2068 ab
242 2023 410 2069 ultima
436 2022 630 2085 syllaba,
657 2021 744 2066 erit
769 2038 927 2067 versus
953 2021 1204 2084 elegiacus,
1229 2021 1310 2076 sic,

327 2107 384 2145 M
385 2119 540 2145 cesenas
560 2105 699 2144 atavis
719 2104 824 2144 edite
845 2113 863 2131 x
877 2104 1121 2159 remigibus.

155 2185 278 2231 Item
326 2184 362 2229 si
408 2184 546 2245 liujus
595 2183 901 2229 novissimam
943 2184 1174 2247 syllabam
1216 2180 1491 2246 dempseriS‚
1526 2181 1614 2227 erit

157 2260 607 2323 hendecasyllabum
636 2260 961 2306 yPhale—cium.

211 2453 229 2472 0
249 2445 350 2494 quod
370 2445 428 2492 ex]
453 2446 546 2491 quod
566 2450 615 2480 est
637 2458 679 2481 ex
701 2447 743 2481 A.
881 2452 899 2480 P
920 2445 1009 2481 illud
1032 2452 1089 2481 est
1108 2457 1257 2480 comma
1276 2444 1394 2492 quod]
1421 2445 1512 2479 illud
1532 2444 1613 2480 hinc

157 2506 208 2536 est
227 2511 365 2534 comma
386 2511 453 2545 quo
475 2498 518 2534 B.
682 2505 702 2533 q
722 2499 988 2548 compendiosa
1014 2497 1222 2547 diligentia]
1258 2498 1507 2545 compendiora
1528 2498 1611 2532 dili-

154 2554 298 2600 gentius
317 2552 360 2586 A.
486 2557 501 2576 Υ
521 2551 625 2597 sane]
647 2564 737 2587 sana
758 2552 802 2587 B.
925 2557 939 2577 S
960 2557 1024 2587 aut
1047 2552 1182 2587 brevem
1200 2564 1268 2599 pro
1289 2552 1396 2598 longa
1419 2551 1462 2587 B.
1519 2551 1611 2586 Mox

157 2607 291 2653 reperis
310 2605 406 2640 ven.
555 2603 569 2629 t
589 2617 656 2652 pro
675 2605 789 2653 longa
810 2604 966 2653 positam
990 2605 1185 2652 repereris]
1205 2617 1274 2652 pro
1296 2605 1438 2651 longam
1454 2605 1611 2651 positam

158 2661 312 2706 coeperis
336 2658 471 2693 invenis
489 2657 532 2692 A.
671 2664 690 2682 V
708 2657 1120 2708 Maecenas—regibus]
1151 2672 1226 2694 om.
1246 2659 1290 2693 A.
1339 2659 1457 2706 Supra
1478 2658 1611 2692 Primae

159 2715 224 2748 ode
250 2716 331 2759 post
360 2715 510 2745 iizetritm
544 2709 638 2744 Ven.
675 2709 734 2758 qui
771 2717 849 2745 tum
880 2711 1011 2746 liabent
1044 2718 1081 2746 et
1115 2724 1190 2747 om.
1222 2710 1609 2755 Mecaenas—regibas.

158 2766 263 2802 Idem
286 2763 381 2800 infra
397 2763 696 2811 penthemimeris.
836 2770 865 2788 W
884 2764 1084 2813 spondeus,
1104 2763 1308 2801 choriambi
1329 2763 1419 2810 duo]
1442 2763 1612 2809 spondius

160 2818 385 2854 choriambus
404 2818 447 2853 A.
471 2815 566 2851 infra
587 2820 705 2850 tracta
724 2816 820 2852 Ven.
844 2829 909 2864 pro
931 2819 1106 2852 detracta.
1234 2824 1253 2842 Χ
1274 2814 1490 2864 remigibus]
1515 2816 1611 2861 regi-

161 2873 224 2907 bus
243 2873 285 2907 A.
308 2871 403 2906 Ven.
568 2875 587 2902 Y
609 2867 839 2915 Phalecium]
869 2870 1119 2906 Plzaleuticum
1141 2871 1235 2906 Ven.

842 2939 926 2976 3T
