1962 3355
333 206 396 252 90
846 195 1005 242 Marii
1034 194 1274 241 Victorini
1629 207 1723 238 mn.
1751 208 1784 238 1.

599 380 739 432 CAP.
767 382 922 433 XXI.
990 383 1074 433 De
1100 380 1246 431 vitiis
1272 398 1534 431 versuum.

401 481 533 527 Inter
557 481 661 537 alia,
685 499 790 544 quae
826 482 872 526 in
913 480 1072 526 metris
1104 477 1296 523 vitanda
1327 495 1427 522 esse
1464 476 1789 540 praecepimus,

334 558 421 602 tria
446 557 516 602 vel
544 557 752 602 maxime
791 556 890 602 haec
926 554 1215 601 observanda
1240 554 1352 599 vitia
1378 553 1513 599 nobis
1538 562 1662 606 sunt,
1687 553 1790 615 qui-

336 633 421 678 bus
447 632 675 678 vulnerati
704 649 861 677 versus
899 630 1248 683 claudicabunt,
1273 646 1377 691 quae
1413 628 1638 675 trifariam
1678 646 1789 674 con-

297 723 312 743 2
334 708 538 770 tingunt.
609 707 736 752 Nam
775 714 881 751 Saut
918 705 966 750 in
999 705 1248 769 principio,
1287 714 1368 751 aut
1403 704 1672 760 medietate,
1708 712 1789 749 aut

334 784 378 828 in
407 792 618 828 extrema
645 783 714 828 sui
742 790 872 845 parte
897 790 1276 844 corrumpuntur.
1348 780 1501 843 Igitur
1528 779 1662 840 cujus
1699 779 1790 824 ini-

333 859 450 904 tium
494 876 578 921 pro
616 857 888 903 conditione
929 857 1132 919 propriae
1175 856 1288 919 legis
1329 872 1628 918 nequaquam
1671 855 1790 900 inte-

333 951 469 996 grum
507 932 800 996 processerit,
825 933 1031 990 ἀκέφαλος
1063 931 1250 985 dicitur,
1274 931 1420 977 veluti
1447 930 1601 994 capite
1629 930 1790 976 tinmi-

332 1017 475 1054 nuto:
514 1017 580 1065 ut,

532 1082 813 1129 Fluviorum
836 1099 924 1129 rex
949 1081 1212 1129 Eridanus.

334 1159 474 1214 Item,

530 1223 737 1269 Adicias
761 1241 846 1269 nec
871 1230 916 1269 te
941 1222 1090 1269 ullius
1114 1222 1340 1269 violentia
1362 1223 1538 1270 vincat.

293 1327 311 1355 3
335 1310 388 1355 In
418 1309 603 1356 vmedia
628 1328 736 1355 vero
762 1319 894 1373 parte
919 1311 1054 1357 laesus
1080 1309 1256 1373 λαγαρὸς
1278 1311 1568 1374 appellatur:
1606 1318 1672 1365 ut,

534 1385 785 1432 Anchisen
791 1385 938 1450 facio
964 1393 1160 1433 certum.

334 1462 521 1514 Quibus
546 1462 627 1523 qui
658 1462 920 1519 medentur,
945 1463 1097 1509 finalis
1132 1462 1326 1525 syllabae
1353 1462 1656 1507 excusatione
1686 1478 1792 1507 suc-

333 1547 542 1591 currunt,
580 1556 639 1583 ne
678 1538 832 1584 media
861 1556 1021 1584 versus
1057 1538 1165 1584 sede
1198 1538 1383 1583 iambus
1421 1537 1650 1583 habeatur
1682 1554 1792 1583 cau-

333 1622 502 1670 santes,
527 1613 655 1675 quod
692 1623 823 1677 parte
848 1614 1072 1660 orationis
1109 1613 1360 1660 terminata
1393 1631 1476 1677 pro
1501 1614 1643 1677 longa
1667 1613 1792 1677 posi-

332 1688 460 1734 tione
488 1689 762 1752 accipienda
788 1690 861 1744 sit,
887 1699 954 1746 ut,

334 1839 377 1885 E
536 1776 696 1825 Quam
720 1776 1056 1841 szofertzlr.

381 1850 412 1896 t,

537 1906 661 1955 Quis
687 1912 733 1952 te
756 1923 929 1970 magne
958 1905 1076 1952 Cato
1103 1906 1316 1952 tacitum.

335 1981 475 2037 Item,

540 2046 706 2093 Classe
730 2046 842 2093 vello
866 2064 1062 2093 meeum.

297 2162 316 2187 4
336 2134 401 2178 At
436 2132 482 2177 in
521 2132 689 2177 ultima
735 2133 951 2195 ‘Vp-elevpog
997 2134 1058 2179 ob
1097 2132 1488 2191 decurtationem,
1539 2142 1592 2179 ut
1638 2134 1791 2179 Graeci

335 2208 571 2261 dixerunt,
593 2207 772 2262 caudae,
799 2207 845 2253 id
872 2216 956 2264 est,
982 2208 1173 2254 extimae
1208 2208 1381 2270 partis:
1419 2219 1470 2254 ut
1495 2217 1565 2255 est
1590 2209 1666 2255 ille
1692 2226 1792 2255 ver-

337 2302 414 2330 sus
441 2283 567 2347 apud
594 2283 882 2340 Homerum,

535 2366 666 2422 Τρῶες
689 2359 748 2405 Χῧ’
780 2359 990 2422 ἐρρίγησαν
1013 2358 1109 2411 ὅπως
1135 2359 1215 2405 ἴδον
1239 2358 1368 2405 αἴολον
1392 2358 1493 2418 ὅφιν.

339 2435 490 2496 Cujus
515 2435 737 2498 exemplo
762 2435 903 2480 etiam
930 2452 1015 2480 nos
1042 2444 1230 2481 utemur
1254 2435 1333 2489 ita,

538 2511 750 2556 Attoniti
784 2510 928 2556 Troes
951 2511 1049 2557 viso
1073 2518 1291 2574 serpente
1307 2512 1549 2573 pavitant.

301 2612 316 2641 ς.
339 2587 427 2632 Cui
467 2585 659 2648 quidam
695 2586 760 2631 ita
800 2585 1062 2643 medentur,
1096 2595 1147 2632 ut
1179 2587 1341 2633 dicant
1373 2587 1642 2634 Homerum
1684 2589 1794 2635 artis

340 2662 535 2726 poeticae
564 2670 747 2725 patrem
787 2661 1026 2725 geminata
1056 2662 1207 2708 littera
1233 2662 1356 2722 ἔφφιν
1380 2663 1570 2721 dixisse,
1596 2664 1717 2711 sicut
1749 2673 1796 2711 et

396 2795 409 2813 s
426 2788 505 2834 aut]
530 2795 569 2822 ut
590 2787 628 2822 P.
753 2788 766 2812 t
787 2786 1004 2834 imminuto]
1027 2786 1213 2824 inminuto
1235 2789 1275 2825 P.
1401 2796 1420 2814 V
1440 2789 1578 2837 media]
1604 2791 1727 2827 medio
1748 2791 1792 2827 P.

342 2848 368 2865 W
387 2840 536 2888 μείουρος]
563 2839 700 2875 miurus
720 2840 759 2875 P.
781 2847 818 2875 et
838 2839 942 2875 infra.
1084 2847 1104 2866 Χ
1126 2844 1150 2877 δ’
1171 2841 1354 2888 ἐρρίγησαν]
1379 2844 1548 2889 ὃεριγησαν
1569 2844 1607 2879 Ρ.
1625 2843 1687 2892 qui
1710 2857 1794 2880 mox

343 2903 491 2929 utimur.
