1962 3355
97 208 203 239 CAP.
223 201 266 239 5.
451 194 535 240 De
553 193 812 258 generibus
835 200 1092 240 metrorum
1119 194 1206 255 850.
1461 205 1543 243 151

1139 314 1161 322 ⁶—-

96 323 187 371 tur,
220 312 296 360 ἀπὸ
331 320 400 361 τοῦ
436 316 626 362 Ψέλεεῒνε
659 314 736 361 alii
769 331 878 360 vero
900 316 1007 377 παρὰ
1038 314 1083 361 τὸ
1120 323 1162 361 εὐ
1197 316 1361 378 Χλέγειν
1397 317 1554 379 elegos

97 389 248 436 dictos
275 389 572 438 arbitrantur.

123 569 257 621 CAP.
288 569 354 621 V.
413 573 498 624 De
515 571 805 642 generibus
832 581 1122 623 metrorum
1151 591 1266 642 quc&
1293 591 1325 624 a
1342 582 1533 643 penta-

592 664 757 707 metro
772 657 1067 725 profluunt.

167 760 452 807 Choerilium
482 779 561 807 seu
581 761 856 825 Diphilium
884 770 1089 808 metrum
1118 779 1177 808 ex
1202 761 1369 808 eodem
1396 770 1561 826 penta-

101 836 240 883 metri
265 846 420 883 ortum
460 855 559 883 esse
587 855 757 901 genere
789 855 860 883 res
894 837 995 901 ipsa
1025 838 1231 891 indieat;
1263 846 1335 884 est
1371 837 1496 884 enim
1535 855 1559 884 e

102 913 336 977 dactylica
373 915 528 978 specie
570 915 851 972 derivatum,
888 924 1141 978 ysuprema
1178 923 1366 960 tantum
1402 931 1561 959 versus

103 990 299 1054 syllaba,
323 991 429 1053 uni
457 1008 538 1037 sex
564 990 764 1054 pedibus
788 992 1005 1055 profluat,
1031 991 1236 1037 brevius.
1279 990 1458 1053 Incipit
1481 1008 1563 1036 au-

102 1075 201 1112 tem
238 1084 263 1112 a
295 1065 482 1113 duobus
508 1066 727 1129 dactylis,
752 1067 890 1113 tertia
918 1067 1109 1130 regione
1142 1066 1351 1130 spondeo
1377 1083 1565 1129 semper

105 1150 345 1197 manente,
371 1152 418 1187 et
452 1159 609 1188 rursus
635 1160 694 1188 ex
723 1143 910 1189 duobus
941 1142 1143 1203 dactylis
1173 1151 1220 1188 et
1251 1142 1430 1206 syllaba
1456 1160 1562 1189 una.

106 1218 239 1264 Huic
277 1217 372 1264 duo
411 1218 528 1274 cola,
564 1236 669 1280 quae
706 1218 1086 1281 penthemimere
1127 1218 1351 1274 diximus,
1385 1218 1602 1264 adores-2

106 1303 242 1340 cente
279 1293 436 1340 media
474 1294 668 1358 syllaba,
700 1312 795 1357 qua
831 1294 1068 1358 spondeus
1105 1295 1330 1358 gignitur,
1363 1295 1564 1340 formam

106 1370 290 1417 dedisse
326 1379 600 1425 noscuntur,
638 1388 732 1434 qua
767 1371 976 1417 detracta
1010 1371 1068 1417 ad
1106 1371 1367 1434 elegiacum
1406 1380 1570 1435 penta-

111 1455 314 1493 metrum
341 1464 502 1493 versus
528 1457 808 1494 revertetur:
848 1446 1036 1504 aveluti,

241 1522 388 1569 Nunc
412 1541 504 1587 age
528 1524 720 1572 Plerios
743 1541 911 1572 versus
935 1524 1025 1570 dea
1054 1522 1283 1586 Calliope.

111 1600 253 1655 Item,

243 1676 409 1738 Incipe
433 1675 690 1723 Maenalios
714 1695 897 1724 mecum
921 1693 1027 1724 mea
1051 1676 1370 1738 [Melpomene.

112 1752 400 1799 Choerilium
428 1762 585 1799 autem
613 1755 843 1815 ἄμφιλιπὲς
865 1753 1052 1810 dicitur,
1071 1753 1198 1816 quod
1225 1752 1359 1799 initio
1378 1760 1425 1798 et
1449 1751 1573 1798 bfine
1592 1771 1610 1799 3

113 1828 404 1874 inminutum
432 1837 517 1883 est,
544 1838 609 1883 ut,

256 1905 365 1951 Tibi.
388 1923 591 1968 namque
616 1906 796 1962 decens,
823 1906 950 1953 lucet
972 1923 1083 1952 rosa
1106 1906 1297 1952 vertice.

116 1980 227 2026 Hoc
253 1998 442 2043 quoque
468 1999 526 2027 ex
552 1981 717 2028 eodem
753 1982 1039 2045 pentametri
1066 2000 1227 2029 versus
1264 1999 1434 2046 genere
1470 1999 1576 2044 pro-
1596 2003 1615 2030 4

115 2057 231 2113 fluit,
259 2057 408 2120 cquod
446 2058 689 2104 AEolieum
731 2076 811 2105 seu
849 2059 1144 2123 Sapphieum
1183 2067 1388 2104 metrum
1423 2056 1577 2103 nomi-

116 2142 231 2179 nant
250 2152 274 2179 a
295 2134 490 2196 Sappho
509 2144 614 2180 vate
633 2134 907 2181 doctissima
927 2136 1188 2182 inventum.
1228 2134 1391 2196 Hujus
1411 2134 1576 2198 primae

116 2210 162 2255 in
201 2227 336 2256 versu
372 2210 477 2256 duae
512 2211 705 2274 syllabae
740 2211 1055 2258 indifferenter
1087 2229 1214 2258 nune
1249 2212 1421 2274 longae,
1450 2228 1578 2256 nune

116 2286 295 2343 breves,
320 2303 446 2331 nunc
467 2286 675 2350 dispares
702 2288 854 2334 solent
878 2289 989 2352 poni
1010 2310 1020 2343 ;
1054 2288 1100 2335 id
1122 2297 1207 2346 est,
1227 2288 1429 2351 quilibet
1452 2305 1533 2351 pes
1554 2304 1579 2332 e

116 2361 361 2424 disyllabis
403 2372 627 2424 quattuor
665 2364 887 2426 subjectis
935 2383 1018 2429 per
1058 2365 1276 2411 ordinem
1323 2382 1474 2426 usque
1521 2362 1578 2410 ad

118 2439 262 2484 finem
290 2456 447 2485 versus
474 2449 697 2501 quattuor
721 2441 938 2504 dactylis,
962 2449 1225 2504 tamquam,

252 2514 400 2561 Maro
424 2533 499 2562 me
523 2516 683 2564 docuit
689 2516 825 2582 juga
850 2517 1107 2564 Pieridum
1131 2517 1280 2581 sequi.

173 2654 202 2672 W
222 2649 340 2696 ἐλεεῖν]
366 2656 461 2685 ελεαν
477 2651 521 2686 Α.
608 2657 629 2676 Χ
649 2651 772 2698 λέγειν]
793 2659 902 2698 ληγειν
923 2652 963 2687 P.
1056 2658 1076 2685 Y
1095 2651 1287 2699 suprema]
1311 2650 1379 2686 sub
1401 2649 1518 2698 prima
1537 2650 1578 2686 P.

121 2707 138 2726 Ζ
159 2700 241 2789 quli3]
267 2703 353 2750 quin
378 2703 417 2738 P.
530 2710 548 2729 a
569 2703 695 2750 veluti]
720 2704 817 2740 velut
839 2705 877 2740 P.
988 2701 1008 2729 b
1028 2703 1119 2750 fine]
1142 2704 1177 2739 in
1201 2703 1273 2739 fine
1295 2704 1334 2739 P.
1424 2709 1439 2728 c
1459 2702 1576 2751 quod]

122 2766 182 2802 qui
237 2784 244 2790 .

181 2873 241 2896 20.
271 2863 334 2897 ἀπὸ
364 2867 417 2898 τοῦ
451 2865 569 2910 ἐλεεῖν]
599 2866 688 2911 παρὰ
717 2865 753 2900 τὸ
785 2868 885 2900 ἐλεεῖν
913 2868 983 2906 τοὺς
1011 2868 1187 2906 τεθνεῶτας
1216 2863 1336 2913 inquit
1364 2861 1580 2898 Diomedes.

125 2915 322 2950 CAMER.
