1962 3355
312 371 345 392 11

320 1634 354 1663 13

322 2349 358 2378 ¹4

369 187 461 239 270
919 184 1075 232 Marii
1096 185 1250 233 Plotiz‘

423 349 506 396 De
528 349 850 413 Hipponactio
875 350 1002 398 clodo
1027 351 1241 397 trimetro
1265 348 1525 396 acatalecto
1548 349 1743 395 iambico

975 428 1183 474 Ananio.

436 535 811 598 Hipponactiam
847 538 1116 583 trimetrum
1162 535 1342 582 clodum
1382 535 1641 598 percutitur
1682 534 1802 580 sicut

368 613 623 660 iambicum
657 614 916 660 trimetrum
942 612 1323 659 Archilochicum
1351 611 1584 657 comicum
1610 611 1681 657 vel
1712 619 1802 657 tra-

368 690 542 753 gicum,
567 689 645 736 sed
678 690 1015 752 Ppenultimam
1048 689 1276 752 syllabam
1310 689 1498 752 longam
1525 688 1668 735 habet
1691 706 1802 734 con-

368 775 437 812 tra
461 766 645 812 illorum
670 767 894 812 rationem
922 783 1024 828 quae
1049 766 1235 811 brevem
1263 765 1450 812 habent.
1510 765 1797 828 Exemplum

369 842 488 889 clodi
516 842 826 905 Hipponactii
854 842 943 887 hoc
968 851 1052 899 est,

561 917 767 965 Ἀκούσαθ’
792 917 1063 972 Ἱππώνακτος,
1090 918 1129 964 οὗ
1152 918 1228 979 γὰρ
1252 916 1343 963 ἀλλ’
1370 917 1460 974 ἥκω.

368 994 553 1048 Latine,

567 1071 723 1110 Latina
744 1071 862 1111 trado
881 1073 1069 1111 carmina
1088 1072 1147 1111 sic
1167 1070 1365 1110 Sacerdos.

334 1165 349 1185 2
371 1145 552 1192 Crescit
574 1154 728 1191 autem
767 1145 1023 1192 iambicum
1062 1154 1264 1191 metrum
1292 1162 1317 1190 a
1341 1144 1541 1190 dimetro
1564 1161 1711 1206 usque
1747 1144 1804 1190 ad

370 1231 708 1277 tetrametrum,
745 1232 790 1268 et
825 1223 1074 1268 qcatalexis
1112 1222 1275 1285 recipit
1309 1230 1445 1276 totaS,
1487 1220 1534 1266 id
1565 1230 1635 1266 est
1671 1229 1806 1282 quat-

371 1309 489 1346 tuor.
545 1299 771 1352 Quamvis
799 1299 895 1345 ausi
921 1299 1013 1345 sint
1038 1299 1173 1345 multi
1200 1306 1247 1344 et
1270 1306 1566 1362 pentametra
1590 1306 1636 1343 et
1662 1298 1805 1343 hexa-

373 1385 519 1422 metra
544 1375 744 1422 iambica
768 1393 1062 1439 componere.
1109 1375 1185 1421 De
1209 1375 1378 1437 quibus
1403 1374 1623 1420 omnibus
1648 1390 1805 1419 exem-

374 1453 451 1517 pla
474 1470 717 1516 ponemus.

552 1618 634 1664 De
657 1625 804 1664 metro
828 1617 1056 1665 catalecto
1080 1616 1277 1663 iambico
1301 1615 1632 1662 Anacreontio.

440 1716 713 1762 Dimetrum
749 1715 1074 1762 catalecticum
1116 1714 1491 1761 Anacreontium
1528 1713 1806 1776 heptasylla-

375 1793 486 1839 bum
515 1793 603 1838 hoc
628 1792 783 1847 modo,

765 1889 782 1933 ὁ
806 1888 876 1948 μὲν
900 1888 1012 1932 θέλων
1035 1887 1253 1946 μάχεσθαι,

766 1965 953 2024 Γπάρεστι
976 1963 1067 2026 γὰρ,
1090 1962 1293 2024 μαχέσθω.

375 2063 523 2110 Deest
544 2068 670 2109 enim
698 2082 788 2110 una
814 2065 993 2127 syllaba
1017 2075 1067 2110 ut
1099 2063 1158 2109 sit
1181 2063 1433 2109 dimetrum
1472 2061 1681 2125 plenum,
1706 2058 1810 2104 ideo

376 2149 391 2170 ⁸
401 2140 737 2187 catalecticum.

628 2319 710 2365 De
734 2318 994 2365 acatalecto
1019 2318 1215 2365 dimetro
1237 2317 1556 2364 Archilochio.

445 2433 775 2481 Acatalectam
799 2433 1155 2480 Archilochium
1191 2434 1441 2480 dimetrum
1475 2432 1725 2479 iambicum
1757 2434 1810 2478 fit

379 2510 558 2574 syllaba
582 2510 738 2557 addita
761 2510 1074 2557 Anacreontis)
1098 2510 1298 2556 dimetro
1322 2509 1608 2566 catalectico,
1633 2520 1683 2555 ut
1705 2518 1788 2566 est,

638 2611 686 2656 τί
703 2610 836 2672 μακρὰ
859 2610 903 2666 δὴ
926 2616 1077 2672 φρονεῖς
1100 2609 1225 2655 τάλαν
1245 2629 1255 2661 3

433 2781 452 2809 P
473 2774 712 2823 penultimam
733 2774 927 2824 syllabam]
952 2773 1013 2811 Sic
1033 2774 1078 2810 L.
1105 2774 1277 2822 syllabam
1297 2786 1370 2809 om.
1391 2772 1596 2810 Putschius.
1669 2780 1689 2807 q
1708 2778 1809 2807 cata—

381 2829 475 2864 lexin
494 2828 540 2864 L.
649 2834 661 2849 s
679 2829 833 2876 πάρεστι]
860 2829 920 2864 Sic
940 2828 984 2864 L.
1006 2837 1043 2864 et
1061 2831 1196 2875 πάρεστι
1217 2826 1423 2863 Putschius.
1505 2834 1519 2852 s
1535 2825 1806 2873 catalecticum]

379 2883 626 2917 catalecticum
657 2883 862 2918 oblivionem
890 2883 995 2918 sensit
1017 2883 1179 2917 Anacreo
1199 2883 1311 2917 temus
1331 2881 1374 2917 L.
1424 2880 1493 2916 Sed
1513 2879 1594 2916 vide
1626 2882 1655 2925 ξ.
1677 2892 1754 2929 seq.
1773 2878 1809 2915 in

380 2935 462 2971 fine.
