1962 3355
145 192 253 223 CAP.
268 186 347 224 34.
568 178 652 223 De
674 193 894 224 versuum
917 176 1192 240 generibus.
1501 182 1595 233 497

145 298 256 344 Hoc
280 306 466 344 constat
491 297 913 360 proceleusmatico
937 297 1072 360 pede,
1091 297 1170 359 qui
1198 305 1267 342 est
1292 313 1348 342 ex
1374 306 1598 358 quattuor

142 373 379 420 brevibus.
449 373 534 420 bIn
568 374 666 419 imo
704 372 870 436 recipit
899 373 1199 435 trisyllabum
1238 373 1408 436 pedem
1448 373 1598 419 incer-

143 460 244 495 tum
278 467 423 512 quem
456 449 563 512 equi
589 448 647 495 de
675 449 841 495 ultima
874 449 1053 511 syllaba
1079 449 1125 496 id
1157 448 1311 496 dvarie
1343 450 1596 495 observan-

141 524 255 571 dum
285 536 369 582 est,
394 526 521 587 quod
547 543 686 589 supra
711 525 890 571 dictum
918 534 1002 572 est.

209 601 522 648 Molossicum
553 611 754 648 metrum
784 601 901 647 mihi
922 601 1228 649 durissimum
1249 602 1448 649 videtur.
1490 600 1596 646 Hu-
1615 621 1654 650 43

133 676 214 737 jus
240 679 514 741 exemplum
542 678 623 724 dat
648 677 858 724 eCaesius
882 677 1060 724 Bassus
1086 677 1192 734 tale,

369 754 569 795 fRomani
591 755 764 795 victores
789 755 1011 794 Germanis
1033 753 1219 793 devictis.

141 826 324 872 Omnes
359 827 513 890 longae
552 837 678 882 sunt,
711 826 824 888 quia
860 826 1092 872 molossus
1131 833 1316 871 constat
1353 841 1409 870 ex
1445 824 1595 870 tribus

140 903 334 966 syllabis
360 903 529 966 longis.
600 903 751 949 Hunc
777 920 887 948 sane
912 919 1096 948 versum
1141 902 1439 947 simillimum
1478 908 1596 964 puto

138 979 236 1025 gilli
274 979 551 1025 hexametro
576 979 654 1041 qui
682 978 997 1043 hspondiacus
1023 978 1208 1024 dicitur.
1275 977 1406 1023 Nam
1440 986 1487 1023 et
1518 976 1597 1023 hic

140 1055 358 1101 similiter
380 1055 630 1101 duodecim
659 1056 862 1117 syllabas
888 1055 1051 1118 longas
1078 1055 1236 1101 babet.

206 1131 381 1179 Cretici
408 1148 565 1177 versus
593 1131 683 1177 hoc
708 1132 985 1194 exemplum
1011 1141 1096 1187 est,
1616 1156 1657 1184 44

368 1209 489 1248 Alma
510 1209 585 1248 lux
608 1207 787 1248 iroscz'da
802 1209 947 1263 prima
953 1210 1136 1263 flamma
1157 1211 1307 1250 nitens.

140 1281 258 1328 kMe
299 1293 370 1327 sat
410 1290 480 1328 est
515 1281 690 1327 dixisse
733 1281 958 1327 creticum
1003 1291 1216 1328 constare
1258 1300 1315 1328 ex
1358 1281 1514 1343 longa,
1550 1288 1598 1325 et
1659 1312 1661 1316 s

140 1358 284 1415 brevi,
309 1367 356 1403 et
382 1358 535 1419 longa,
561 1357 641 1419 qui
668 1367 713 1402 et
738 1357 1089 1420 amphimacros
1115 1359 1402 1405 nominatur.

203 1433 550 1480 Antibaccbius
576 1450 734 1479 versus
760 1433 1054 1495 lhujusmodi
1081 1446 1166 1491 est,
1617 1459 1656 1489 45

367 1512 567 1551 mMariti
588 1511 695 1551 beati
715 1525 914 1566 paremus
936 1517 1113 1566 nepotes.

142 1584 301 1646 Hujus
343 1584 493 1630 facilis
536 1584 742 1648 partitio,
782 1601 930 1646 quum
975 1584 1180 1631 sciamus
1228 1583 1397 1647 pedem
1443 1583 1596 1647 ipsum

138 1670 356 1707 constare
382 1669 471 1706 nex
499 1660 627 1706 brevi
652 1670 698 1706 et
723 1660 905 1706 duabus
931 1660 1100 1722 longis.

206 1737 501 1783 Bacchicum
532 1746 737 1783 metrum
764 1748 834 1783 cst
858 1738 966 1793 tale,
1617 1755 1659 1792 46

368 1813 560 1853 c’Laetare
579 1813 775 1853 baeehare
791 1820 998 1868 prasente
1019 1814 1244 1853 Frontone.

139 1885 283 1932 PHoc
316 1885 432 1930 mibi
467 1884 653 1931 videtur
692 1886 842 1947 magis
881 1885 937 1931 ad
976 1902 1162 1949 prosam
1199 1884 1463 1930 convenire.
1533 1884 1599 1931 Et

141 1979 251 2007 sane
296 1961 456 2007 multis
499 1960 697 2023 pedibus
741 1961 785 2005 in
827 1962 1037 2007 oratione
1077 1962 1271 2017 utimur,
1313 1962 1426 2007 licet
1467 1961 1598 2008 stulti

194 2151 215 2180 b
234 2153 350 2190 immo
372 2153 521 2202 recipit]
546 2156 582 2189 in
602 2156 671 2190 imo
691 2157 821 2202 recepit
841 2156 887 2191 A.
1067 2160 1084 2180 θ
1103 2154 1254 2203 quidem
1277 2155 1332 2201 iu]
1357 2156 1417 2203 quz'
1437 2156 1480 2190 de
1500 2154 1596 2191 A.B.

140 2205 161 2234 d
191 2207 327 2244 varium
364 2207 633 2243 observandum
665 2209 763 2255 esse]
803 2210 839 2244 id
871 2209 970 2245 varie
1008 2208 1265 2244 observandum
1295 2213 1346 2244 est
1379 2209 1474 2255 quod
1504 2208 1597 2245 AB.

142 2269 159 2289 e
181 2261 339 2307 Caesius]
365 2261 499 2297 Celsius
518 2262 612 2297 A.ss.
638 2262 774 2297 Celsius
793 2262 941 2297 Bassius
964 2261 1056 2297 Ven.
1180 2259 1196 2286 f
1214 2261 1378 2297 Romani
1399 2260 1516 2297 Gallis
1532 2261 1596 2297 de-

143 2313 246 2350 victis
266 2322 354 2350 sunt
374 2313 529 2350 victores
549 2314 628 2363 qui]
647 2315 803 2350 Romani
816 2317 966 2351 victores
987 2316 1174 2350 Germanis
1194 2316 1338 2351 devictis
1357 2327 1475 2350 omues
1495 2316 1598 2361 longe

141 2373 236 2410 sunt,
269 2369 353 2414 quia
389 2369 559 2403 molossus
591 2373 731 2404 constat
763 2369 860 2405 AB.
894 2369 1097 2404 Romanum
1133 2370 1282 2404 victores
1312 2370 1423 2415 gallis
1452 2369 1598 2404 devictis

144 2422 249 2467 longe
267 2426 349 2456 sunt
370 2433 488 2456 omnes
509 2422 602 2458 Ven.
739 2429 760 2456 g
780 2421 848 2469 illi]
872 2423 935 2457 illo
956 2423 998 2457 A.
1124 2420 1145 2447 h
1165 2422 1408 2472 spondaicus]
1430 2423 1598 2469 spondia-

143 2486 203 2509 cus
222 2474 271 2510 Β.
392 2472 403 2499 i
426 2473 561 2521 rosida]
588 2477 727 2511 roscida
748 2476 790 2511 A.
919 2473 940 2500 k
955 2474 1013 2511 Mi
1034 2484 1091 2510 sat
1110 2484 1168 2511 est
1188 2475 1334 2519 dixisse,
1355 2475 1532 2512 creticum
1554 2487 1597 2510 ex

144 2526 257 2576 longa
276 2535 313 2562 et
333 2526 430 2562 brevi
450 2534 486 2562 et
507 2527 619 2577 longa
647 2541 727 2564 esse
750 2528 813 2577 qui
842 2537 880 2565 et
909 2529 1196 2577 amphimacros]
1230 2542 1285 2565 me
1308 2534 1365 2565 sat
1392 2534 1443 2565 est
1471 2530 1599 2564 dixisse

144 2585 314 2616 creticum
343 2585 506 2615 constare
528 2593 571 2616 ex·
602 2583 710 2628 longa
741 2588 775 2617 et
804 2584 910 2618 brevi.
941 2595 983 2617 ex
1012 2583 1063 2628 (et
1096 2583 1158 2629 B.)
1189 2584 1296 2630 longa
1329 2584 1469 2630 quidem
1503 2583 1598 2629 (qui-

142 2635 227 2669 dam
248 2634 312 2679 B.)
334 2632 600 2680 amphimacrus
619 2635 714 2670 AB.
745 2647 800 2670 me
818 2641 874 2671 sat
894 2648 966 2671 esse
989 2636 1080 2672 Ven.
1102 2635 1164 2684 qui
1185 2649 1256 2672 esse
1275 2649 1350 2672 om.
1373 2644 1457 2684 post
1477 2636 1596 2681 longa.

143 2684 155 2712 1
175 2685 407 2733 hujusmodi]
430 2685 603 2732 ejusmodi
620 2687 715 2723 AB.
764 2689 883 2736 Supra
902 2690 1154 2725 Antehac-chus
1173 2690 1268 2726 Ven.
1470 2694 1499 2713 ¹¹³
1522 2686 1598 2722 nati

146 2739 244 2776 beati
263 2740 414 2789 parens]
436 2741 558 2774 mariti
579 2739 672 2775 beati
687 2753 857 2788 paremus
874 2741 967 2776 Α.Β.
1159 2749 1178 2768 n
1198 2755 1242 2779 ex
1259 2742 1401 2778 duabus
1420 2739 1541 2789 longis
1561 2747 1599 2775 et

147 2792 261 2840 brevi]
285 2806 328 2828 ex
348 2793 442 2828 brevi
461 2797 496 2828 et
515 2793 654 2828 duabus
673 2794 788 2840 longis
807 2794 898 2829 AB.
918 2795 1012 2830 Ven.
1195 2802 1214 2822 0
1235 2797 1396 2832 Baccare
1416 2791 1599 2842 praecinge

147 2846 326 2895 frontem]
351 2847 474 2881 laetare
493 2846 667 2881 bacchare
696 2851 869 2894 praesente
883 2846 1059 2894 frontone
1080 2849 1172 2884 AB.
1338 2852 1354 2875 Ρ
1375 2845 1412 2880 hi
1438 2844 1526 2880 mihi
1546 2843 1599 2880 vi-

146 2899 302 2947 dentur]
335 2900 400 2935 hoc
419 2899 507 2935 mihi
525 2900 666 2935 videtur
685 2899 780 2936 AB.

839 2971 914 3007 3s
