1962 3355
344 190 402 240 27
409 194 435 229 2
895 182 1050 229 Marii
1071 181 1222 229 Plotia·

344 304 442 352 Hic
466 304 593 351 enim
619 321 725 351 cum
763 322 856 350 una
888 304 1066 368 syllaba
1088 306 1137 349 in
1167 305 1258 349 fine
1281 301 1424 355 deest,
1448 299 1770 347 catalecticum

343 381 454 428 fecit
476 399 575 428 esse
599 399 693 427 non
717 381 981 427 trimetrum
1008 380 1280 434 iambicum,
1305 386 1356 423 ut
1379 388 1462 434 est,

597 459 740 499 Setosa
761 458 879 497 duris
900 464 1070 496 aeoeuere
1088 454 1219 509 pellis.

346 531 445 577 Hic
475 530 599 577 enim
627 531 661 576 si
692 530 830 576 fuerit
855 528 1011 575 addita
1034 528 1081 573 in
1118 528 1207 572 fine
1240 526 1433 589 syllaba,
1456 526 1537 570 fiet
1562 524 1775 571 Archilo-

346 608 524 663 chium,
547 606 605 652 de
628 624 721 669 quo
744 605 884 669 paulo
909 613 1015 649 ante
1038 603 1245 657 tractavi,

475 694 734 740 b’ANTONI
760 697 895 737 NOTl
921 696 1118 737 ΜΟΥΣΑ
1143 695 1645 736 ΠΡΟΣΑΔΜΙΣΑΤΟΣ.

560 771 704 811 Setosa
725 768 844 808 duris
864 781 1012 807 eoeuere
1024 767 1215 823 pellibus.

575 845 743 905 0Πάτερ
767 844 976 903 Λυκάμβα
997 848 1097 888 ποῖον
1121 840 1279 904 ἐφράσω
1302 840 1407 887 τάδε.

572 925 661 965 Ibis
683 924 884 965 Liburnis
903 925 1013 964 inte-r
1032 924 1118 964 alta
1137 925 1321 963 navium.

294 1094 330 1125 19
616 1075 698 1121 De
715 1074 1059 1138 palimbacchio
1084 1075 1253 1121 comico
1279 1075 1506 1120 trimetro.

415 1173 869 1220 dPalimbacchiczmz
888 1174 1109 1220 comicum
1134 1173 1401 1219 trimetrum
1427 1170 1783 1218 acatalecticum

351 1252 405 1297 fit
430 1251 518 1296 hoc
543 1250 711 1305 mod03
748 1250 900 1313 primo
931 1249 1049 1314 pede
1086 1259 1334 1314 anapaesto,
1361 1248 1563 1295 secundo
1587 1249 1784 1305 eiambo,

352 1328 488 1374 tertio
512 1326 713 1390 dactylo,
737 1327 883 1373 tribus
916 1326 1098 1384 iambis,
1123 1327 1199 1372 sed
1238 1326 1488 1372 novissima
1513 1325 1689 1388 syllaba
1714 1323 1784 1369 in-

353 1404 581 1461 differens,
605 1403 838 1449 invenitur
862 1404 985 1449 enim
1015 1403 1333 1466 PyrrhichiUS,
1358 1402 1436 1465 qui
1469 1419 1550 1465 per
1571 1417 1785 1446 commu-

354 1498 461 1527 nem
497 1480 723 1543 syllabam
750 1480 854 1525 finit
889 1488 1065 1543 partem
1094 1480 1327 1525 orationis.
1396 1477 1506 1524 fpro
1531 1477 1688 1524 iambo
1713 1493 1788 1522 ac-

356 1558 494 1622 cipio,

551 1622 733 1683 Δίδυμος
755 1621 834 1668 πόθ’
860 1625 952 1683 ἡμῖν
976 1624 1188 1685 περιτυχὼν
1213 1623 1230 1667 ὁ
1252 1620 1454 1681 μουσικός.

554 1715 764 1769 Didymus
784 1715 930 1755 ghares
950 1715 1116 1754 musicae
1128 1719 1251 1769 poeta
1270 1714 1436 1753 lumine.

302 1876 343 1897 ‘20
410 1850 493 1895 De
516 1849 837 1912 Hipponactio
862 1849 1075 1895 trimetro
1101 1848 1294 1894 Auianio
1320 1848 1447 1895 clodo
1472 1849 1746 1895 acatalecto,

426 1938 797 2001 Hipponactium
830 1937 1077 1984 Ananiam,
1113 1936 1296 1984 clodum
1327 1937 1595 1984 trimetrum
1629 1937 1794 1984 iambi-

362 2032 467 2062 cum
491 2014 848 2061 acatalecticum
873 2015 926 2059 fit
955 2014 1043 2060 hoc
1080 2013 1236 2070 modo,
1263 2032 1368 2060 cum
1396 2013 1675 2060 novissimus
1712 2031 1793 2077 pes

363 2092 622 2156 disyllabus
660 2111 684 2138 a
718 2093 858 2156 longa
888 2090 1112 2155 hincipiat
1141 2109 1251 2138 cum
1289 2091 1478 2138 deberet
1513 2109 1538 2137 a
1570 2091 1713 2148 brevi,
1744 2099 1796 2136 ut

365 2170 549 2216 iambus
586 2169 658 2226 sit,
690 2187 782 2215 non
821 2168 1052 2233 spondeus
1083 2169 1152 2214 vel
1187 2168 1431 2223 trochaeus,
1464 2178 1514 2214 ut
1544 2177 1614 2214 est
1636 2184 1795 2213 exem-

364 2247 496 2311 plum
524 2246 636 2291 hoc:

564 2321 627 2368 ΓΑ
688 2323 699 2338 t
777 2322 785 2334 ἱ
809 2323 818 2338 ε
916 2322 927 2336 t
1135 2322 1143 2337 ⁵
1201 2323 1213 2338 x
1276 2323 1303 2341 9,
1344 2321 1353 2335 θ
1384 2320 1403 2338 ‘l

633 2328 777 2368 κουσαθ
825 2328 1079 2378 Ιππωνακτος,
1104 2345 1144 2369 ου
1167 2344 1243 2384 γαρ
1262 2333 1344 2367 αΛλ
1379 2343 1471 2378 ηκω.

562 2401 636 2452 Ὡς
659 2400 694 2446 οἷ
713 2400 784 2460 μὲν
806 2403 902 2461 ἁγεῒ
919 2399 1110 2463 Βουπάλῳ
1133 2406 1360 2461 κατηρῶντο.

1424 2522 1445 2540 ω

425 2567 444 2586 a
461 2569 592 2595 exuere
611 2556 785 2606 pellibus]
808 2563 934 2593 exurat
950 2558 1054 2605 pellis
1072 2557 1114 2592 L.
1285 2555 1302 2579 b
1331 2560 1800 2592 ANTONINOIIAIOXCA·

373 2612 742 2649 HPOCAAeCTATOC
770 2611 814 2646 L.
1045 2617 1061 2636 ⁰
1095 2613 1802 2650 HATHPaINAMBAPOICOCuIeQPaCeTae

372 2671 505 2702 ΤΟΔΗ.
534 2666 576 2701 L.
685 2661 704 2689 d
724 2669 775 2699 est
794 2665 1038 2700 catalecticum
1057 2664 1099 2699 L.
1209 2670 1224 2689 e
1244 2662 1383 2710 iambo]
1409 2664 1555 2699 iambico
1575 2663 1618 2700 L.
1704 2661 1719 2688 f
1730 2671 1802 2707 Pro

374 2721 488 2756 iambo
519 2720 652 2765 accipio
690 2726 924 2754 accesserunt
951 2730 994 2754 ex
1023 2717 1066 2754 L.
1098 2729 1182 2753 mox
1215 2715 1297 2753 dedi
1329 2718 1500 2764 περιτυχὼν
1530 2729 1597 2766 pro
1625 2718 1802 2763 περίτυχεν.

375 2781 396 2808 g
415 2773 534 2820 hares]
555 2774 657 2808 hares
675 2771 717 2807 L.
801 2769 823 2796 h
843 2770 1012 2820 incipiat]
1030 2771 1090 2807 Sic
1104 2771 1146 2806 L.
1168 2772 1289 2817 incipit
1303 2770 1508 2807 Putschius.
1590 2768 1600 2795 i
1620 2774 1801 2804 AKOICA-

373 2826 697 2862 THPONAKATOC
731 2829 1560 2860 ΟὙΑΡΑΛΗΚΟΚΛΑΖΟΜΕΝΙΟΎΒΟΎΝΑΛΟΕΙ
1600 2827 1808 2858 ΚΑΘΗΙΝΕ.

376 2879 472 2916 Vide
500 2879 673 2915 Rufinum
697 2878 741 2914 de
760 2878 892 2915 Metris
913 2877 1075 2914 Comicis
1104 2891 1137 2927 p.
1162 2889 1274 2926 2712.
1305 2876 1366 2913 ubi
1395 2877 1541 2927 legitur,
1562 2873 1583 2913 ω””
1603 2875 1805 2922 Κλαζομένιοι

376 2936 536 2975 Βούπαλος
554 2933 763 2969 κατέκτεινεν.
