1962 3355
331 235 421 271 228
835 225 994 272 Marii
1022 225 1268 272 Victorini
1590 240 1685 270 LIB.
1711 239 1779 270 lv.

534 345 658 394 Quis
680 346 832 392 multa
852 346 1060 409 gracilis
1083 353 1129 392 te
1144 363 1269 407 puer
1292 346 1342 391 in
1364 361 1477 390 rosa

528 420 773 485 Perficsus
798 421 992 485 liquidis
1015 428 1157 484 urget
1181 420 1415 477 odoribus,

534 496 688 543 Grato
713 497 913 560 Pyrrha
935 498 1021 543 sub
1046 503 1200 549 antro,

533 572 824 638 Cuiflavam
848 573 1031 635 religas
1056 588 1245 617 comam.

273 666 315 694 30
333 648 421 694 Sed
450 648 507 694 de
531 650 762 712 prioribus
788 649 974 694 duobus
1005 646 1085 708 qui
1117 655 1226 691 sunt
1250 645 1562 705 Asclepiadei‚
1586 653 1634 691 et
1658 646 1779 709 Gly-

331 724 483 777 conio,
504 725 583 785 qui
610 733 776 786 quarto
801 726 905 769 loco
929 732 1013 778 est,
1040 739 1178 784 supra
1202 720 1422 766 diximus.
1491 720 1637 768 Nunc
1659 722 1781 767 Phe-

329 800 576 844 recratium
626 799 950 861 inspiciamus,
997 805 1043 842 et
1091 805 1161 841 est
1208 795 1577 859 heptasyllabus.
1661 796 1781 860 Epi-

330 891 543 935 gramma
570 875 836 937 conposuit.
907 873 1018 919 Hoc
1054 880 1258 917 metrum
1296 871 1547 917 conficitur
1584 881 1663 918 aut
1698 889 1782 936 per

330 949 538 1010 singulos
575 949 730 1012 pedes,
777 949 821 994 id
859 958 929 994 est
965 946 1173 1011 spondeo
1209 947 1280 992 vel
1312 946 1560 1009 disyllabo,
1585 956 1631 993 et
1666 947 1782 993 cho-

270 1045 308 1073 31
329 1024 511 1069 riambo
536 1034 581 1070 et
608 1025 774 1070 ultima
800 1025 994 1087 syllaba.
1066 1023 1199 1069 Huic
1225 1023 1260 1068 si
1283 1023 1573 1085 Glyconium
1595 1040 1781 1086 praepo—

329 1100 489 1155 sueris,
514 1100 762 1162 Priapeum
791 1099 946 1153 facies,
973 1099 1054 1155 sic,

334 1174 627 1239 Cuiflcwam
652 1175 836 1239 religas
861 1191 1055 1230 comam,
1090 1175 1241 1220 Grato
1260 1173 1464 1237 Pyrrha
1487 1173 1572 1219 sub
1596 1180 1747 1220 antro.

329 1251 650 1297 SPherecratio
688 1269 799 1297 usus
841 1260 911 1297 est
947 1251 1068 1296 libro
1109 1251 1263 1313 primo
1303 1261 1482 1314 quater,
1519 1251 1657 1298 tertio
1697 1249 1781 1305 bis,

330 1336 498 1389 quarto
524 1328 609 1373 bis.

270 1433 309 1462 32
396 1404 539 1449 Sexta
563 1404 651 1450 ode
676 1423 786 1450 cum
819 1403 972 1467 epodo
996 1404 1246 1450 conficitur
1264 1402 1586 1467 Asclepiadeis
1616 1402 1781 1459 tribus,

329 1489 495 1541 quarto
521 1480 773 1543 Glyconio,
798 1481 855 1526 de
879 1481 1050 1542 quibus
1067 1480 1168 1541 jam
1195 1479 1418 1532 diximus,
1444 1479 1548 1533 tsic³

465 1556 702 1602 Scriberis
731 1557 881 1603 Vario
887 1554 1049 1621 fortis
1074 1562 1118 1602 et
1144 1556 1347 1601 hostium

467 1631 635 1677 Victor
660 1632 863 1678 Maeonii
887 1632 1111 1678 carminis
1135 1632 1264 1685 alite,

466 1708 626 1757 Quam
651 1725 706 1754 re
731 1706 1090 1771 cunquiejerooe
1115 1707 1313 1754 navibus
1338 1713 1423 1752 aut
1451 1708 1594 1770 equis,

461 1783 612 1829 Miles
638 1791 683 1830 te
707 1784 824 1829 duce
843 1784 1062 1846 gesserit.

268 1877 308 1906 33
330 1859 450 1911 Quae
500 1859 766 1922 conpositio
818 1862 1064 1922 τετράκωλος
1111 1860 1265 1920 στροφὴ
1311 1858 1497 1914 dicitur,
1551 1876 1606 1904 eo
1654 1857 1780 1920 quod

329 1944 496 1997 quarto
515 1952 650 1981 versu
676 1943 896 1991 vertatur,
912 1952 1007 1997 quo
1027 1934 1246 1998 periodus
1267 1934 1514 1981 clauditur.
1564 1934 1692 1981 Usus
1711 1942 1782 1980 est

329 2011 420 2056 hoc
445 2028 614 2073 genere
639 2011 891 2057 Ulcarminis
917 2011 1090 2057 novies.

269 2115 310 2144 34
395 2087 610 2150 Septima
634 2087 722 2133 ode
748 2087 939 2149 adaeque
970 2105 1079 2133 cum
1106 2086 1259 2151 epodo
1286 2087 1482 2150 prolata,
1507 2086 1673 2132 heroos
1698 2085 1782 2131 ha-

330 2163 410 2207 bet
435 2179 606 2208 versus.
678 2163 805 2208 Nam
843 2163 1119 2209 hexametro
1148 2163 1283 2226 epico
1307 2171 1634 2209 tetrametrum
1660 2161 1783 2222 ejus-

331 2238 439 2283 dem
477 2238 659 2300 generis
691 2237 834 2283 habet
858 2239 1182 2292 Wsubnexum,
1206 2238 1253 2283 id
1278 2247 1348 2283 est
1371 2237 1556 2283 duobus
1581 2236 1781 2300 pedibus

329 2314 639 2368 inminutum,
660 2313 786 2375 quod
812 2313 1175 2360 Archilochium
1201 2313 1388 2370 dicitur,
1413 2322 1480 2369 ut,

386 2465 400 2483 S
420 2457 652 2493 Pherecratio
673 2458 776 2503 usus]
809 2457 1073 2493 Pherecrateus
1095 2470 1181 2493 usus
1200 2464 1255 2493 est
1282 2458 1322 2493 P.
1554 2456 1567 2481 t
1587 2454 1656 2501 sic]
1680 2463 1722 2491 ut
1742 2456 1780 2491 P.

331 2517 353 2536 ¹1
372 2509 542 2547 carminis
563 2509 706 2556 novies]
729 2509 952 2545 carminibus
974 2523 1104 2546 novem
1122 2511 1161 2546 P.
1229 2517 1257 2535 W
1277 2509 1500 2555 subnexum]
1525 2506 1722 2544 subnixum
1741 2509 1781 2543 P.

388 2624 451 2659 30.
481 2613 716 2658 Epigramma
741 2611 953 2658 composuit]
987 2615 1028 2645 ἀ-
1085 2610 1166 2653 ries,
1202 2623 1244 2646 ac
1282 2610 1439 2646 fortasse
1477 2608 1562 2645 talis
1601 2609 1784 2658 scriptura

332 2665 545 2713 προσδιώυσον
566 2663 654 2699 mihi
675 2663 825 2712 quidem
856 2663 925 2699 hoc
955 2665 1027 2710 epi-
1086 2662 1165 2705 fuit,
1189 2669 1222 2698 et
1252 2668 1301 2698 est
1332 2663 1612 2710 heptasyllabus‚
1644 2667 1678 2698 et
1709 2665 1783 2709 epi-

331 2731 497 2765 gramma
535 2716 687 2752 videtur.
762 2715 881 2764 Lego,
926 2717 1030 2750 ἐπικὸν
1086 2728 1319 2752 cumcomma
1341 2718 1547 2763 composuit.
1583 2715 1781 2751 CAMER.

334 2768 444 2816 ᾆσμα,
469 2770 523 2806 vel
544 2772 640 2805 ἐπικὰ
663 2768 807 2814 ᾄσματα
823 2768 878 2803 vel
901 2776 1027 2804 metra.
1086 2770 1191 2815 Epici
1220 2771 1387 2805 carminis
1407 2774 1581 2805 commate
1602 2774 1784 2816 postremo

335 2824 508 2859 COMM.
552 2823 641 2858 Non
664 2821 773 2857 dubie
794 2821 1029 2857 mendosum.
1087 2822 1150 2857 hoc
1170 2834 1214 2858 m.
1234 2835 1262 2858 c.
1313 2823 1467 2858 Santen.
1485 2821 1637 2858 Terent.
1658 2821 1781 2857 Maur.

332 2877 475 2912 Eadem
505 2884 626 2911 autem
659 2887 739 2924 quae
772 2874 831 2910 hic
863 2873 1029 2909 scribun>
1087 2888 1121 2924 p.
1140 2875 1231 2921 366.

335 2938 393 2966 tur
425 2937 462 2966 et
493 2928 591 2978 apud
621 2926 890 2964 Terentianum
925 2938 1028 2975 repe-
