1962 3355
328 441 367 471 28

326 1215 365 1247 ²9

323 2059 364 2089 30

388 166 484 214 456
981 168 1236 217 Diomedis
1649 186 1746 216 Lm.
1768 186 1843 216 111.

387 304 479 350 que
514 287 568 341 is,
595 287 676 350 qui
703 305 890 334 versum
915 289 1044 346 facit,
1069 290 1222 337 dictus
1247 292 1440 348 ποιητῆςς
1477 308 1588 337 cum
1624 298 1701 336 yet
1736 291 1844 336 arti-

387 364 514 421 fices,
537 381 646 410 cum
675 377 812 427 aeq'ue
838 365 952 427 quid
977 366 1172 420 faciunt,
1195 384 1287 411 non
1315 365 1533 412 dicantur
1557 369 1722 429 po'e'tae.

453 441 679 487 Membra
721 442 1066 487 comoediarum
1104 442 1218 486 ztria
1254 450 1378 495 sunt,
1415 441 1697 497 diverbium,
1733 459 1844 488 can-

387 516 551 574 ticum,
575 516 761 563 chorus.
832 517 1054 562 Membra
1091 515 1337 562 eomoediae
1362 516 1543 563 diversa
1580 526 1704 573 sunt,
1728 517 1843 563 defi-

385 592 486 638 nito
521 602 682 638 tamen
717 609 915 637 numero
948 591 1266 648 continentur,
1292 610 1317 638 a
1353 594 1562 656 quinque
1599 611 1746 656 usque
1784 594 1840 640 ad

384 668 566 714 decem.
635 668 862 714 Diverbia
893 678 1005 713 sunt
1028 677 1184 732 partes
1210 668 1571 727 conioediarum,
1598 670 1644 716 in
1669 671 1841 733 quibus

384 744 673 790 diversorum
717 761 932 807 personae
973 754 1229 791 versantur.
1316 745 1534 792 Personae
1571 757 1727 793 autem
1771 746 1842 792 di-

383 820 648 866 verbiorum
690 829 771 866 aut
806 820 912 866 duae
949 830 1030 867 aut
1065 830 1158 866 tres
1196 830 1276 867 aut
1310 830 1439 867 araro
1479 831 1702 884 quattuor
1740 840 1841 869 esse

383 895 575 954 debent,
598 897 722 943 ultra
759 914 928 960 augere
965 914 1216 943 numerum
1244 916 1339 944 non
1367 898 1490 945 licet.
1562 899 1618 944 In
1644 898 1839 945 canticis

382 980 541 1018 autem
581 990 676 1019 una
710 972 927 1019 btantum
968 973 1110 1019 debet
1145 991 1245 1020 esse
1280 993 1506 1038 persona:
1546 984 1627 1021 aut
1663 975 1699 1020 si
1736 974 1840 1022 duae

382 1049 571 1107 fuerint,
596 1050 688 1096 cita
708 1067 809 1096 esse
833 1050 1026 1105 debent,
1053 1058 1106 1095 ut
1130 1067 1188 1096 ex
1213 1052 1400 1098 occulto
1432 1069 1526 1097 una
1559 1050 1718 1097 audiat
1753 1069 1840 1097 nec

381 1125 736 1189 deonloquatur‚
771 1127 850 1173 sed
889 1144 1064 1184 secum,
1102 1127 1138 1173 si
1176 1145 1295 1191 opus
1330 1127 1486 1184 fuerit,
1509 1127 1651 1174 verba
1686 1127 1838 1173 faciat.

387 1203 441 1249 In
467 1203 621 1249 choris
647 1221 755 1250 vero
791 1221 1017 1250 numerus
1054 1221 1359 1267 personarum
1386 1204 1609 1250 definitus
1635 1221 1726 1249 non
1754 1213 1839 1259 est,

383 1279 559 1343 quippe
584 1279 791 1341 junctim
829 1298 994 1326 omnes
1033 1281 1159 1343 loqui
1197 1281 1387 1338 debent,
1413 1281 1545 1344 quasi
1580 1299 1693 1327 voce
1728 1299 1840 1327 con-

381 1357 500 1412 fusa,
534 1365 581 1401 et
622 1366 905 1402 concentum
956 1357 1002 1402 in
1043 1374 1185 1403 unam
1222 1375 1471 1421 personam
1514 1357 1838 1403 reformantes.

383 1432 593 1479 eLatinae
642 1433 784 1496 igitur
823 1433 1073 1479 comoediae
1122 1433 1319 1479 chorum
1378 1451 1472 1478 non
1523 1433 1715 1489 habent,
1758 1432 1837 1478 sed

382 1508 567 1555 duobus
609 1519 797 1556 tantum
851 1509 1076 1555 membris
1119 1519 1353 1565 constant,
1393 1510 1603 1556 diverbio
1643 1519 1690 1555 et
1731 1528 1839 1556 ean-

382 1586 492 1632 tico.
537 1587 705 1632 Primis
727 1596 885 1633 autem
906 1587 1217 1651 temporibuS,
1234 1585 1306 1632 fut
1326 1586 1497 1632 adserit
1514 1585 1838 1648 Tranquillus,

382 1663 543 1708 omnia
568 1681 671 1726 quae
698 1663 743 1709 in
771 1681 910 1709 scena
935 1672 1194 1718 versantur,
1220 1662 1265 1707 in
1296 1662 1533 1708 comoedia
1563 1663 1837 1724 agebantur.

380 1737 510 1784 Nam
547 1737 907 1802 “pantomimus
944 1748 990 1784 et
1026 1738 1292 1801 gpithaules
1325 1746 1371 1783 et
1395 1738 1640 1784 choraules
1680 1738 1725 1783 in
1761 1755 1839 1784 co-

381 1815 562 1861 moedia
598 1816 900 1862 ggcanebant.
972 1814 1062 1861 Sed
1107 1814 1217 1877 quia
1256 1833 1351 1860 non
1393 1823 1611 1878 poterant
1647 1813 1840 1861 homnia

382 1891 521 1937 simul
563 1891 686 1955 apud
724 1909 891 1938 omnes
934 1891 1136 1937 artifices
1176 1890 1348 1953 pariter
1384 1890 1626 1945 excellere,
1662 1889 1721 1936 isi
1757 1891 1837 1954 qui

381 1977 516 2014 erant
551 1968 672 2014 inter
698 1978 876 2015 actores
901 1967 1246 2014 comoediarum
1285 1984 1370 2030 pro
1405 1966 1628 2013 facultate.
1663 1976 1710 2013 et
1742 1976 1838 2013 arte

383 2043 635 2108 kpotiores,
661 2045 979 2109 principatum
1016 2044 1103 2090 sibi
1144 2043 1325 2090 artificii
1361 2043 1689 2091 vendicabant.
1759 2045 1839 2091 Sic

383 2123 562 2168 factum
599 2130 684 2179 est,
722 2121 810 2176 lut,
839 2121 1110 2167 nolentibus
1152 2120 1315 2167 cedere
1353 2121 1512 2168 mimis
1551 2122 1599 2168 in
1639 2123 1838 2169 artificio

330 2200 335 2202 ’
383 2216 467 2244 suo
504 2198 683 2253 ceteris,
709 2199 939 2261 separatio
973 2199 1107 2244 fieret
1137 2198 1441 2260 reliquorum.
1513 2198 1642 2244 Nam
1680 2199 1836 2246 lndum

436 2370 455 2397 y
475 2370 600 2399 tamen
623 2361 779 2399 artifices
799 2363 859 2411 qui
881 2363 1001 2413 aeque]
1029 2376 1105 2399 cum
1128 2369 1162 2399 et
1183 2365 1335 2412 artifices
1356 2377 1435 2400 cum
1461 2377 1559 2412 oeque
1578 2365 1718 2401 A.B.C.
1741 2366 1835 2402 Ven.

383 2422 400 2441 Ζ
422 2415 490 2451 tria
510 2417 614 2463 sunt]
640 2421 722 2451 sunt
743 2421 813 2452 tres
832 2417 923 2452 AB.
980 2417 1074 2452 Tum
1096 2419 1154 2453 dic
1172 2418 1317 2453 verbum
1342 2417 1383 2452 B.
1603 2425 1622 2445 a
1641 2431 1722 2455 raro
1752 2420 1834 2466 aut]

383 2474 446 2504 aut
467 2481 552 2504 raro
572 2470 665 2505 AB.
687 2469 781 2505 Ven.
840 2471 959 2517 Supra
986 2472 1022 2504 in
1042 2472 1120 2517 quis
1140 2471 1234 2506 Ven.
1416 2468 1436 2496 b
1457 2471 1622 2518 tantum]
1655 2477 1770 2508 tamen
1791 2474 1835 2509 A.

383 2528 400 2548 c
419 2522 531 2558 debet
550 2523 648 2568 esse]
675 2524 725 2557 ita
746 2534 816 2558 esse
835 2523 961 2557 debent
981 2523 1121 2559 A.B.C.
1232 2520 1251 2549 d
1271 2523 1463 2571 loquatur]
1489 2526 1726 2573 conloquatur
1741 2526 1834 2562 AB.

383 2576 609 2622 colloquatur
628 2576 670 2611 C.
781 2581 797 2600 e
818 2574 962 2611 Latinae
980 2576 1081 2622 vero]
1106 2577 1247 2612 Latinoe
1269 2579 1378 2624 igitur
1397 2578 1539 2614 A.B.C.
1563 2579 1656 2615 Ven.
1739 2577 1755 2605 f
1772 2580 1830 2626 ut]

382 2630 487 2664 sicuti
508 2629 552 2665 B.
672 2625 702 2653 ff
719 2627 990 2676 pantomimus]
1012 2631 1162 2677 pymiles
1184 2630 1227 2665 C.
1365 2637 1386 2665 g
1402 2633 1570 2679 pytaules
1587 2632 1681 2668 AB.
1704 2631 1834 2682 Seiop-

385 2681 432 2731 pii
454 2681 539 2718 MS.
679 2687 722 2715 gg
741 2682 939 2718 canebant.
973 2695 1097 2718 verum
1119 2691 1260 2719 actores
1282 2684 1549 2720 comoediarum
1572 2698 1639 2734 pro
1660 2685 1835 2721 facultate

384 2742 422 2770 et
441 2741 518 2770 arte
538 2733 730 2784 potiores]
764 2734 825 2771 Sic
845 2743 882 2771 et
901 2735 996 2771 Ven.
1017 2735 1077 2785 qui
1101 2738 1192 2772 inter
1213 2750 1278 2785 pro
1302 2750 1433 2773 verum.
1610 2737 1629 2764 h
1651 2751 1769 2774 omnes
1789 2739 1833 2775 C.

383 2786 393 2813 i
414 2789 474 2823 secl
495 2788 537 2824 C.
674 2785 695 2813 k
712 2790 899 2835 peritiores
920 2789 961 2823 C.
1119 2788 1128 2815 ¹
1151 2798 1190 2826 ut
1212 2791 1426 2827 nolentibus
1447 2791 1579 2828 cedere
1604 2791 1726 2827 mimis
1747 2804 1832 2827 cum

384 2840 558 2888 artifieio]
581 2846 632 2877 est
652 2842 851 2878 nolentibus
869 2843 991 2877 cedere
1009 2855 1044 2877 se
1064 2845 1178 2879 mimis
1205 2846 1240 2880 in
1266 2845 1417 2892 orificio
1437 2845 1484 2881 A.
1504 2852 1541 2881 et
1560 2845 1605 2880 B.
1627 2844 1765 2881 omisso
1786 2857 1833 2880 se.

383 2900 423 2930 ut
444 2907 519 2932 om.
539 2896 580 2931 C.
602 2895 695 2931 Ven.
856 2900 890 2921 ¹¹1
910 2897 995 2931 dum
1015 2908 1090 2933 om.
1113 2896 1158 2934 C.
