1962 3355
637 230 821 265 veterum
841 226 1165 280 apospasmatia.
1554 229 1638 269 585

167 335 425 386 catalectum,
444 336 511 375 cui
532 335 653 375 duae:
684 336 980 384 gacatalecton‚
1001 338 1074 391 qui
1104 337 1295 393 legitimo
1309 340 1406 393 fine
1429 339 1634 380 concludi-

171 408 267 443 tur:
307 403 677 458 liypercatalecton,
709 402 780 442 ubi
810 416 937 457 super
966 403 1176 459 legitimos
1203 405 1328 459 pedes
1357 405 1518 460 syllaba
1549 420 1633 446 cre-

172 471 261 511 scit.

226 536 548 587 Monometrum,
571 537 792 577 dimetrum
819 536 916 577 hvel
944 537 1180 578 trimetrum
1212 553 1377 580 versum
1408 541 1455 580 in
1484 541 1632 582 iambi-

167 605 242 654 cis,
265 605 498 655 trochaicis,
520 605 792 660 anapoesticis
823 605 965 645 metris
989 619 1067 660 per
1089 605 1219 661 pedes
1247 607 1431 663 duplices
1462 622 1628 664 compu-

171 673 272 721 tari,
294 673 340 712 in
361 674 505 712 ceteris
518 686 601 728 per
621 672 837 727 simplices.

225 739 387 780 iMetra
410 740 474 780 vel
492 754 518 779 a
530 740 710 794 pedibus
729 753 875 780 nomen
896 753 1098 795 accepere,
1121 741 1186 781 vel
1203 755 1230 780 a
1251 742 1388 792 rebus,
1409 757 1501 798 quai
1525 744 1630 784 scri-

167 808 339 856 buntur,
372 808 437 848 vel
469 808 519 847 ab
553 807 855 856 inventoribus,
892 807 956 846 vel
988 821 1015 846 a
1031 808 1442 863 frequentatoribus,
1476 809 1570 851 kvel
1602 825 1629 850 a

167 890 340 916 numero
368 875 651 930 syllabarum:
683 888 809 929 eaque
838 880 923 915 octo
952 888 1037 915 esse
1058 876 1338 931 principalia,
1363 878 1628 934 dactylicum,

165 943 401 991 iambicum,
425 942 694 990 trochaicum,
723 943 1042 996 ccizapoesticum,
1073 942 1406 995 choriambicum,
1436 947 1627 1001 antispa-

165 1010 330 1059 sticum,
352 1010 533 1049 ionicum
563 1023 590 1048 a
618 1010 790 1064 majore,
813 1010 994 1049 ionicum
1024 1024 1051 1049 a
1081 1011 1253 1051 minore.
1314 1012 1460 1052 Meti-a
1489 1013 1631 1068 dacty-

166 1077 247 1117 lica
269 1075 277 1103 l
283 1076 546 1132 principalia
566 1082 681 1116 sunt.
732 1077 960 1132 Recipiunt
979 1083 1115 1117 tamen
1136 1078 1346 1134 dactylum
1365 1080 1509 1135 pedem
1529 1080 1627 1121 locis

163 1144 366 1193 omnibus,
389 1144 611 1199 spondium
631 1144 728 1184 locis
748 1144 952 1194 omnibus,
974 1146 1019 1184 in
1024 1147 1121 1200 fine
1143 1151 1305 1186 tantum
1326 1148 1561 1188 trocliaeum.

219 1273 240 1302 g
260 1268 503 1314 acatalecton]
536 1266 705 1303 Servius:
738 1273 865 1303 acata-

166 1320 342 1363 lecticum,
364 1321 423 1356 ubi
443 1321 534 1356 nihil
549 1322 634 1367 plus
652 1323 810 1356 minusve
831 1323 866 1356 in

164 1385 279 1416 versu,
302 1375 363 1420 qui
387 1375 545 1421 legitimo
562 1374 643 1422 fine
672 1376 864 1410 clauditur.

164 1426 318 1462 HEUS.

217 1477 238 1505 h
256 1481 313 1515 vel
343 1480 563 1526 trimetrum]
596 1478 781 1516 Particula
811 1480 867 1515 vel

162 1545 185 1568 a
205 1530 319 1569 Servii
340 1532 610 1581 exemplaribus
631 1540 731 1568 recte
749 1533 864 1569 abest.

163 1586 308 1622 Contra
335 1585 373 1621 in
399 1585 641 1634 sequentibus
662 1586 761 1635 apud
782 1587 864 1622 Ser-

162 1638 264 1675 vium
281 1646 357 1675 est:
381 1641 418 1674 in
433 1641 556 1675 ceteris
570 1651 639 1686 per
653 1641 762 1686 pedes
779 1641 864 1675 sim-

156 1693 282 1740 plices,
316 1691 377 1728 ubi
406 1699 534 1728 noster
558 1691 674 1728 codex
705 1693 863 1728 vocabu-

162 1746 239 1781 lum
257 1747 365 1792 pedes
384 1746 480 1781 bene
499 1744 651 1781 omittit.
689 1745 844 1781 HEUS.

214 1796 226 1824 i
247 1799 371 1834 Metra
388 1799 445 1834 vel
464 1812 487 1834 a
502 1799 669 1847 pedibus]
700 1799 804 1840 Haec,
826 1806 864 1834 et

161 1864 244 1901 quae
277 1858 496 1900 sequuntur,
530 1863 645 1899 usque
677 1852 722 1887 ad
754 1852 863 1887 verba

161 1917 185 1940 a
204 1917 352 1940 numero
374 1905 608 1951 syllabarum,
630 1903 762 1940 iisdem
782 1916 862 1940 ver-

162 1956 231 2000 bis,
253 1957 318 1994 sed
337 1957 467 1994 ordine
493 1957 659 2007 paullum
684 1957 860 1994 immuta-

163 2019 215 2053 to,
241 2011 426 2046 habentur
454 2011 551 2060 apud
582 2010 766 2046 Isidorum
796 2009 860 2046 lib.

163 2064 194 2100 Ι.
215 2076 248 2100 c.
265 2063 328 2111 38.
351 2076 388 2113 p.
405 2063 493 2112 852.
550 2065 603 2100 Et
630 2076 674 2101 ex
702 2062 758 2107 iis,
780 2076 863 2113 quae

921 1267 972 1304 ibi
1003 1277 1293 1312 connectuntur,
1327 1269 1406 1305 haec
1435 1278 1625 1307 commata

921 1322 967 1357 ab
1000 1322 1082 1371 ipso
1120 1322 1266 1358 Isidoro
1304 1321 1409 1358 aliter
1445 1323 1626 1373 disposita

922 1387 1000 1411 esse
1024 1373 1204 1411 videntur.
1262 1376 1407 1411 Tamen
1432 1377 1622 1419 eumdem,

921 1440 1032 1476 quem
1055 1427 1115 1464 hic
1136 1440 1157 1463 e
1176 1427 1305 1464 codice
1330 1436 1457 1465 nostro
1479 1429 1624 1466 Servio-

922 1492 995 1528 que
1019 1480 1209 1530 proposui,
1230 1488 1448 1517 contextum
1477 1484 1624 1531 reperio

922 1533 1034 1569 etiam
1074 1532 1111 1568 in
1150 1540 1310 1583 utroque
1347 1535 1432 1571 MS.
1476 1534 1622 1573 Isidori.

926 1587 1081 1623 HEUS.

974 1638 995 1665 k
1015 1641 1072 1676 vel
1091 1652 1114 1674 a
1133 1641 1299 1687 numero]
1326 1641 1435 1689 Apud
1453 1640 1621 1678 Servium

921 1705 1115 1742 perperam
1154 1692 1277 1729 editur
1312 1695 1369 1730 vel
1397 1707 1418 1730 a
1452 1697 1621 1732 numeris.

922 1746 1077 1782 HEUS.

972 1797 984 1824 l
1008 1801 1231 1847 principalia
1259 1799 1359 1846 sunt]
1396 1800 1541 1836 Servius
1583 1813 1620 1849 p.

924 1853 1037 1888 1820.
1068 1854 1321 1900 principaliter
1353 1858 1520 1888 constant
1553 1854 1621 1888 da-

918 1907 1035 1953 ctylo:
1073 1908 1250 1954 recipiunt
1276 1911 1397 1941 tamen
1426 1928 1454 1933 —
1480 1926 1507 1932 —
1530 1927 1559 1932 —
1587 1911 1622 1942 et

917 1960 1097 1994 interdum
1124 1961 1253 1995 ultimo
1294 1960 1369 1994 loco
1410 1959 1617 1996 trochaeum.

919 2012 1072 2049 HEUS.
