1962 3355
139 165 244 196 CAP.
266 163 309 197 4.
347 153 429 199 De
453 152 658 199 Iambico
681 160 828 200 metro
853 159 900 200 et
923 153 1025 217 ejus
1047 155 1289 217 speciebus
1314 155 1394 217 δίο.
1487 166 1576 215 273

334 276 434 316 Non
455 276 632 316 usitatas
652 275 833 329 {riserant
845 277 1074 330 positiones

338 344 467 385 Cares
486 342 651 384 kamore
670 344 839 384 castitas
859 344 1103 385 incendenti.

191 487 274 533 De
298 488 475 551 duplici
497 487 624 535 clodo
649 487 971 551 Hipponactio
997 489 1211 536 trimetro
1236 490 1514 538 acatalectO.

202 581 400 643 Duplex
426 581 608 629 clodum
632 581 1012 644 Hipponactium
1048 583 1317 630 trimetrum
1343 585 1575 633 acatalec-

137 664 238 705 tum
273 660 327 704 fit
364 659 451 706 hoc
488 658 641 716 modo,
672 676 780 705 cum
813 659 935 705 tertii
968 658 1098 722 pedis
1131 670 1352 722 quattuor
1381 662 1573 725 syllabae

136 745 245 781 sunt
268 736 433 799 longae,
458 745 509 782 ut
533 744 602 782 est
626 736 902 800 exemplum
928 736 1032 793 hoc,

329 815 535 867 ἀναβιῶσα
557 813 702 873 ἀῧμῆτι
726 812 971 876 προσπταίων
994 812 1116 877 κώλῳ.

333 888 479 931 lSenes
494 890 600 945 quod
619 903 755 930 omnes
776 890 940 929 rideant
960 896 1122 931 cunctos
1143 906 1275 932 canos.

135 963 231 1008 Hic
255 964 382 1009 enim
407 981 487 1027 pes
513 963 792 1009 novissimus
812 972 1033 1024 quattuor
1052 981 1156 1011 suas
1182 966 1384 1029 syllabas
1410 969 1572 1034 longas

136 1040 291 1086 habet.
327 1040 471 1086 πταίων
496 1039 618 1104 κώλῳ.
643 1045 833 1087 cunctos
856 1056 1011 1086 canos.

223 1171 306 1216 De
329 1170 588 1233 amplzicolo
613 1170 937 1233 Hipponactio
961 1173 1176 1219 trimetro
1201 1177 1477 1225 acatalecto.

196 1269 527 1333 Amphicolam
565 1269 946 1332 Hipponactium
982 1271 1167 1319 clodum
1205 1276 1258 1321 fit
1291 1276 1379 1323 hoc
1414 1278 1573 1333 mod0,

131 1365 239 1394 cum
266 1364 323 1393 ex
361 1356 555 1409 utraque
590 1357 721 1410 parte
756 1346 945 1394 iambici
980 1351 1116 1396 metri
1152 1352 1305 1416 prima
1339 1364 1387 1400 et
1421 1356 1574 1402 novis-

131 1426 249 1471 sima
274 1424 462 1470 clodum
488 1423 546 1470 sit
573 1432 790 1471 metrum.
863 1425 917 1471 In
953 1428 1104 1491 prima
1128 1430 1317 1477 clodum
1353 1442 1436 1490 est,
1461 1452 1570 1480 cum

129 1503 175 1549 in
203 1501 407 1549 secundo
431 1502 534 1548 loco
558 1500 759 1548 debente
783 1503 895 1566 poni
929 1503 1101 1561 iambo,
1129 1507 1199 1552 vel
1224 1508 1476 1574 tfibmchy,
1499 1512 1572 1557 vel

129 1590 379 1645 anapaestQ
406 1579 640 1644 spondeus
666 1581 734 1626 vel
767 1580 981 1646 dactylus
1017 1592 1231 1645 ponatur,
1257 1585 1323 1632 sic
1347 1597 1393 1633 et
1417 1587 1463 1634 in
1490 1606 1572 1634 no-

127 1657 332 1715 vissima,
357 1658 494 1720 quale
518 1666 588 1703 est
613 1658 702 1703 hoc
727 1659 1018 1722 exemplum,

259 1751 954 1792 ιΠΟΚΙΕΑΡΡΩΝΑΙΔΙΟΙΟΣΙΝ
981 1748 1016 1793 ἐν
1039 1756 1168 1811 χοροῖς
1193 1755 1371 1812 βακχῶν.

266 1823 338 1862 Vos
360 1823 498 1863 isthcec
517 1824 629 1862 intro
649 1823 810 1877 [afferte
829 1824 935 1863 abite
940 1825 1039 1878 jam
1059 1827 1206 1865 nostri.

128 1896 254 1942 Nam
282 1896 375 1943 hcec
398 1897 449 1942 in
484 1896 745 1943 nsecundus
781 1915 862 1961 pes
900 1898 1134 1961 spondeus
1172 1910 1255 1956 est,
1281 1919 1388 1949 cum
1428 1903 1569 1952 debe-

127 1982 197 2019 ret
221 1991 340 2019 unus
376 1992 475 2020 esse
511 1973 568 2019 de
605 1974 678 2019 his
703 1973 783 2036 qui
810 1992 835 2019 a
867 1974 993 2020 brevi
1027 1975 1274 2040 incipiunt,
1301 1979 1490 2028 iambici
1524 1993 1570 2030 et

127 2049 423 2107 novissimus,
448 2050 553 2096 ideo
586 2051 925 2114 amphicolum,
950 2069 1009 2097 ex
1040 2062 1238 2116 utraque
1269 2068 1416 2120 parte,
1441 2060 1567 2121 quod

126 2124 236 2186 ἀμφὶ
259 2126 422 2173 Graece
445 2126 630 2181 dicitur,
652 2127 858 2185 clodum,
879 2127 956 2174 sed
983 2130 1109 2192 quod
1135 2131 1286 2179 Graeci
1313 2134 1466 2197 Οχωλόν
1489 2153 1569 2182 vo-

127 2212 249 2249 cant.

230 2335 311 2381 De
334 2342 609 2384 tetrametro
632 2337 830 2384 iambico
857 2338 1268 2403 brachycatalecto
1291 2345 1465 2392 coluro.

196 2434 546 2483 Tetrametrum
600 2436 1063 2501 brachycatalectum
1109 2439 1322 2488 colurum
1369 2444 1424 2491 fit
1478 2444 1567 2493 hoc

128 2510 283 2568 modO,
323 2529 430 2558 cum
479 2514 761 2561 novissimus
807 2533 889 2579 pes
929 2515 1105 2562 debens
1148 2518 1318 2565 habere
1365 2522 1567 2585 syllabas

126 2596 360 2649 quattuor,
383 2589 497 2636 duas
523 2591 680 2649 habet,
703 2602 756 2638 ut
781 2601 866 2650 est,

177 2738 198 2766 k
218 2750 355 2773 amores
374 2738 417 2774 L.
526 2737 537 2765 1
556 2742 679 2789 senes]
702 2754 738 2777 se
756 2754 826 2777 non
846 2742 891 2778 L.
1015 2751 1045 2769 m
1066 2749 1564 2783 OKIOAPPONAIAIOIOCI-

124 2796 207 2831 NeC
227 2791 391 2826 XOPOIC
411 2797 603 2831 BAXXwN
632 2794 674 2830 L.
722 2795 829 2844 Conj.
850 2795 1002 2838 amicus,
1029 2801 1080 2833 οὐκ
1108 2798 1198 2847 ἄρρην
1226 2802 1384 2835 αἰδοίοισιν
1412 2805 1442 2836 ἐν
1470 2818 1505 2847 χ.
1528 2803 1562 2840 Β.

124 2845 181 2880 An
202 2847 215 2880 ὁ
234 2846 351 2933 >casim
371 2846 525 2882 Λυδίοισιν
544 2849 575 2882 ἐν
594 2862 629 2892 χ.
650 2849 684 2891 β.
894 2857 912 2875 ¹¹
933 2851 1095 2887 secundo
1116 2852 1228 2900 pede]
1252 2855 1423 2889 secundus
1441 2867 1502 2901 pes
1521 2855 1563 2890 L.

125 2906 143 2925 Ο
163 2905 272 2943 χωλων
327 2927 334 2933 .

801 2981 889 3010 Nn

1596 509 1629 529 21

1588 2363 1625 2394 23
