1962 3355
357 187 453 225 504
958 177 1207 224 Diomedis
1610 190 1708 221 Lm.
1734 190 1808 221 111.

534 298 678 352 Trqjce
696 299 767 353 qui
785 298 952 353 primus
970 297 1023 337 ab
1042 298 1142 338 oris.

299 386 339 418 62
424 370 586 416 Sereni
613 370 738 417 aliud
764 371 856 416 tale
881 379 965 426 est,

413 445 624 502 dPingere
638 447 860 487 collibitum
879 452 952 496 est,
968 445 1219 500 grapliidem
1235 445 1344 492 date,
1356 444 1534 498 promite
1551 443 1769 484 volturium.

359 519 584 582 Superius
620 536 809 565 comma
847 527 918 563 est
955 526 1282 563 tetrametrum
1324 515 1539 570 heroum,
1575 532 1634 561 ex
1672 533 1811 579 supe—

358 595 504 640 riore:
542 593 774 657 posterius
806 610 994 639 comma
1019 601 1088 638 est
1113 590 1367 638 dimidium
1393 590 1603 654 elegiaci,
1627 591 1685 637 de
1709 591 1811 654 qui-

359 671 447 717 bus
471 669 748 733 plenissime
773 668 1091 732 edisputatum
1119 678 1205 715 est.

301 755 342 795 63
425 746 585 792 Sereni
613 744 738 791 aliud
764 745 872 800 tale,

418 822 537 869 Quod
556 821 613 862 fsi
633 823 708 862 tibi
724 823 850 878 virgo
852 822 1083 876 fer[v]ens
1101 825 1254 861 reseret
1274 822 1357 861 cita
1376 821 1562 861 claustra
1574 821 1808 876 puerperii.

360 895 460 941 Hic
484 895 552 941 gsi
578 895 787 958 primum
809 895 1101 959 semipedem
1121 894 1355 952 detrahas,
1370 895 1459 941 erit
1477 895 1630 941 simile
1654 895 1813 959 proxi-

359 989 439 1018 mo
464 971 707 1035 superiori.

302 1058 344 1096 64
426 1046 661 1094 hSerenus
686 1047 861 1094 mirum
889 1064 1078 1094 comma
1105 1047 1380 1108 hujusmodi
1403 1049 1515 1096 fecit
1543 1048 1591 1095 in
1618 1049 1689 1095 his
1715 1066 1814 1096 ver-

360 1124 534 1179 siculis,

530 1198 705 1240 iVisioni
725 1214 812 1241 meo
831 1201 1072 1256 septuennis
1091 1201 1254 1242 cadens.

361 1273 581 1320 Dimetra
609 1273 708 1320 haec
728 1292 785 1320 ex
812 1274 1001 1338 epitrito
1026 1285 1150 1331 sunt,
1171 1275 1387 1338 epitritus
1407 1286 1564 1322 autem
1593 1293 1674 1339 pes
1701 1293 1813 1322 con-

361 1359 454 1396 stat
488 1367 545 1396 ex
582 1351 723 1413 longa
763 1361 809 1396 et
847 1351 970 1397 brevi
1010 1359 1058 1397 et
1092 1350 1276 1398 duabus
1314 1352 1481 1414 longis,
1551 1351 1813 1398 kPosterior

363 1436 444 1472 aut
468 1427 651 1472 iambus
677 1435 747 1472 est
773 1436 852 1472 aut
877 1427 1164 1490 pariambus.

304 1515 343 1556 65
430 1503 645 1549 Iambico
682 1520 855 1549 novum
894 1521 1085 1549 carmen
1122 1504 1262 1550 refert
1284 1504 1468 1561 ¹Varro,
1493 1505 1628 1567 eujus
1653 1522 1814 1551 exem-

363 1580 495 1642 plum
521 1588 592 1624 est
618 1579 722 1633 tale,

532 1655 682 1694 Pedem
704 1655 1018 1712 rlegytltmnmque
1025 1657 1143 1707 finit.

362 1729 410 1775 Si
445 1728 587 1775 addas
615 1729 692 1775 hic
717 1747 821 1791 quae
855 1730 1061 1776 detracta
1096 1740 1207 1777 sunt
1241 1731 1326 1777 llex
1363 1731 1582 1787 iambico,
1608 1731 1811 1778 eundem

362 1807 618 1853 iambicum
647 1807 888 1869 supplebis
914 1807 994 1862 sie,

532 1884 683 1923 Pedem
703 1884 1021 1939 rliytltmumque
1025 1885 1135 1939 finit
1154 1885 1242 1925 alta
1261 1885 1448 1925 navium.

363 1957 524 2003 Potest
550 1956 641 2003 hoc
666 1973 854 2003 comma
879 1957 970 2003 tale
994 1975 1110 2014 esse,
1134 1957 1314 2020 mquale
1339 1957 1471 2015 illud,

537 2033 672 2086 [Nam
693 2034 730 2072 si
751 2034 960 2074 remittent
978 2035 1214 2090 quippiam]
1236 2034 1495 2075 Philumenae
1509 2034 1682 2075 dolores.

417 2198 437 2226 d
456 2199 613 2250 Pingere
644 2199 894 2236 calumbicum
925 2207 981 2236 est
1008 2200 1223 2250 graphidem
1256 2200 1344 2237 dare
1371 2202 1628 2250 pentenolata]
1667 2204 1817 2249 pingere

364 2254 561 2290 collibitum
589 2255 815 2300 (conlibitum
836 2254 898 2299 B.)
923 2259 973 2289 est
991 2254 1204 2301 graplziclem
1224 2256 1308 2290 date
1332 2256 1488 2302 promite
1516 2255 1675 2301 (promit
1696 2261 1730 2291 te
1750 2255 1812 2300 B.)

363 2309 540 2343 volarium
563 2308 607 2343 A.
719 2313 735 2332 e
751 2315 789 2342 et
808 2307 1058 2355 disputatum]
1083 2309 1304 2354 disputatum
1325 2313 1377 2343 est
1391 2309 1436 2343 A.
1458 2309 1679 2355 dispotatum
1699 2313 1751 2344 est
1770 2308 1815 2344 B.

366 2359 381 2387 f
397 2359 426 2396 si
454 2359 574 2409 virgo]
599 2361 629 2395 si
655 2361 718 2395 tibi
738 2362 839 2406 virgo
858 2360 901 2395 A.
921 2361 951 2394 si
971 2362 1031 2407 qui
1054 2362 1155 2406 virgo
1178 2361 1220 2395 B.
1242 2359 1304 2408 qui
1324 2363 1396 2396 cita
1425 2374 1490 2409 pro
1511 2366 1625 2397 curat.
1746 2368 1768 2396 g
1787 2361 1817 2397 si

365 2414 500 2460 unum]
533 2415 659 2448 simum
679 2413 722 2448 A.
751 2415 779 2448 si
799 2414 955 2460 primum
978 2413 1022 2448 B.
1050 2416 1187 2448 samum
1210 2413 1304 2449 Ven.
1331 2414 1396 2449 ubi
1424 2415 1571 2461 syllabae
1600 2427 1667 2463 pro
1696 2416 1816 2450 simili.

364 2465 386 2492 h
405 2467 566 2502 Serenus
587 2467 753 2513 comma]
789 2466 944 2501 Serenus
969 2467 1097 2501 mirum
1124 2479 1261 2502 comma
1280 2469 1325 2502 A.
1359 2468 1513 2503 Serenus
1537 2469 1696 2515 primum
1723 2481 1817 2504 com-

366 2532 425 2555 ma
447 2520 489 2554 Β.
600 2516 789 2554 iinsonito
809 2518 1038 2566 septenarius
1053 2519 1206 2566 cadens]
1230 2522 1356 2555 vzsionz'
1379 2523 1512 2568 (usioni
1531 2522 1591 2567 B.)
1614 2534 1690 2557 meo
1709 2523 1819 2567 (meos

365 2573 430 2618 B.)
463 2573 640 2618 septuenis
669 2573 808 2607 cadens.
840 2572 912 2607 haec
939 2574 974 2607 d.
1009 2573 1102 2608 AB.
1171 2572 1366 2622 Scioppius
1389 2575 1496 2623 Susp.
1518 2574 1641 2611 Lectt.
1671 2588 1708 2623 p.
1726 2586 1816 2622 303.

369 2630 392 2645 ‘⁶
414 2625 506 2674 Legi
540 2625 634 2661 forte
664 2623 791 2673 possit,
828 2626 975 2660 Pusioni
1004 2638 1092 2667 me0,
1126 2626 1162 2661 in
1196 2626 1323 2667 altero,
1359 2628 1574 2675 Septuennis
1605 2629 1727 2669 cadus,
1756 2627 1817 2664 vel

369 2679 588 2726 Septuennes
607 2676 775 2714 cadunt.’'
913 2676 934 2703 k
950 2678 1133 2728 posterior
1152 2688 1208 2715 est
1228 2688 1269 2715 ut
1288 2679 1432 2717 iambus
1452 2681 1678 2730 pei-iambus]
1696 2686 1816 2728 poste-

367 2734 480 2768 riores
511 2738 576 2767 aut
606 2732 743 2767 iambus
772 2736 823 2767 est
853 2737 917 2767 aut
943 2734 1154 2779 pariambus
1174 2734 1266 2770 AB.
1293 2747 1331 2781 p.
1353 2747 1382 2770 e.
1406 2747 1441 2770 u.
1462 2735 1486 2770 i.
1515 2740 1583 2770 aut
1609 2735 1818 2782 pariambus

368 2786 465 2822 Ven.
585 2783 597 2811 l
619 2785 745 2821 Varro.
776 2784 1018 2833 Exemplum]
1047 2787 1162 2822 Varro
1183 2786 1284 2832 cujus
1302 2789 1501 2835 exemplum
1519 2788 1615 2824 ΑΒ.
1737 2785 1761 2813 Π
1780 2794 1818 2823 et

367 2838 768 2885 iambo—iambicum]
793 2850 836 2873 ea:
855 2839 1205 2886 iambo—iambique
1229 2841 1272 2877 B.
1294 2853 1337 2876 επ
1355 2841 1503 2877 iambico
1523 2841 1566 2877 A.
1661 2847 1691 2866 m
1712 2841 1819 2887 quale

368 2893 459 2927 illud
477 2892 693 2928 Philumene
711 2892 850 2927 dolores
869 2891 964 2927 AB.
