1962 3355
361 198 451 245 268
908 197 1061 245 Marii
1083 196 1236 245 Plotii

360 321 485 385 pales
517 330 563 367 et
586 321 886 368 nobilissimae
910 319 1074 384 viginti
1110 328 1215 365 tres.
1287 317 1410 363 Haec
1443 331 1557 378 pura
1588 312 1788 359 iambica

363 398 571 444 trimetra
607 415 710 461 quae
750 397 1080 444 Archilochica
1116 401 1461 456 nuncupantur,
1502 390 1628 453 quod
1668 389 1788 435 solos

366 475 545 522 iambos
568 475 733 539 recipit
757 483 803 520 et
825 491 947 520 raros
973 471 1215 536 spondeos.

329 683 344 703 2
423 659 504 706 De
519 676 644 721 puro
668 657 861 704 iambico
887 656 1100 702 trimetro
1123 652 1430 700 Archilochio
1454 652 1724 699 acatalecto.

426 753 503 798 De
534 753 623 798 hoc
652 759 816 807 metro,
842 748 885 795 id
918 760 987 795 est
1014 766 1139 811 puro
1164 749 1357 795 iambico
1383 749 1598 795 trimetro
1623 746 1792 794 Archi-

365 828 528 885 lochio,
553 826 770 889 exempla
796 825 959 871 Graeca
985 825 1084 871 haec
1109 836 1230 880 sunt,

621 905 760 966 Πάτερ
785 906 994 963 Λυκάμβα
1017 909 1117 949 ποῖον
1141 903 1301 966 ἐφράσω
1324 902 1412 949 τᾶῧε

629 978 796 1045 [δ’έποςς
833 979 893 1032 τίς
918 980 994 1032 σὰς
1017 981 1218 1043 παρήειρεν
1241 978 1422 1044 φρένας]

364 1057 533 1103 Latina
559 1056 673 1113 haec,

588 1134 675 1175 Ibis
695 1134 896 1174 Liburnis
918 1135 1026 1174 inter
1044 1134 1130 1173 alta
1150 1135 1337 1174 navium.

366 1200 425 1247 et,

588 1257 773 1297 Paratus
793 1271 907 1296 omne
930 1257 965 1297 C
968 1257 1111 1297 cesaris
1128 1257 1370 1312 periculum.

367 1324 525 1386 Hujus
550 1323 696 1388 pedis,
721 1323 768 1370 id
792 1334 875 1379 est,
900 1324 1089 1370 iambici
1116 1325 1247 1371 metri
1285 1324 1390 1370 ideo
1415 1323 1598 1370 additus
1624 1331 1692 1369 est
1714 1340 1795 1386 pes

330 1419 347 1449 3
367 1400 600 1465 spondeus
625 1411 676 1447 ut
700 1401 798 1463 ejus
823 1401 1041 1447 velocitas
1067 1400 1333 1446 tardaretur.
1387 1400 1465 1446 Sic
1490 1399 1615 1446 enim
1642 1399 1796 1444 Hora-

367 1478 459 1524 tius
497 1477 554 1524 de
589 1487 737 1524 metro
764 1479 967 1525 iambico
992 1480 1128 1524 docet
1162 1478 1207 1523 in
1245 1477 1364 1522 libro
1392 1476 1470 1539 qui
1505 1475 1800 1521 cinscribitur

368 1555 445 1602 De
468 1555 582 1601 Arte
610 1555 809 1610 poetica,

535 1649 707 1704 Syllaba
726 1649 852 1705 longa
872 1649 984 1688 brevi
1003 1647 1180 1702 sulgjecta
1203 1652 1372 1686 vocatur
1393 1646 1550 1686 iambus

536 1717 616 1756 Pes
636 1717 754 1757 citus.

371 1795 535 1841 Postea
559 1794 616 1841 de
642 1812 711 1850 eo,

1321 1870 1421 1910 Non
1440 1870 1500 1910 ita
1512 1869 1677 1925 pridem

546 1941 726 1982 Tardior
746 1947 792 1982 ut
804 1941 948 1997 paullo
962 1941 1221 1996 graviorque
1243 1939 1399 1979 veniret
1417 1938 1472 1978 ad
1489 1951 1612 1978 aures

541 2009 750 2064 Spondeos
769 2009 936 2050 stabiles
959 2009 1120 2063 injura
1137 2013 1315 2063 paterna
1336 2005 1526 2062 drecepz‘t.

335 2113 354 2139 4
372 2093 460 2139 Est
482 2102 530 2139 et
552 2093 781 2156 tragicum
819 2092 1089 2145 iambicum,
1113 2100 1160 2137 et
1191 2090 1424 2137 cornicum
1463 2090 1736 2143 iambicum,
1760 2097 1806 2134 et

374 2169 561 2216 clodum
598 2169 869 2224 iambicum,
899 2168 1024 2230 quod
1059 2167 1460 2230 Hipponacticurn
1497 2175 1805 2229 nuncupatur.

375 2245 676 2292 scanduntur
700 2254 855 2290 autem
889 2243 1086 2307 pedibus
1111 2243 1333 2305 quinque,
1357 2242 1559 2306 dactylo,
1585 2241 1806 2305 spondeO,

338 2340 354 2369 5
375 2322 545 2379 iambo,
567 2321 819 2384 tribrachy‚
845 2329 1092 2384 anapaesto.
1146 2319 1256 2365 Hoc
1280 2329 1437 2365 tamen
1464 2319 1704 2364 observare
1728 2316 1809 2363 de-

375 2401 540 2446 bemus
566 2398 690 2461 quod
717 2398 761 2443 in
787 2398 938 2461 prima
962 2407 1091 2461 parte
1115 2407 1161 2443 et
1184 2396 1319 2443 tertia
1338 2405 1384 2442 et
1405 2395 1567 2458 quinta
1593 2394 1641 2440 hi
1668 2393 1807 2458 pedes

376 2477 583 2540 quinque
607 2475 911 2539 reperiuntur.
966 2476 1024 2521 In
1050 2474 1252 2521 secunda
1275 2490 1382 2518 vero
1407 2481 1453 2518 et
1476 2480 1639 2534 quarta
1664 2480 1808 2534 parte,

378 2556 505 2615 (nam
533 2553 588 2598 de
613 2562 741 2598 sexta
766 2552 893 2598 nulla
916 2552 1032 2597 ratio
1056 2560 1138 2607 est,
1162 2550 1382 2613 quoniam
1419 2550 1464 2594 in
1494 2547 1623 2594 omni
1661 2555 1810 2592 metro

376 2649 456 2694 pes
492 2629 770 2676 novissimus
802 2628 1066 2674 indifferens
1104 2632 1208 2688 est‚)
1242 2627 1346 2673 illos
1383 2642 1552 2690 ponere
1586 2622 1809 2669 debemus

376 2706 456 2770 qui
492 2723 549 2752 ex
590 2705 715 2751 brevi
753 2703 1000 2767 incipiunt,
1031 2704 1258 2760 iambum,
1289 2703 1595 2758 tribrachum,
1631 2717 1813 2763 anapae-

429 2883 448 2911 b
478 2889 594 2920 εΠοΝ
619 2889 661 2920 Κι
684 2886 750 2919 ΔεΙ
773 2888 824 2932 Ky
843 2882 1127 2930 quCIA·1TEN
1149 2887 1298 2917 nPOAl.
1329 2881 1371 2916 L.
1547 2886 1563 2905 c
1584 2876 1809 2923 inscribitur]

376 2940 540 2976 scribitur
562 2938 605 2974 L.
716 2932 735 2960 d
754 2936 910 2985 recepit]
936 2937 1059 2983 recipit
1079 2935 1126 2972 L.
