1962 3355
132 225 238 257 CAP.
258 220 301 256 4.
626 211 708 255 De
734 210 942 256 Iambico
966 217 1129 256 metro.
1496 221 1583 270 107

132 330 283 392 Igitur
322 347 431 375 cum
475 340 658 376 constet
704 349 803 376 esse
851 331 971 376 inter
1015 331 1100 376 hos
1140 348 1299 377 versus
1346 332 1625 392 quandam6

129 405 480 467 cognationem,
523 405 830 468 probabimus
871 406 1032 451 omnia
1075 414 1220 451 metra
1261 423 1317 451 ex
1371 406 1442 451 his
1485 424 1589 469 pro-

130 481 272 526 fluere
296 481 522 538 fontibus,
547 492 594 527 et
619 481 675 527 ad
705 483 803 528 haec
829 491 860 510 ¹¹¹
871 481 1028 527 referri
1056 480 1201 527 veluti
1239 481 1410 545 capita,
1435 500 1589 544 neque

129 557 274 603 ullam
312 557 516 615 aliunde,
551 575 692 620 quam
728 575 785 603 ex
821 559 893 604 his
926 576 1026 603 esse
1058 558 1289 620 originem
1328 568 1584 604 metrorum

128 632 176 678 in
212 642 310 679 tam
349 633 559 680 inmensa
598 634 834 680 varietate.
903 634 1188 698 Appellatur
1224 644 1381 680 autem
1421 634 1625 689 iambi-7

128 725 237 753 cum
275 707 380 753 Πάπό
412 715 479 754 τοῦ
512 709 731 769 ἰαμβίζειν,
757 708 885 770 quod
921 709 1086 755 Graece
1123 709 1361 771 significat
1394 710 1589 757 maledi-

128 800 233 829 cere
256 793 304 830 et
329 802 539 847 carpere.
610 786 700 832 Est
725 786 850 831 enim
885 786 976 832 hoc
1001 804 1191 832 carmen
1223 795 1388 850 aptum
1415 787 1587 833 lacera-

127 859 245 905 tioni
270 870 316 907 et
341 862 581 919 conviciis,
616 863 897 926 plerumque
928 864 1143 909 trimetro
1168 881 1302 910 versu
1336 864 1491 927 epodo
1517 883 1585 911 se·

127 948 301 997 quente
327 939 675 1002 compositum:
715 948 780 994 ut,

392 1025 412 1044 ⁰
429 1015 566 1063 Mala
592 1016 748 1063 soluta
773 1017 908 1063 navis
934 1017 1031 1063 exit
1057 1016 1188 1071 alite,

460 1093 640 1140 Ferens
663 1093 867 1139 olentem
894 1092 1136 1139 Mcevium.

126 1167 191 1212 Et
207 1168 526 1215 Archilochus
547 1170 593 1215 in
612 1169 938 1232 PLycambam
962 1168 1053 1214 hoc
1073 1178 1226 1214 metro
1246 1169 1392 1214 saevit.
1434 1169 1585 1231 Igitur
1605 1189 1622 1217 s

126 1244 384 1290 iambicum
427 1254 631 1290 metrum
682 1262 742 1289 ne
778 1254 970 1307 propter
1011 1253 1259 1306 angustam
1306 1245 1581 1290 brevitatem

125 1320 198 1366 sui
244 1320 394 1383 pedis,
432 1320 652 1365 videlicet
699 1320 745 1365 in
796 1320 882 1365 tria
928 1329 1143 1381 tempora
1188 1321 1398 1377 coartati,
1445 1322 1586 1366 verba

124 1397 288 1461 ‘lplura
313 1397 609 1444 excludendo
641 1397 798 1442 minus
835 1404 969 1456 ¹'apte
1005 1405 1086 1441 aut
1119 1406 1322 1442 metrum
1360 1408 1587 1460 pangeret

125 1483 205 1520 aut
241 1492 430 1520 sensum
471 1475 772 1537 exprimeret,
812 1473 991 1536 placuit
1024 1472 1348 1519 conditoribus
1383 1474 1585 1519 Sadscito

124 1551 348 1615 spondeo,
373 1560 420 1597 et
457 1550 559 1613 tqui
588 1568 646 1596 ex
673 1568 727 1596 eo
753 1567 836 1613 per
860 1549 1139 1595 divisionem
1175 1558 1446 1612 temporum
1485 1550 1586 1612 gig-

123 1636 316 1683 nuntur‚
340 1644 424 1690 per
448 1626 662 1690 dipodias
689 1626 734 1672 id
762 1626 998 1672 scandere.
1043 1625 1185 1672 Unde
1211 1626 1420 1688 intellegi
1447 1626 1585 1672 datur
1605 1649 1624 1679 9

124 1703 327 1749 iambica
352 1712 501 1749 metra
527 1719 583 1748 ex
610 1703 770 1749 iambo
792 1713 836 1763 ct
863 1702 1073 1766 spondeo
1093 1711 1139 1748 et
1165 1720 1325 1748 eorum
1351 1703 1584 1748 solutione

124 1780 389 1826 subsistere.
448 1778 580 1824 Nam
606 1797 663 1824 ex
692 1779 850 1825 iambo
876 1779 1157 1832 tribrachus,
1184 1796 1240 1825 ex
1268 1779 1478 1841 spondeo
1504 1797 1584 1825 au-

124 1866 219 1901 tem
258 1856 412 1901 soluto
448 1855 664 1917 dactylus
700 1864 746 1900 ct
783 1864 1048 1917 anapaestus
1088 1864 1316 1900 creantur.
1392 1854 1583 1918 Recipit
1606 1876 1643 1897 10

124 1932 281 1993 itaque
309 1931 539 1978 iambicus
559 1948 719 1976 versus
746 1931 790 1975 in
818 1930 1084 1993 disparibus
1111 1930 1241 1985 locis,
1261 1939 1280 1959 v
1292 1948 1406 1991 quas
1428 1932 1580 1977 Graeci

122 2008 322 2070 περισσᾶς
351 2007 484 2069 χώρας
515 2016 700 2063 vocant,
739 2006 784 2052 id
819 2017 888 2051 cst
924 2007 1094 2069 primo,
1130 2007 1283 2062 tertio,
1316 2016 1362 2052 et
1400 2008 1583 2069 quinto,

123 2101 232 2130 cum
252 2094 321 2130 est
340 2084 559 2146 tragiCUS‚
580 2082 1135 2147 spondeum‚dactylum‚
1156 2093 1475 2146 anapaestum:
1502 2101 1583 2147 pa-

122 2160 249 2206 ribus
286 2170 462 2215 autem,
494 2177 610 2221 quas
651 2158 806 2221 ἀρτίους
844 2159 976 2221 χώρας
1009 2159 1190 2214 dicunt,
1223 2177 1302 2204 eos
1339 2159 1418 2221 qui
1454 2161 1583 2205 brevi

123 2237 303 2299 syllaba
335 2236 588 2300 incipiunt,
612 2235 656 2281 id
692 2246 777 2291 est,
810 2237 1037 2291 iambum,
1063 2236 1373 2292 tribrachum,
1399 2254 1582 2300 anapae-

121 2324 262 2359 stum.
333 2314 480 2359 Sexto
516 2322 676 2359 autem
713 2313 817 2358 loco
853 2312 1047 2374 quidam
1083 2313 1250 2358 volunt
1280 2313 1424 2376 recipi
1459 2313 1581 2376 pari·
1605 2341 1636 2360 ιι

122 2390 333 2445 ambum,
358 2407 417 2435 ex
453 2389 855 2452 contemplatione
880 2407 973 2452 qua
1000 2390 1170 2436 herous
1207 2391 1253 2435 in
1291 2390 1463 2437 ultimo
1488 2398 1581 2435 tro-

121 2465 322 2512 chaeum.
392 2466 525 2529 Lego
552 2475 775 2529 praeterea
801 2466 845 2511 in
873 2468 967 2512 fine
992 2484 1150 2512 versus
1177 2466 1428 2512 dumtaxat
1454 2476 1581 2512 cata-

121 2542 274 2588 lectici
316 2544 574 2589 tetrametri
620 2543 873 2589 bacchium
917 2562 942 2588 a
982 2543 1109 2589 brevi
1148 2543 1469 2606 incipientem,
1506 2543 1577 2587 vel

120 2618 516 2681 amphibrachum
553 2628 744 2683 propter
780 2618 1048 2665 novissimae
1081 2619 1274 2682 syllabae
1311 2618 1578 2664 indifferen-

174 2773 204 2791 m
226 2766 544 2815 referri—capita]
568 2766 885 2815 referre—kapita
906 2767 944 2801 P.
1155 2773 1175 2791 n
1195 2767 1257 2801 ἀπὸ
1277 2767 1350 2812 τοῖ]
1374 2782 1461 2813 παρα
1483 2781 1515 2799 το
1536 2766 1575 2800 Ρ.

120 2824 138 2843 0
161 2818 274 2867 malo]
300 2819 396 2855 mala
418 2820 463 2855 P-
555 2827 575 2854 P
597 2820 830 2869 Lycamben]
858 2819 1084 2869 Lycambam
1108 2820 1148 2854 P.
1244 2826 1263 2852 q
1283 2819 1391 2868 pura]
1416 2818 1519 2866 plura
1535 2818 1574 2852 P.

122 2878 136 2897 ¹·
156 2872 256 2920 apte]
280 2880 367 2921 apta
384 2873 423 2908 P.
536 2880 550 2898 s
570 2874 727 2920 asserto]
753 2872 895 2909 adscito
916 2873 956 2909 P.
1058 2872 1073 2898 t
1093 2872 1172 2922 qui]
1194 2885 1275 2921 quae
1296 2872 1334 2907 P.
1421 2877 1438 2895 V
1460 2872 1570 2918 quos]

121 2936 211 2971 quas
232 2925 271 2960 P.

811 2998 889 3033 1³2
