<?xml version="1.0" encoding="UTF-8"?>
<!DOCTYPE html PUBLIC "-//W3C//DTD XHTML 1.0 Transitional//EN"
    "http://www.w3.org/TR/xhtml1/DTD/xhtml1-transitional.dtd">
<html xmlns="http://www.w3.org/1999/xhtml" xml:lang="en" lang="en">
 <head>
  <title>
</title>
<meta http-equiv="Content-Type" content="text/html;charset=utf-8" />
  <meta name='ocr-system' content='tesseract 3.04.00' />
  <meta name='ocr-capabilities' content='ocr_page ocr_carea ocr_par ocr_line ocrx_word'/>
</head>
<body>
  <div class='ocr_page' id='page_1' title='image "./scriptoreslatini00gaisuoft/scriptoreslatini00gaisuoft_0118.png"; bbox 0 0 1962 3355; ppageno 0'>
   <div class='ocr_carea' id='block_1_1' title="bbox 341 189 1789 238">
    <p class='ocr_par' dir='ltr' id='par_1_1' title="bbox 341 189 1789 238">
     <span class='ocr_line' id='line_1_1' title="bbox 341 189 1789 238; baseline -0.001 0"><span class='ocrx_word' id='word_1_1' title='bbox 341 202 430 238; x_wconf 90' lang='lat'>100</span> <span class='ocrx_word' id='word_1_2' title='bbox 846 190 1003 237; x_wconf 77' lang='lat' dir='ltr'>Marii</span> <span class='ocrx_word' id='word_1_3' title='bbox 1031 189 1275 236; x_wconf 72' lang='lat' dir='ltr'><em>Victorini</em></span> <span class='ocrx_word' id='word_1_4' title='bbox 1610 202 1707 234; x_wconf 87' lang='lat' dir='ltr'><strong>LIB.</strong></span> <span class='ocrx_word' id='word_1_5' title='bbox 1733 202 1789 237; x_wconf 90' lang='lat'>11.</span> 
     </span>
    </p>
   </div>
   <div class='ocr_carea' id='block_1_2' title="bbox 275 307 1795 1653">
    <p class='ocr_par' dir='ltr' id='par_1_2' title="bbox 277 307 1791 375">
     <span class='ocr_line' id='line_1_2' title="bbox 277 307 1791 375; baseline -0.005 -14"><span class='ocrx_word' id='word_1_6' title='bbox 277 335 316 361; x_wconf 75' lang='lat'>44</span> <span class='ocrx_word' id='word_1_7' title='bbox 336 313 476 367; x_wconf 83' lang='lat' dir='ltr'>Quod</span> <span class='ocrx_word' id='word_1_8' title='bbox 502 322 706 360; x_wconf 86' lang='lat' dir='ltr'>metrum</span> <span class='ocrx_word' id='word_1_9' title='bbox 739 320 760 351; x_wconf 85' lang='lat' dir='ltr'>P</span> <span class='ocrx_word' id='word_1_10' title='bbox 777 312 1064 375; x_wconf 88' lang='lat' dir='ltr'>Glyconium</span> <span class='ocrx_word' id='word_1_11' title='bbox 1091 311 1433 375; x_wconf 89' lang='lat' dir='ltr'>octasyllabum</span> <span class='ocrx_word' id='word_1_12' title='bbox 1460 309 1644 357; x_wconf 89' lang='lat' dir='ltr'>dicitur.</span> <span class='ocrx_word' id='word_1_13' title='bbox 1710 307 1791 354; x_wconf 89' lang='lat' dir='ltr'>Fi-</span> 
     </span>
    </p>

    <p class='ocr_par' dir='ltr' id='par_1_3' title="bbox 334 390 1458 604">
     <span class='ocr_line' id='line_1_3' title="bbox 334 390 654 443; baseline 0 -9"><span class='ocrx_word' id='word_1_14' title='bbox 334 390 452 435; x_wconf 88' lang='lat' dir='ltr'>nalis</span> <span class='ocrx_word' id='word_1_15' title='bbox 479 398 654 443; x_wconf 89' lang='lat' dir='ltr'>autem,</span> 
     </span>
     <span class='ocr_line' id='line_1_4' title="bbox 610 453 1279 517; baseline -0.001 -17"><span class='ocrx_word' id='word_1_16' title='bbox 610 454 764 501; x_wconf 81' lang='lat' dir='ltr'>Grato</span> <span class='ocrx_word' id='word_1_17' title='bbox 786 453 988 517; x_wconf 70' lang='lat' dir='ltr'>Pyrrha,</span> <span class='ocrx_word' id='word_1_18' title='bbox 1011 453 1099 499; x_wconf 78' lang='lat' dir='ltr'>sub</span> <span class='ocrx_word' id='word_1_19' title='bbox 1124 459 1279 499; x_wconf 79' lang='lat' dir='ltr'>antro,</span> 
     </span>
     <span class='ocr_line' id='line_1_5' title="bbox 338 539 1458 604; baseline -0.004 -16"><span class='ocrx_word' id='word_1_20' title='bbox 338 542 480 594; x_wconf 82' lang='lat' dir='ltr'>Quod</span> <span class='ocrx_word' id='word_1_21' title='bbox 506 541 820 604; x_wconf 64' lang='lat' dir='ltr'>qspepetcpdretov</span> <span class='ocrx_word' id='word_1_22' title='bbox 843 540 1157 594; x_wconf 76' lang='grc' dir='ltr'>ἑπτασύλλαβον</span> <span class='ocrx_word' id='word_1_23' title='bbox 1182 539 1458 603; x_wconf 78' lang='lat' dir='ltr'>appellatur.</span> 
     </span>
    </p>

    <p class='ocr_par' dir='ltr' id='par_1_4' title="bbox 275 615 1127 672">
     <span class='ocr_line' id='line_1_6' title="bbox 275 615 1127 672; baseline -0.004 -8"><span class='ocrx_word' id='word_1_24' title='bbox 275 635 315 666; x_wconf 82' lang='lat'>45</span> <span class='ocrx_word' id='word_1_25' title='bbox 339 617 586 664; x_wconf 77' lang='lat' dir='ltr'>Dinietrus</span> <span class='ocrx_word' id='word_1_26' title='bbox 613 618 782 662; x_wconf 89' lang='lat' dir='ltr'>herous</span> <span class='ocrx_word' id='word_1_27' title='bbox 807 615 999 661; x_wconf 87' lang='lat' dir='ltr'>initialis</span> <span class='ocrx_word' id='word_1_28' title='bbox 1025 615 1127 672; x_wconf 82' lang='lat' dir='ltr'>erit,</span> 
     </span>
    </p>

    <p class='ocr_par' dir='ltr' id='par_1_5' title="bbox 335 691 1417 889">
     <span class='ocr_line' id='line_1_7' title="bbox 535 691 1013 739; baseline -0.006 0"><span class='ocrx_word' id='word_1_29' title='bbox 535 694 537 696; x_wconf 62' lang='grc'><strong>’</strong></span> <span class='ocrx_word' id='word_1_30' title='bbox 601 694 756 739; x_wconf 79' lang='lat' dir='ltr'>Arma</span> <span class='ocrx_word' id='word_1_31' title='bbox 782 691 1013 737; x_wconf 77' lang='lat' dir='ltr'><em>sonantia.</em></span> 
     </span>
     <span class='ocr_line' id='line_1_8' title="bbox 335 765 1417 830; baseline -0.004 -15"><span class='ocrx_word' id='word_1_32' title='bbox 335 769 681 825; x_wconf 84' lang='lat' dir='ltr'>Novissimalis,</span> <span class='ocrx_word' id='word_1_33' title='bbox 706 767 818 829; x_wconf 80' lang='lat' dir='ltr'>rqui</span> <span class='ocrx_word' id='word_1_34' title='bbox 845 766 1203 830; x_wconf 87' lang='lat' dir='ltr'>pentasyllabus</span> <span class='ocrx_word' id='word_1_35' title='bbox 1228 765 1417 822; x_wconf 82' lang='lat' dir='ltr'>dicitur,</span> 
     </span>
     <span class='ocr_line' id='line_1_9' title="bbox 605 843 1030 889; baseline -0.002 0"><span class='ocrx_word' id='word_1_36' title='bbox 605 843 806 889; x_wconf 74' lang='lat' dir='ltr'>Terruit</span> <span class='ocrx_word' id='word_1_37' title='bbox 829 843 1030 888; x_wconf 65' lang='lat' dir='ltr'>Surbem.</span> 
     </span>
    </p>

    <p class='ocr_par' dir='ltr' id='par_1_6' title="bbox 276 918 1794 1212">
     <span class='ocr_line' id='line_1_10' title="bbox 276 918 1791 982; baseline -0.001 -15"><span class='ocrx_word' id='word_1_38' title='bbox 276 929 317 968; x_wconf 82' lang='lat'>46</span> <span class='ocrx_word' id='word_1_39' title='bbox 337 921 464 967; x_wconf 85' lang='lat' dir='ltr'>Nam</span> <span class='ocrx_word' id='word_1_40' title='bbox 490 929 586 966; x_wconf 90' lang='lat' dir='ltr'>tam</span> <span class='ocrx_word' id='word_1_41' title='bbox 620 920 668 965; x_wconf 90' lang='lat' dir='ltr'>in</span> <span class='ocrx_word' id='word_1_42' title='bbox 703 919 855 982; x_wconf 87' lang='lat' dir='ltr'>prima</span> <span class='ocrx_word' id='word_1_43' title='bbox 881 935 1023 979; x_wconf 88' lang='lat' dir='ltr'>quam</span> <span class='ocrx_word' id='word_1_44' title='bbox 1064 928 1299 980; x_wconf 88' lang='lat' dir='ltr'>postrema</span> <span class='ocrx_word' id='word_1_45' title='bbox 1335 926 1466 980; x_wconf 89' lang='lat' dir='ltr'>parte</span> <span class='ocrx_word' id='word_1_46' title='bbox 1500 918 1653 980; x_wconf 86' lang='lat' dir='ltr'>posita</span> <span class='ocrx_word' id='word_1_47' title='bbox 1691 919 1791 965; x_wconf 85' lang='lat' dir='ltr'>baec</span> 
     </span>
     <span class='ocr_line' id='line_1_11' title="bbox 337 992 1794 1058; baseline -0.002 -16"><span class='ocrx_word' id='word_1_48' title='bbox 337 997 454 1054; x_wconf 83' lang='lat' dir='ltr'>cola,</span> <span class='ocrx_word' id='word_1_49' title='bbox 479 995 741 1058; x_wconf 85' lang='lat' dir='ltr'>adsumptis</span> <span class='ocrx_word' id='word_1_50' title='bbox 778 993 969 1055; x_wconf 88' lang='lat' dir='ltr'>reliquis</span> <span class='ocrx_word' id='word_1_51' title='bbox 996 1002 1219 1055; x_wconf 88' lang='lat' dir='ltr'>quattuor</span> <span class='ocrx_word' id='word_1_52' title='bbox 1254 992 1470 1057; x_wconf 80' lang='lat' dir='ltr'>pedibus,</span> <span class='ocrx_word' id='word_1_53' title='bbox 1495 992 1673 1039; x_wconf 89' lang='lat' dir='ltr'>faciunt</span> <span class='ocrx_word' id='word_1_54' title='bbox 1710 994 1794 1039; x_wconf 90' lang='lat' dir='ltr'>he-</span> 
     </span>
     <span class='ocr_line' id='line_1_12' title="bbox 335 1069 1792 1133; baseline -0.003 -14"><span class='ocrx_word' id='word_1_55' title='bbox 335 1090 469 1119; x_wconf 89' lang='lat' dir='ltr'>roum</span> <span class='ocrx_word' id='word_1_56' title='bbox 498 1072 848 1126; x_wconf 81' lang='lat' dir='ltr'>hexametrum,</span> <span class='ocrx_word' id='word_1_57' title='bbox 868 1088 972 1132; x_wconf 83' lang='lat' dir='ltr'>quae</span> <span class='ocrx_word' id='word_1_58' title='bbox 998 1069 1310 1133; x_wconf 66' lang='lat' dir='ltr'>portiunculae</span> <span class='ocrx_word' id='word_1_59' title='bbox 1336 1069 1478 1115; x_wconf 88' lang='lat' dir='ltr'>etiam</span> <span class='ocrx_word' id='word_1_60' title='bbox 1506 1086 1563 1115; x_wconf 84' lang='lat' dir='ltr'>ex</span> <span class='ocrx_word' id='word_1_61' title='bbox 1588 1070 1792 1116; x_wconf 85' lang='lat' dir='ltr'>iambico</span> 
     </span>
     <span class='ocr_line' id='line_1_13' title="bbox 335 1146 1791 1212; baseline -0.002 -18"><span class='ocrx_word' id='word_1_62' title='bbox 335 1167 470 1196; x_wconf 89' lang='lat' dir='ltr'>versu</span> <span class='ocrx_word' id='word_1_63' title='bbox 507 1166 589 1212; x_wconf 86' lang='lat' dir='ltr'>per</span> <span class='ocrx_word' id='word_1_64' title='bbox 626 1147 899 1209; x_wconf 87' lang='lat' dir='ltr'>hujusmodi</span> <span class='ocrx_word' id='word_1_65' title='bbox 933 1147 1035 1193; x_wconf 89' lang='lat' dir='ltr'>cola</span> <span class='ocrx_word' id='word_1_66' title='bbox 1060 1146 1228 1193; x_wconf 85' lang='lat' dir='ltr'>decisae</span> <span class='ocrx_word' id='word_1_67' title='bbox 1260 1147 1481 1210; x_wconf 82' lang='lat' dir='ltr'>pleraque</span> <span class='ocrx_word' id='word_1_68' title='bbox 1518 1164 1577 1192; x_wconf 83' lang='lat' dir='ltr'>ex</span> <span class='ocrx_word' id='word_1_69' title='bbox 1613 1165 1661 1193; x_wconf 88' lang='lat' dir='ltr'>se</span> <span class='ocrx_word' id='word_1_70' title='bbox 1692 1146 1791 1210; x_wconf 88' lang='lat' dir='ltr'>pari</span> 
     </span>
    </p>

    <p class='ocr_par' dir='ltr' id='par_1_7' title="bbox 276 1223 1795 1653">
     <span class='ocr_line' id='line_1_14' title="bbox 276 1223 1794 1290; baseline -0.003 -17"><span class='ocrx_word' id='word_1_71' title='bbox 276 1256 316 1286; x_wconf 80' lang='lat'>47</span> <span class='ocrx_word' id='word_1_72' title='bbox 338 1226 625 1290; x_wconf 88' lang='lat' dir='ltr'>syllabarum</span> <span class='ocrx_word' id='word_1_73' title='bbox 651 1224 830 1270; x_wconf 87' lang='lat' dir='ltr'>ratione</span> <span class='ocrx_word' id='word_1_74' title='bbox 859 1231 1115 1268; x_wconf 82' lang='lat' dir='ltr'>metrorum</span> <span class='ocrx_word' id='word_1_75' title='bbox 1144 1240 1314 1286; x_wconf 88' lang='lat' dir='ltr'>genera</span> <span class='ocrx_word' id='word_1_76' title='bbox 1339 1223 1670 1285; x_wconf 87' lang='lat' dir='ltr'>procreabunt.</span> <span class='ocrx_word' id='word_1_77' title='bbox 1713 1223 1794 1268; x_wconf 89' lang='lat' dir='ltr'>In-</span> 
     </span>
     <span class='ocr_line' id='line_1_15' title="bbox 336 1297 1794 1364; baseline -0.004 -15"><span class='ocrx_word' id='word_1_78' title='bbox 336 1311 407 1349; x_wconf 85' lang='lat' dir='ltr'>ter</span> <span class='ocrx_word' id='word_1_79' title='bbox 432 1302 548 1356; x_wconf 85' lang='lat' dir='ltr'>haec,</span> <span class='ocrx_word' id='word_1_80' title='bbox 569 1319 627 1347; x_wconf 89' lang='lat' dir='ltr'>ne</span> <span class='ocrx_word' id='word_1_81' title='bbox 653 1301 890 1364; x_wconf 84' lang='lat' dir='ltr'>ignorasse</span> <span class='ocrx_word' id='word_1_82' title='bbox 911 1298 1084 1355; x_wconf 83' lang='lat' dir='ltr'>videar,</span> <span class='ocrx_word' id='word_1_83' title='bbox 1103 1316 1196 1344; x_wconf 90' lang='lat' dir='ltr'>non</span> <span class='ocrx_word' id='word_1_84' title='bbox 1223 1297 1619 1361; x_wconf 59' lang='lat' dir='ltr'>praetermiserim,</span> <span class='ocrx_word' id='word_1_85' title='bbox 1645 1297 1794 1359; x_wconf 86' lang='lat' dir='ltr'>tquod</span> 
     </span>
     <span class='ocr_line' id='line_1_16' title="bbox 336 1373 1795 1440; baseline -0.004 -16"><span class='ocrx_word' id='word_1_86' title='bbox 336 1378 495 1424; x_wconf 90' lang='lat' dir='ltr'>ferunt</span> <span class='ocrx_word' id='word_1_87' title='bbox 531 1376 655 1440; x_wconf 89' lang='lat' dir='ltr'>apud</span> <span class='ocrx_word' id='word_1_88' title='bbox 693 1385 905 1422; x_wconf 85' lang='lat' dir='ltr'>auctores</span> <span class='ocrx_word' id='word_1_89' title='bbox 930 1375 1150 1438; x_wconf 83' lang='lat' dir='ltr'>exempla</span> <span class='ocrx_word' id='word_1_90' title='bbox 1177 1373 1416 1438; x_wconf 85' lang='lat' dir='ltr'>repperiri,</span> <span class='ocrx_word' id='word_1_91' title='bbox 1442 1373 1613 1435; x_wconf 88' lang='lat' dir='ltr'>quibus</span> <span class='ocrx_word' id='word_1_92' title='bbox 1638 1384 1795 1419; x_wconf 89' lang='lat' dir='ltr'>osten-</span> 
     </span>
     <span class='ocr_line' id='line_1_17' title="bbox 336 1449 1792 1516; baseline -0.003 -16"><span class='ocrx_word' id='word_1_93' title='bbox 336 1454 452 1500; x_wconf 86' lang='lat' dir='ltr'>dant</span> <span class='ocrx_word' id='word_1_94' title='bbox 491 1454 818 1499; x_wconf 86' lang='lat' dir='ltr'>hexametrum</span> <span class='ocrx_word' id='word_1_95' title='bbox 866 1452 1154 1516; x_wconf 84' lang='lat' dir='ltr'>dactylicum</span> <span class='ocrx_word' id='word_1_96' title='bbox 1200 1468 1348 1513; x_wconf 91' lang='lat' dir='ltr'>usque</span> <span class='ocrx_word' id='word_1_97' title='bbox 1389 1449 1444 1496; x_wconf 94' lang='lat' dir='ltr'>ad</span> <span class='ocrx_word' id='word_1_98' title='bbox 1480 1458 1792 1496; x_wconf 88' lang='lat' dir='ltr'>octametrum</span> 
     </span>
     <span class='ocr_line' id='line_1_18' title="bbox 337 1526 1795 1595; baseline -0.004 -18"><span class='ocrx_word' id='word_1_99' title='bbox 337 1531 571 1595; x_wconf 89' lang='lat' dir='ltr'>disyllabo</span> <span class='ocrx_word' id='word_1_100' title='bbox 596 1529 904 1576; x_wconf 90' lang='lat' dir='ltr'>terminatum</span> <span class='ocrx_word' id='word_1_101' title='bbox 937 1528 1232 1592; x_wconf 77' lang='lat' dir='ltr'>processisse,</span> <span class='ocrx_word' id='word_1_102' title='bbox 1256 1527 1377 1573; x_wconf 87' lang='lat' dir='ltr'>ultra</span> <span class='ocrx_word' id='word_1_103' title='bbox 1411 1544 1555 1589; x_wconf 85' lang='lat' dir='ltr'>quam</span> <span class='ocrx_word' id='word_1_104' title='bbox 1590 1526 1795 1589; x_wconf 86' lang='lat' dir='ltr'>proceri-</span> 
     </span>
     <span class='ocr_line' id='line_1_19' title="bbox 336 1603 1339 1653; baseline -0.004 0"><span class='ocrx_word' id='word_1_105' title='bbox 336 1616 484 1653; x_wconf 86' lang='lat' dir='ltr'>tatem</span> <span class='ocrx_word' id='word_1_106' title='bbox 511 1606 628 1652; x_wconf 86' lang='lat' dir='ltr'>nihil</span> <span class='ocrx_word' id='word_1_107' title='bbox 656 1605 701 1651; x_wconf 87' lang='lat' dir='ltr'>in</span> <span class='ocrx_word' id='word_1_108' title='bbox 730 1605 895 1652; x_wconf 87' lang='lat' dir='ltr'>eodem</span> <span class='ocrx_word' id='word_1_109' title='bbox 924 1603 1228 1651; x_wconf 90' lang='lat' dir='ltr'>scrutandum</span> <span class='ocrx_word' id='word_1_110' title='bbox 1255 1612 1339 1649; x_wconf 89' lang='lat' dir='ltr'>est.</span> 
     </span>
    </p>
   </div>
   <div class='ocr_carea' id='block_1_3' title="bbox 576 1737 1543 1807">
    <p class='ocr_par' dir='ltr' id='par_1_8' title="bbox 576 1737 1543 1807">
     <span class='ocr_line' id='line_1_20' title="bbox 576 1737 1543 1807; baseline -0.006 -17"><span class='ocrx_word' id='word_1_111' title='bbox 576 1739 708 1790; x_wconf 76' lang='lat' dir='ltr'><strong>CAP.</strong></span> <span class='ocrx_word' id='word_1_112' title='bbox 733 1738 842 1789; x_wconf 91' lang='lat' dir='ltr'><strong>III.</strong></span> <span class='ocrx_word' id='word_1_113' title='bbox 884 1740 968 1790; x_wconf 79' lang='lat' dir='ltr'>De</span> <span class='ocrx_word' id='word_1_114' title='bbox 996 1737 1333 1807; x_wconf 71' lang='lat' dir='ltr'>Amtpcestico</span> <span class='ocrx_word' id='word_1_115' title='bbox 1361 1745 1543 1788; x_wconf 76' lang='lat' dir='ltr'>metro.</span> 
     </span>
    </p>
   </div>
   <div class='ocr_carea' id='block_1_4' title="bbox 303 1834 1798 2660">
    <p class='ocr_par' dir='ltr' id='par_1_9' title="bbox 337 1834 1798 2053">
     <span class='ocr_line' id='line_1_21' title="bbox 402 1834 1795 1902; baseline -0.004 -18"><span class='ocrx_word' id='word_1_116' title='bbox 402 1838 756 1902; x_wconf 85' lang='lat' dir='ltr'>Anapaesticum</span> <span class='ocrx_word' id='word_1_117' title='bbox 798 1846 1002 1883; x_wconf 89' lang='lat' dir='ltr'>metrum</span> <span class='ocrx_word' id='word_1_118' title='bbox 1041 1836 1272 1897; x_wconf 81' lang='lat' dir='ltr'>originem</span> <span class='ocrx_word' id='word_1_119' title='bbox 1306 1835 1490 1881; x_wconf 88' lang='lat' dir='ltr'>trabere</span> <span class='ocrx_word' id='word_1_120' title='bbox 1516 1853 1541 1880; x_wconf 90' lang='lat' dir='ltr'>a</span> <span class='ocrx_word' id='word_1_121' title='bbox 1566 1834 1795 1896; x_wconf 83' lang='lat' dir='ltr'>rhythmo</span> 
     </span>
     <span class='ocr_line' id='line_1_22' title="bbox 337 1910 1796 1978; baseline -0.003 -17"><span class='ocrx_word' id='word_1_122' title='bbox 337 1915 574 1978; x_wconf 86' lang='lat' dir='ltr'>dactylico</span> <span class='ocrx_word' id='word_1_123' title='bbox 606 1915 653 1960; x_wconf 89' lang='lat' dir='ltr'>in</span> <span class='ocrx_word' id='word_1_124' title='bbox 679 1914 877 1960; x_wconf 89' lang='lat' dir='ltr'>dubium</span> <span class='ocrx_word' id='word_1_125' title='bbox 918 1930 1011 1959; x_wconf 89' lang='lat' dir='ltr'>non</span> <span class='ocrx_word' id='word_1_126' title='bbox 1047 1912 1190 1968; x_wconf 81' lang='lat' dir='ltr'>venit,</span> <span class='ocrx_word' id='word_1_127' title='bbox 1216 1929 1326 1958; x_wconf 91' lang='lat' dir='ltr'>cum</span> <span class='ocrx_word' id='word_1_128' title='bbox 1363 1911 1529 1957; x_wconf 90' lang='lat' dir='ltr'>iisdem</span> <span class='ocrx_word' id='word_1_129' title='bbox 1571 1910 1796 1974; x_wconf 86' lang='lat' dir='ltr'>tempori-</span> 
     </span>
     <span class='ocr_line' id='line_1_23' title="bbox 340 1986 1798 2053; baseline -0.003 -16"><span class='ocrx_word' id='word_1_130' title='bbox 340 1993 426 2037; x_wconf 87' lang='lat' dir='ltr'>bus</span> <span class='ocrx_word' id='word_1_131' title='bbox 453 2002 649 2053; x_wconf 88' lang='lat' dir='ltr'>uterque</span> <span class='ocrx_word' id='word_1_132' title='bbox 682 2007 845 2036; x_wconf 90' lang='lat' dir='ltr'>eorum</span> <span class='ocrx_word' id='word_1_133' title='bbox 884 1989 1169 2052; x_wconf 85' lang='lat' dir='ltr'>syllabisque</span> <span class='ocrx_word' id='word_1_134' title='bbox 1207 1988 1455 2035; x_wconf 85' lang='lat' dir='ltr'>subsistat:</span> <span class='ocrx_word' id='word_1_135' title='bbox 1495 1987 1619 2034; x_wconf 91' lang='lat' dir='ltr'>unde</span> <span class='ocrx_word' id='word_1_136' title='bbox 1645 2005 1670 2033; x_wconf 95' lang='lat' dir='ltr'>a</span> <span class='ocrx_word' id='word_1_137' title='bbox 1694 1986 1798 2049; x_wconf 86' lang='lat' dir='ltr'>qui-</span> 
     </span>
    </p>

    <p class='ocr_par' dir='ltr' id='par_1_10' title="bbox 303 2063 1798 2587">
     <span class='ocr_line' id='line_1_24' title="bbox 303 2063 1797 2127; baseline -0.003 -14"><span class='ocrx_word' id='word_1_138' title='bbox 303 2068 540 2113; x_wconf 83' lang='lat' dir='ltr'>2busdam</span> <span class='ocrx_word' id='word_1_139' title='bbox 601 2066 883 2117; x_wconf 68' lang='grc' dir='ltr'>ἀντιδάκτυλος</span> <span class='ocrx_word' id='word_1_140' title='bbox 931 2065 1116 2112; x_wconf 88' lang='lat' dir='ltr'>dicitur.</span> <span class='ocrx_word' id='word_1_141' title='bbox 1204 2064 1451 2127; x_wconf 86' lang='lat' dir='ltr'>Siquidem</span> <span class='ocrx_word' id='word_1_142' title='bbox 1506 2063 1724 2127; x_wconf 88' lang='lat' dir='ltr'>dactylus</span> <span class='ocrx_word' id='word_1_143' title='bbox 1772 2080 1797 2109; x_wconf 92' lang='lat' dir='ltr'>e</span> 
     </span>
     <span class='ocr_line' id='line_1_25' title="bbox 338 2140 1796 2206; baseline -0.003 -17"><span class='ocrx_word' id='word_1_144' title='bbox 338 2147 479 2206; x_wconf 87' lang='lat' dir='ltr'>longa</span> <span class='ocrx_word' id='word_1_145' title='bbox 509 2153 556 2189; x_wconf 93' lang='lat' dir='ltr'>et</span> <span class='ocrx_word' id='word_1_146' title='bbox 587 2143 769 2188; x_wconf 88' lang='lat' dir='ltr'>duabus</span> <span class='ocrx_word' id='word_1_147' title='bbox 807 2142 1041 2197; x_wconf 82' lang='lat' dir='ltr'>brevibus,</span> <span class='ocrx_word' id='word_1_148' title='bbox 1068 2151 1331 2204; x_wconf 86' lang='lat' dir='ltr'>anapaestus</span> <span class='ocrx_word' id='word_1_149' title='bbox 1372 2159 1397 2186; x_wconf 93' lang='lat' dir='ltr'>e</span> <span class='ocrx_word' id='word_1_150' title='bbox 1432 2141 1652 2187; x_wconf 79' lang='lat' dir='ltr'>Ulduabus</span> <span class='ocrx_word' id='word_1_151' title='bbox 1691 2140 1796 2185; x_wconf 81' lang='lat' dir='ltr'>bre-</span> 
     </span>
     <span class='ocr_line' id='line_1_26' title="bbox 339 2216 1797 2280; baseline -0.002 -15"><span class='ocrx_word' id='word_1_152' title='bbox 339 2220 475 2266; x_wconf 86' lang='lat' dir='ltr'>vibus</span> <span class='ocrx_word' id='word_1_153' title='bbox 507 2228 554 2265; x_wconf 91' lang='lat' dir='ltr'>et</span> <span class='ocrx_word' id='word_1_154' title='bbox 585 2219 726 2280; x_wconf 85' lang='lat' dir='ltr'>longa</span> <span class='ocrx_word' id='word_1_155' title='bbox 758 2216 944 2280; x_wconf 83' lang='lat' dir='ltr'>digesti,</span> <span class='ocrx_word' id='word_1_156' title='bbox 974 2217 1065 2263; x_wconf 89' lang='lat' dir='ltr'>situ</span> <span class='ocrx_word' id='word_1_157' title='bbox 1102 2217 1277 2263; x_wconf 85' lang='lat' dir='ltr'>ordinis</span> <span class='ocrx_word' id='word_1_158' title='bbox 1313 2226 1498 2263; x_wconf 88' lang='lat' dir='ltr'>tantum</span> <span class='ocrx_word' id='word_1_159' title='bbox 1533 2217 1797 2279; x_wconf 84' lang='lat' dir='ltr'>discrepare</span> 
     </span>
     <span class='ocr_line' id='line_1_27' title="bbox 340 2292 1797 2356; baseline -0.003 -14"><span class='ocrx_word' id='word_1_160' title='bbox 340 2295 602 2342; x_wconf 85' lang='lat' dir='ltr'>videantur.</span> <span class='ocrx_word' id='word_1_161' title='bbox 671 2293 878 2349; x_wconf 79' lang='lat' dir='ltr'>Dehinc,</span> <span class='ocrx_word' id='word_1_162' title='bbox 902 2293 1026 2355; x_wconf 88' lang='lat' dir='ltr'>quod</span> <span class='ocrx_word' id='word_1_163' title='bbox 1053 2292 1263 2339; x_wconf 89' lang='lat' dir='ltr'>detracta</span> <span class='ocrx_word' id='word_1_164' title='bbox 1298 2311 1380 2356; x_wconf 94' lang='lat' dir='ltr'>per</span> <span class='ocrx_word' id='word_1_165' title='bbox 1404 2294 1616 2349; x_wconf 68' lang='grc' dir='ltr'>ἐπιπλοκὴν</span> <span class='ocrx_word' id='word_1_166' title='bbox 1654 2293 1797 2338; x_wconf 85' lang='lat' dir='ltr'>heroo</span> 
     </span>
     <span class='ocr_line' id='line_1_28' title="bbox 341 2369 1794 2435; baseline -0.002 -17"><span class='ocrx_word' id='word_1_167' title='bbox 341 2371 576 2435; x_wconf 87' lang='lat' dir='ltr'>dactylico</span> <span class='ocrx_word' id='word_1_168' title='bbox 617 2369 771 2433; x_wconf 85' lang='lat' dir='ltr'>prima</span> <span class='ocrx_word' id='word_1_169' title='bbox 818 2369 972 2432; x_wconf 85' lang='lat' dir='ltr'>longa,</span> <span class='ocrx_word' id='word_1_170' title='bbox 1014 2369 1182 2432; x_wconf 88' lang='lat' dir='ltr'>reliqui</span> <span class='ocrx_word' id='word_1_171' title='bbox 1227 2369 1369 2432; x_wconf 88' lang='lat' dir='ltr'>pedes</span> <span class='ocrx_word' id='word_1_172' title='bbox 1408 2370 1456 2415; x_wconf 88' lang='lat' dir='ltr'>in</span> <span class='ocrx_word' id='word_1_173' title='bbox 1505 2378 1794 2432; x_wconf 85' lang='lat' dir='ltr'>anapaestum</span> 
     </span>
     <span class='ocr_line' id='line_1_29' title="bbox 340 2445 1798 2508; baseline -0.003 -14"><span class='ocrx_word' id='word_1_174' title='bbox 340 2448 693 2494; x_wconf 75' lang='lat' dir='ltr'>Wreformentur</span> <span class='ocrx_word' id='word_1_175' title='bbox 728 2446 774 2491; x_wconf 87' lang='lat' dir='ltr'>in</span> <span class='ocrx_word' id='word_1_176' title='bbox 801 2463 856 2491; x_wconf 92' lang='lat' dir='ltr'>eo</span> <span class='ocrx_word' id='word_1_177' title='bbox 881 2445 1132 2491; x_wconf 77' lang='lat' dir='ltr'>dumtaxat</span> <span class='ocrx_word' id='word_1_178' title='bbox 1156 2463 1306 2503; x_wconf 83' lang='lat' dir='ltr'>versu,</span> <span class='ocrx_word' id='word_1_179' title='bbox 1331 2446 1411 2508; x_wconf 92' lang='lat' dir='ltr'>qui</span> <span class='ocrx_word' id='word_1_180' title='bbox 1445 2446 1654 2508; x_wconf 89' lang='lat' dir='ltr'>quinque</span> <span class='ocrx_word' id='word_1_181' title='bbox 1688 2462 1798 2491; x_wconf 89' lang='lat' dir='ltr'>con-</span> 
     </span>
     <span class='ocr_line' id='line_1_30' title="bbox 341 2521 1359 2587; baseline -0.003 -16"><span class='ocrx_word' id='word_1_182' title='bbox 341 2525 484 2572; x_wconf 87' lang='lat' dir='ltr'>tinuis</span> <span class='ocrx_word' id='word_1_183' title='bbox 510 2541 592 2587; x_wconf 90' lang='lat' dir='ltr'>per</span> <span class='ocrx_word' id='word_1_184' title='bbox 616 2523 832 2569; x_wconf 87' lang='lat' dir='ltr'>ordinem</span> <span class='ocrx_word' id='word_1_185' title='bbox 858 2521 1057 2584; x_wconf 86' lang='lat' dir='ltr'>dactylis</span> <span class='ocrx_word' id='word_1_186' title='bbox 1083 2522 1252 2568; x_wconf 89' lang='lat' dir='ltr'>currit:</span> <span class='ocrx_word' id='word_1_187' title='bbox 1290 2532 1359 2578; x_wconf 80' lang='lat' dir='ltr'>ut,</span> 
     </span>
    </p>

    <p class='ocr_par' dir='ltr' id='par_1_11' title="bbox 429 2597 1663 2660">
     <span class='ocr_line' id='line_1_31' title="bbox 429 2597 1663 2660; baseline -0.002 -14"><span class='ocrx_word' id='word_1_188' title='bbox 429 2601 499 2647; x_wconf 84' lang='lat' dir='ltr'>At</span> <span class='ocrx_word' id='word_1_189' title='bbox 524 2599 638 2646; x_wconf 74' lang='lat' dir='ltr'>tuba</span> <span class='ocrx_word' id='word_1_190' title='bbox 662 2597 920 2646; x_wconf 78' lang='lat' dir='ltr'>terribilem</span> <span class='ocrx_word' id='word_1_191' title='bbox 948 2599 1155 2645; x_wconf 76' lang='lat' dir='ltr'>sonitum</span> <span class='ocrx_word' id='word_1_192' title='bbox 1172 2598 1347 2660; x_wconf 77' lang='lat' dir='ltr'>procul</span> <span class='ocrx_word' id='word_1_193' title='bbox 1363 2615 1454 2644; x_wconf 67' lang='lat' dir='ltr'>(ere</span> <span class='ocrx_word' id='word_1_194' title='bbox 1479 2614 1663 2644; x_wconf 78' lang='lat' dir='ltr'>canoro.</span> 
     </span>
    </p>
   </div>
   <div class='ocr_carea' id='block_1_5' title="bbox 341 2757 1796 2970">
    <p class='ocr_par' dir='ltr' id='par_1_12' title="bbox 341 2757 1796 2970">
     <span class='ocr_line' id='line_1_32' title="bbox 394 2757 1795 2807; baseline -0.003 -11"><span class='ocrx_word' id='word_1_195' title='bbox 394 2768 415 2796; x_wconf 89' lang='lat' dir='ltr'><strong>P</strong></span> <span class='ocrx_word' id='word_1_196' title='bbox 436 2759 651 2796; x_wconf 77' lang='lat' dir='ltr'>Gliconiuin</span> <span class='ocrx_word' id='word_1_197' title='bbox 674 2766 759 2794; x_wconf 86' lang='lat' dir='ltr'>octo</span> <span class='ocrx_word' id='word_1_198' title='bbox 779 2758 978 2807; x_wconf 67' lang='lat' dir='ltr'>syllabum]</span> <span class='ocrx_word' id='word_1_199' title='bbox 1002 2757 1227 2806; x_wconf 72' lang='lat' dir='ltr'>Glyconium</span> <span class='ocrx_word' id='word_1_200' title='bbox 1250 2757 1516 2806; x_wconf 69' lang='lat' dir='ltr'>octasyllabuin</span> <span class='ocrx_word' id='word_1_201' title='bbox 1538 2757 1577 2792; x_wconf 91' lang='lat' dir='ltr'>P.</span> <span class='ocrx_word' id='word_1_202' title='bbox 1663 2763 1683 2790; x_wconf 88' lang='lat' dir='ltr'>q</span> <span class='ocrx_word' id='word_1_203' title='bbox 1702 2762 1795 2804; x_wconf 77' lang='grc' dir='ltr'>φερε-</span> 
     </span>
     <span class='ocr_line' id='line_1_33' title="bbox 341 2808 1796 2862; baseline -0.004 -12"><span class='ocrx_word' id='word_1_204' title='bbox 341 2817 481 2862; x_wconf 64' lang='lat' dir='ltr'>«poi-rem</span> <span class='ocrx_word' id='word_1_205' title='bbox 501 2812 770 2858; x_wconf 72' lang='grc' dir='ltr'>ἑπτασύλλαβον]</span> <span class='ocrx_word' id='word_1_206' title='bbox 794 2810 1055 2860; x_wconf 84' lang='lat' dir='ltr'>pherebration</span> <span class='ocrx_word' id='word_1_207' title='bbox 1076 2811 1377 2861; x_wconf 76' lang='lat' dir='ltr'>eneptasyllabon</span> <span class='ocrx_word' id='word_1_208' title='bbox 1401 2811 1440 2846; x_wconf 93' lang='lat' dir='ltr'>P.</span> <span class='ocrx_word' id='word_1_209' title='bbox 1551 2816 1566 2834; x_wconf 75' lang='lat'>¹¹</span> <span class='ocrx_word' id='word_1_210' title='bbox 1582 2808 1642 2858; x_wconf 82' lang='lat' dir='ltr'>qui</span> <span class='ocrx_word' id='word_1_211' title='bbox 1665 2817 1796 2858; x_wconf 87' lang='lat' dir='ltr'>penta.-</span> 
     </span>
     <span class='ocr_line' id='line_1_34' title="bbox 341 2862 1793 2916; baseline -0.003 -13"><span class='ocrx_word' id='word_1_212' title='bbox 341 2867 521 2916; x_wconf 76' lang='lat' dir='ltr'>syllabus]</span> <span class='ocrx_word' id='word_1_213' title='bbox 547 2865 646 2916; x_wconf 89' lang='lat' dir='ltr'>quod</span> <span class='ocrx_word' id='word_1_214' title='bbox 668 2864 941 2914; x_wconf 75' lang='lat' dir='ltr'>pentasyllabos</span> <span class='ocrx_word' id='word_1_215' title='bbox 961 2864 1000 2900; x_wconf 91' lang='grc' dir='ltr'>Ρ.</span> <span class='ocrx_word' id='word_1_216' title='bbox 1125 2870 1138 2889; x_wconf 75' lang='lat'>⁵</span> <span class='ocrx_word' id='word_1_217' title='bbox 1160 2865 1307 2910; x_wconf 87' lang='lat' dir='ltr'>orbem]</span> <span class='ocrx_word' id='word_1_218' title='bbox 1332 2864 1459 2899; x_wconf 83' lang='lat' dir='ltr'>urbem</span> <span class='ocrx_word' id='word_1_219' title='bbox 1483 2863 1522 2898; x_wconf 89' lang='lat' dir='ltr'>P.</span> <span class='ocrx_word' id='word_1_220' title='bbox 1648 2864 1657 2883; x_wconf 68' lang='lat'>¹</span> <span class='ocrx_word' id='word_1_221' title='bbox 1678 2862 1793 2911; x_wconf 86' lang='lat' dir='ltr'>quod]</span> 
     </span>
     <span class='ocr_line' id='line_1_35' title="bbox 341 2915 1742 2970; baseline -0.004 -14"><span class='ocrx_word' id='word_1_222' title='bbox 341 2920 427 2970; x_wconf 88' lang='lat' dir='ltr'>quia</span> <span class='ocrx_word' id='word_1_223' title='bbox 449 2920 490 2956; x_wconf 87' lang='lat' dir='ltr'>P.</span> <span class='ocrx_word' id='word_1_224' title='bbox 603 2926 622 2944; x_wconf 93' lang='lat' dir='ltr'>u</span> <span class='ocrx_word' id='word_1_225' title='bbox 643 2919 803 2966; x_wconf 83' lang='lat' dir='ltr'>duabus]</span> <span class='ocrx_word' id='word_1_226' title='bbox 827 2917 972 2953; x_wconf 81' lang='lat' dir='ltr'>duobus</span> <span class='ocrx_word' id='word_1_227' title='bbox 994 2918 1032 2953; x_wconf 92' lang='lat' dir='ltr'>P.</span> <span class='ocrx_word' id='word_1_228' title='bbox 1144 2924 1172 2941; x_wconf 81' lang='lat' dir='ltr'>w</span> <span class='ocrx_word' id='word_1_229' title='bbox 1193 2917 1456 2962; x_wconf 79' lang='lat' dir='ltr'>reformentur]</span> <span class='ocrx_word' id='word_1_230' title='bbox 1484 2915 1682 2952; x_wconf 73' lang='lat' dir='ltr'>reforffitur</span> <span class='ocrx_word' id='word_1_231' title='bbox 1702 2916 1742 2951; x_wconf 91' lang='lat' dir='ltr'>P.</span> 
     </span>
    </p>
   </div>
  </div>
 </body>
</html>
