1962 3355
143 238 253 271 CAP.
278 234 320 269 2.
727 223 808 268 De
831 222 1013 267 metris.
1507 228 1601 278 247

143 363 243 391 rum
285 345 621 400 modulatione,
658 342 737 388 sed
775 360 869 388 non
907 341 1201 388 scanduntur
1226 357 1387 387 eorum
1426 342 1601 406 pedum

144 439 287 479 more,
324 422 401 484 qui
442 439 498 467 ex
539 427 763 482 quattuor
809 418 1003 482 syllabis
1051 426 1286 464 constant.
1358 417 1486 463 Nam
1536 418 1665 463 illiso

133 498 291 559 juncti
317 516 375 544 cx
408 496 652 562 disyllabis
691 513 785 541 uno
813 494 1007 540 nomine
1044 511 1129 540 suo
1155 502 1518 557 nuncupantur:
1557 495 1604 540 bi

142 593 252 621 vero
277 594 359 639 per
383 593 459 622 eas
485 583 655 638 parteS,
680 589 762 636 per
786 589 901 634 quas
931 571 1183 634 compositi
1212 579 1351 623 sunt;
1390 579 1441 616 ut
1472 570 1508 616 si
1547 571 1606 617 sit

142 669 198 697 ex
227 652 437 715 spondeo
461 661 508 698 et
531 650 722 714 dactylo
749 667 828 712 pes
854 648 1163 712 compositus,
1190 665 1282 692 non
1311 656 1437 693 totus
1472 647 1521 693 in
1557 665 1605 693 se

142 728 399 786 scanditur,
423 729 545 775 sicut
580 726 1047 791 proceleusmatiCUS,
1072 723 1151 770 sed
1190 723 1402 788 spondeo
1426 733 1473 770 et
1498 723 1607 770 dac-

142 804 268 866 tylo:
308 804 374 850 sic
398 804 540 850 etiam
570 802 606 848 si
633 820 691 848 cx
715 801 901 848 duobus
927 801 1127 865 dactylis
1144 808 1473 864 componatur.
1512 799 1602 845 Sed

144 880 314 926 borum
338 881 554 927 omnium
586 880 872 943 subjungere
898 879 1156 933 schemata,
1182 886 1253 924 est
1278 877 1469 940 quidem
1498 896 1605 942 pos-

141 957 293 1013 sibile,
321 956 400 1003 sed
428 957 699 1002 molestum.

575 1089 710 1139 CAP,
736 1088 810 1138 ΙΙ.
869 1088 954 1139 De
981 1088 1181 1139 metris.

209 1188 477 1234 Metrorum
515 1187 604 1232 alia
638 1196 747 1232 sunt
780 1186 1030 1248 simplicia,
1056 1186 1145 1230 alia
1178 1186 1455 1248 composita.
1526 1185 1603 1230 Dc

141 1264 438 1326 simplicibus
477 1271 584 1308 ante
620 1271 906 1314 tractemus;
944 1261 993 1306 in
1022 1261 1196 1323 quibus
1233 1262 1468 1322 generalia
1494 1270 1604 1307 sunt

141 1349 262 1393 octo,
299 1339 356 1385 de
394 1339 691 1402 simplicibus
726 1338 926 1402 pedibus
959 1346 1197 1399 quattuor,
1233 1336 1290 1382 de
1326 1337 1602 1400 compositis

139 1416 355 1471 totidem,
380 1427 425 1462 et
452 1416 552 1479 ipsa
578 1415 813 1479 simplicia
838 1423 1124 1476 nuncupata.
1173 1413 1250 1459 Ex
1277 1413 1467 1477 dactylo
1493 1413 1600 1460 dac·
1622 1437 1638 1457 2

141 1493 337 1556 tylicum
364 1502 567 1539 metrum
597 1492 797 1545 dictum,
818 1508 874 1536 ex
903 1500 1143 1554 anapaesto
1164 1491 1516 1552 (mapsesticum,
1542 1507 1600 1535 ex

140 1571 300 1616 iambo
326 1569 593 1625 iambicum,
619 1584 677 1614 ex
713 1568 922 1613 trochaeo
955 1567 1264 1614 trochaicum.
1337 1567 1458 1613 Haec
1494 1566 1601 1628 qui-

139 1647 245 1692 dem
288 1663 342 1692 ex
389 1645 686 1709 simplicibus
730 1643 929 1708 pedibus
972 1644 1096 1690 facta
1138 1653 1248 1690 sunt
1291 1654 1454 1690 metra.
1522 1644 1598 1689 Ex

139 1722 414 1786 compositis
441 1739 564 1779 vero,
587 1739 692 1783 quae
730 1720 1009 1784 simpliciter
1040 1732 1191 1767 metra
1218 1720 1453 1784 simplicia
1478 1737 1599 1765 nun—

141 1810 391 1863 cupantur,
427 1799 529 1847 baec
568 1807 693 1844 sunt.
763 1799 806 1843 A
844 1798 1123 1844 choriambo
1163 1798 1280 1861 pede
1320 1797 1601 1843 clmm'ambi—

141 1894 261 1934 cum,
285 1894 342 1921 ex
370 1876 629 1938 antispasto
656 1875 1039 1937 antispasticum,
1065 1894 1123 1921 ex
1161 1875 1348 1921 ionibus
1381 1875 1600 1931 ionz’cmn,

140 1962 229 1999 nex
256 1953 501 2016 paeonibus
522 1952 799 2013 pceoniczmz.
851 1951 973 1997 Haec
1000 1960 1147 1997 metra
1173 1951 1374 1997 undivisa
1394 1969 1477 2014 per
1496 1969 1599 2015 sep-
1617 1973 1635 2002 3

140 2041 252 2084 tem,
291 2029 512 2075 undecim
562 2029 873 2091 reperiuntur.
944 2028 1152 2074 Additur
1193 2027 1319 2073 enim
1364 2027 1600 2090 dactylico

138 2107 330 2169 quidam
369 2106 686 2169 spondeazon,
715 2105 839 2151 unde
876 2105 1016 2151 etiam
1057 2104 1181 2168 apud
1223 2105 1491 2150 Homerum
1532 2104 1601 2149 in-

139 2184 325 2230 venitur
349 2200 508 2228 versus
534 2183 757 2228 omnibus
784 2181 1006 2245 spondeis
1033 2190 1269 2237 constans,
1295 2180 1460 2226 ⁰Iliad.
1487 2192 1527 2227 λ.

334 2257 557 2323 Ἀτρείδης·
585 2262 636 2304 τὼ
663 2258 692 2305 δ’
718 2257 808 2304 αὖτ’
834 2258 876 2304 ἐκ
901 2257 1037 2321 δίφρου
1060 2257 1333 2319 γουναζέσθην.

138 2336 280 2399 Apud
308 2336 577 2399 Virgilium,
605 2336 639 2381 si
675 2352 817 2381 unam
855 2334 1228 2381 Pdetraxerimus
1265 2334 1494 2398 syllabam
1531 2333 1597 2378 illi
1619 2349 1638 2375 4

138 2414 307 2470 versui,
332 2413 558 2459 faciemus
586 2412 996 2476 spondiazontem,

364 2491 401 2530 A
407 2496 452 2530 ut
472 2490 574 2529 levis
595 2503 735 2529 ocreas
755 2489 863 2528 lento
883 2488 1041 2527 ducunt
1061 2492 1252 2542 argento.

138 2566 193 2601 ‘le
232 2555 386 2603 littera
425 2557 608 2602 sublata
650 2555 729 2602 ubi
772 2564 842 2601 est
884 2554 1064 2616 syllaba
1106 2562 1226 2600 rere.
1297 2553 1637 2617 Anapaestico5

139 2641 291 2678 metro
315 2632 796 2694 proceleusmaticmn
826 2631 1043 2684 additur3
1080 2638 1211 2676 Snam
1240 2629 1463 2692 quoniam
1492 2628 1601 2675 dac-

140 2709 241 2773 tylo
267 2718 531 2772 anapaestus
568 2708 829 2755 contrarius
866 2716 951 2764 est,
983 2707 1090 2753 ideo
1124 2706 1597 2768 proceleusmaticum

192 2810 211 2828 ¹¹
232 2815 252 2838 e
273 2801 482 2851 paeonibus]
507 2815 548 2837 ea*
564 2804 746 2849 paeonibus
769 2802 811 2837 L.
924 2808 966 2826 nn
984 2800 1097 2836 divisa
1118 2814 1184 2850 per
1204 2801 1365 2849 septem]
1388 2799 1490 2834 Infra
1505 2799 1542 2835 6.
1558 2811 1600 2833 ar

139 2862 216 2892 octo
239 2857 411 2891 undecim.
523 2864 541 2881 0
563 2854 667 2890 Iliad.
691 2856 741 2901 λ.]
767 2861 805 2890 ul
829 2856 870 2890 L.
986 2861 1005 2889 P
1026 2854 1307 2900 (le-traxerimus]
1334 2854 1532 2888 detraxeris
1551 2851 1597 2887 L.

139 2917 159 2943 q
179 2910 215 2956 e]
239 2914 289 2943 est
310 2909 357 2946 L.
470 2915 484 2933 Γ
504 2910 580 2956 cre]
604 2921 722 2954 groeea
746 2909 788 2943 L.
902 2915 916 2933 s
940 2921 1024 2943 nam
1047 2906 1242 2956 quoniam]
1268 2907 1328 2941 Sic
1350 2906 1396 2941 L.
1420 2917 1499 2939 nam
1522 2917 1597 2939 om.

141 2964 191 2999 Pu
198 2963 276 2999 rscli
283 2962 289 2997 i
297 2976 347 2998 ns.
