1962 3355
395 191 420 215 x
946 176 1300 216 PRAEFATIO.

529 297 554 324 e
590 279 794 325 sectione
833 278 1133 324 bibliothecae
1174 278 1444 325 Pinellianae
1483 279 1570 324 sibi
1607 296 1850 344 compara—

528 364 655 401 verat
680 355 765 401 cel.
787 354 998 400 Michael
1017 354 1267 411 Wodhull,
1288 372 1474 401 mecum
1504 355 1849 403 humanissime

528 431 900 476 communicavit
941 429 1296 476 Wodhullianae
1340 430 1645 493 supellectilis
1685 431 1851 488 haeres,

525 506 735 552 Joannes
760 505 961 551 Severne
985 505 1220 569 Armiger.

465 582 658 639 (Perot.)
711 581 828 627 Nic.
869 582 1124 628 PEROTTUS
1171 581 1228 627 de
1276 581 1524 643 generibus
1571 591 1849 638 metrorum,

526 657 791 702 OMNIRONI
834 657 1117 703 LEONICENI
1165 657 1222 703 de
1259 657 1511 704 Vincentia
1558 658 1746 704 libellus
1789 658 1850 704 de

525 740 623 777 arte
661 732 867 785 metrica,
902 732 1070 778 MARII
1106 733 1284 779 SERVII
1316 733 1703 778 CENTIMETRUM
1742 751 1776 779 s.
1807 751 1848 779 a.

523 807 551 852 l.
577 815 607 852 t.
646 807 752 852 Vid.
780 808 974 854 Panzeri
1000 809 1127 854 Ann.
1146 808 1202 855 T.
1227 808 1312 854 IV.
1336 827 1383 871 p.
1408 816 1516 866 174.
1542 826 1587 854 n.
1607 816 1719 867 935.

459 882 692 943 (Samen.)
733 883 898 928 MARn
938 884 1114 930 SERVII
1151 884 1425 931 HONORATI
1463 884 1844 931 CENTIMETRUM

521 975 578 1002 ex
609 959 936 1005 vetustissimis
974 960 1323 1023 exemplaribus
1354 969 1647 1014 correctum3
1685 960 1847 1024 Lugd.

519 1032 632 1079 But,
665 1042 801 1090 1788.
830 1043 894 1081 80.

392 1107 482 1152 His
511 1108 740 1155 accedunt
766 1109 868 1156 cod,
896 1128 1002 1156 mss.
1052 1111 1173 1156 scil:

453 1183 509 1228 B.
548 1183 710 1229 Codex
749 1203 835 1231 ms.
861 1186 1180 1232 Bibliothecae
1218 1186 1505 1241 Bodleianae,
1540 1186 1712 1245 (Laud.
1736 1187 1845 1234 Lat.

526 1265 651 1319 118.)
679 1262 856 1306 memb.
884 1271 975 1307 vet.
1283 1269 1287 1272 ⁷

454 1335 526 1380 M.
563 1336 658 1381 Ms.
686 1337 896 1398 ejusdem
924 1338 1254 1395 Bibliothecae,
1278 1338 1334 1384 Τ.
1359 1338 1416 1383 V.
1448 1347 1521 1383 11.

452 1410 496 1457 6.
546 1411 734 1458 RUFINI
784 1414 1175 1460 commentarium
1227 1432 1335 1460 cum
1384 1413 1624 1460 Prisciano
1672 1414 1845 1478 saepius

385 1486 630 1549 vulgatum
656 1498 740 1534 est.
802 1489 908 1551 Ego
933 1490 1112 1536 contuli
1139 1490 1245 1536 edd.
1272 1489 1439 1536 Venet.
1464 1489 1603 1548 1476.
1628 1499 1675 1536 et
1700 1490 1846 1538 Aldi-

386 1579 509 1608 nam.
578 1563 838 1610 Nonnullis
863 1566 909 1611 in
937 1566 1050 1612 locis
1076 1566 1260 1630 inspexi
1288 1566 1615 1613 Florentinam
1641 1584 1680 1612 a.
1702 1576 1845 1614 1525.

385 1655 568 1684 necnon
595 1640 942 1688 AscensIanam
965 1660 1008 1688 a.
1040 1650 1180 1700 1527.

450 1723 495 1771 7.
533 1715 590 1760 In
627 1716 898 1764 PRISCIANO
924 1718 1107 1764 edendo
1136 1718 1523 1765 Lindemannum
1559 1718 1844 1782 plerumque

386 1800 572 1836 secutus
600 1809 720 1837 sum.

449 1875 491 1912 8.
512 1866 779 1914 Dmmms
803 1869 1059 1916 editionem
1077 1870 1312 1915 Venetam
1332 1887 1373 1915 a.
1390 1878 1530 1927 1493.
1549 1868 1844 1933 cumHaga-

384 1945 545 1988 mensi
560 1943 612 1988 J.
633 1942 831 1990 Ca‘sarii
857 1963 895 1992 a.
918 1945 1055 1992 1526.
1078 1954 1142 1992 8⁰.
1170 1955 1385 1992 accurate
1411 1945 1647 1991 commisi.
1697 1944 1842 1992 Hanc

382 2017 574 2063 Caesarii
593 2020 912 2066 recensionem
925 2022 1224 2068 Putscliianae
1235 2021 1453 2068 editionis
1464 2021 1667 2067 fundum
1681 2021 1842 2076 fuisse,

382 2094 612 2155 conjicere
644 2094 754 2140 licet
789 2113 846 2141 ex
879 2097 1137 2160 exemplari
1160 2097 1300 2160 Lips.
1324 2115 1362 2143 a.
1395 2107 1519 2145 1542
1544 2098 1594 2144 J.
1615 2096 1840 2158 Scaligeri

385 2187 527 2214 manu
552 2187 658 2215 cum
683 2188 769 2216 ms.
796 2181 885 2217 vet.
908 2173 1093 2228 collato,
1118 2173 1244 2235 quod
1267 2173 1407 2219 hodie
1429 2182 1636 2220 servatur
1654 2172 1702 2218 in
1721 2171 1841 2218 Bib-

381 2244 585 2290 liotheca
601 2245 875 2292 Bodleiana.
913 2248 987 2294 Ita
1004 2249 1256 2295 Putsehius
1274 2250 1321 2295 in
1341 2249 1619 2296 Praefatione
1637 2267 1646 2295 :
1667 2256 1695 2275 ‘⁶
1709 2248 1839 2296 DIO—

379 2325 404 2344 “
430 2335 586 2365 MEDis
619 2320 676 2366 de
712 2323 922 2369 oratione
946 2334 992 2370 et
1020 2326 1230 2388 partibus
1267 2326 1489 2372 orationis
1515 2335 1563 2372 et
1585 2324 1713 2372 vario
1739 2342 1839 2371 me-

379 2403 404 2421 “
431 2404 608 2441 trorum
649 2415 816 2459 genere
853 2400 955 2445 libri
988 2401 1082 2447 III.
1117 2401 1196 2448 Em
1235 2403 1390 2449 codice
1412 2402 1674 2458 FULDANO‚
1700 2400 1837 2465 (πρίω

381 2476 408 2497 “
435 2472 679 2518 variantes
725 2475 936 2536 ampliss.
975 2477 1191 2525 [lIARCUS
1232 2478 1286 2524 V
1279 2495 1506 2525 ELSERUS
1549 2477 1687 2539 Reip.
1728 2477 1837 2523 Au-

379 2553 405 2573 “
428 2553 649 2609 gustance
675 2549 896 2598 claunwir
920 2555 1199 2610 transmisit,
1224 2555 1309 2600 sed
1330 2555 1515 2601 easdem
1541 2553 1837 2600 clarissimus

379 2629 405 2649 “
429 2622 604 2669 JANUS
634 2623 917 2674 GRUTERUS
941 2630 1178 2676 auctiores
1204 2630 1579 2677 communicavit.
1630 2628 1732 2675 His
1756 2646 1834 2675 ac-

377 2704 405 2723 “
433 2699 569 2744 cessit
606 2700 814 2762 ampliss.
846 2704 1110 2767 Bongarsii
1149 2705 1269 2752 liber
1303 2724 1331 2752 a
1363 2706 1547 2753 PETRO
1588 2704 1834 2752 DANJELE

376 2779 403 2800 “
429 2776 786 2822 accuratissime
810 2778 1009 2826 collatus
1034 2782 1097 2826 ad
1119 2799 1201 2827 ms.
1231 2781 1448 2829 CLAUDII
1469 2781 1728 2836 ΡΗΤΕΑΝΙ,
1751 2795 1834 2826 cu-

377 2857 402 2876 “
412 2848 505 2913 jus
527 2852 768 2898 variantes
784 2860 953 2918 postea
976 2855 1181 2903 illustris
1200 2857 1446 2906 SCALJGER
1465 2856 1711 2921 Lugduno
1729 2856 1832 2902 Ba-
