1962 3355
94 190 201 221 CAP.
223 184 267 230 5,
292 175 336 221 6.
528 176 609 220 De
633 181 782 221 metro
809 179 855 218 et
877 173 1109 235 rhythmo.
1448 179 1543 228 337

92 296 284 352 habent,
310 296 415 343 ⁰alii
437 305 592 342 autem
621 312 704 358 per
729 294 948 357 syzygias
972 293 1165 339 diversae
1191 290 1436 355 potestatis
1461 309 1543 354 pe-

89 373 226 419 dibus
252 382 483 420 constant.

513 471 646 523 CAP.
668 470 733 521 V.
792 472 899 523 PDe
927 479 1108 522 metro.

156 559 348 606 Metron
373 568 444 606 est
468 558 717 622 conceptio
742 559 879 604 certis
905 568 952 604 et
978 557 1202 620 legitimis
1238 555 1439 619 pedibus
1464 573 1544 601 ex-

88 635 275 700 pedita:
311 636 483 682 dicitur
506 644 662 682 autem
690 644 737 682 et
760 652 884 681 unus
910 652 991 698 pes
1021 643 1221 688 metron,
1246 632 1373 679 unde
1399 633 1543 678 hexa-

90 721 275 757 metron
300 729 485 758 versum
514 712 823 776 appellamus,
848 719 895 756 et
921 728 1015 757 una
1039 709 1250 774 syzygia,
1275 708 1401 756 unde
1426 708 1544 756 iam-

89 788 248 834 bicum
288 788 382 834 sive
415 806 556 851 quem
595 788 740 834 alium
776 804 832 833 ex
873 786 1287 850 conjugationibus
1326 794 1545 831 constan-

88 872 186 910 tem
223 864 489 910 trimetrum
527 863 744 910 dicimus.
804 863 1033 909 Similiter
1069 872 1116 909 et
1150 879 1337 908 versum
1376 879 1545 918 unum,

88 939 216 986 unde
251 940 545 987 trochaicum
584 948 787 986 metrum
816 939 938 994 dico,
963 948 1009 984 et
1034 938 1254 1001 paginam
1291 947 1439 983 metra
1464 937 1545 983 ha-

90 1017 197 1062 bere
222 1016 385 1063 decem
420 1034 530 1061 cum
557 1033 717 1061 versus
754 1015 853 1076 ejus
891 1033 1104 1061 numero.
1165 1014 1327 1061 Unam
1354 1031 1545 1076 quoque

89 1092 318 1155 syllabam
348 1101 528 1138 metron
557 1091 777 1137 dixerunt
801 1109 827 1137 a
845 1109 937 1154 qua
957 1108 1176 1137 mensura
1195 1091 1376 1154 incipit.
1415 1090 1545 1154 Ergo

88 1177 134 1213 et
160 1167 340 1230 syllaba
365 1185 391 1213 a
416 1185 509 1229 qua
528 1185 624 1230 pes,
650 1176 696 1213 et
721 1184 802 1230 pes
828 1175 904 1212 PPa
929 1184 1023 1228 quo
1049 1167 1260 1229 syzygia,
1277 1175 1325 1212 et
1349 1167 1545 1229 syzygia

88 1251 144 1288 ‘la
179 1260 272 1305 qua
307 1260 510 1298 comma,
544 1260 733 1288 comma
769 1261 793 1288 a
828 1260 922 1304 quo
958 1243 1111 1300 colon,
1147 1252 1193 1288 et
1225 1243 1362 1288 colon
1398 1260 1423 1288 a
1450 1260 1545 1304 quo

88 1335 245 1364 versus
272 1319 492 1375 nascitur,
518 1327 667 1364 metra
692 1319 927 1365 dicuntur.

430 1450 565 1502 CAP.
599 1449 696 1500 VI.
772 1451 908 1502 que
934 1451 1197 1521 rhythmo.

154 1549 285 1596 Inter
310 1559 515 1596 metrum
544 1558 591 1595 et
617 1549 902 1613 rhythmum
940 1550 1030 1595 hoc
1056 1550 1266 1605 interest,
1292 1549 1421 1612 quod
1449 1567 1546 1594 me-

87 1636 214 1672 trum
240 1627 362 1672 circa
387 1625 666 1672 divisionem
696 1624 872 1689 pedum
901 1634 1124 1683 versatur,
1148 1626 1403 1689 rhythmus
1423 1626 1546 1671 circa

90 1720 278 1759 sonum,
313 1702 439 1765 quod
477 1703 618 1748 etiam
656 1711 840 1748 metron
878 1701 978 1747 sine
1016 1701 1273 1765 rpsalmate
1307 1702 1544 1764 prolatum

90 1778 427 1842 proprietatem
464 1796 597 1825 suam
637 1787 804 1834 servat,
831 1778 1086 1840 rhythmus
1110 1788 1266 1823 autem
1298 1794 1542 1839 nunquam

90 1855 189 1901 sine
224 1855 457 1918 psalmate
481 1854 669 1901 valebit.
727 1854 816 1900 Est
841 1854 981 1899 etiam
1018 1853 1273 1916 rhythmus
1299 1863 1345 1899 ct
1371 1854 1416 1899 in
1445 1872 1544 1900 cor-

90 1931 236 1995 porali
266 1941 421 1978 motu:
453 1940 583 1977 Scum
612 1930 739 1976 enim
766 1929 930 1975 histrio
956 1929 1229 1975 indecenter
1248 1929 1435 1992 signum
1465 1930 1546 1975 ali-

89 2007 216 2070 quod
242 2009 474 2072 expressit
498 2008 743 2071 arythmos
769 2006 988 2061 dicimus,
1007 2004 1227 2052 decenter
1251 2000 1545 2070 eurythmos.

91 2084 215 2131 Item
241 2085 276 2131 si
302 2085 443 2131 fuerit
467 2085 711 2147 aequalitas
737 2084 944 2147 corporis
971 2082 1156 2128 modice
1181 2092 1443 2146 temperata
1467 2101 1547 2128 eu-

88 2162 322 2225 rythmos,
358 2161 624 2222 tinaequalis
651 2178 759 2206 vero
795 2169 842 2205 et
878 2159 990 2205 toris
1029 2159 1311 2220 quibusdam
1353 2160 1547 2205 confusa

90 2237 335 2302 arythmos
362 2237 642 2300 appellatur,
667 2236 792 2282 unde
817 2236 1062 2298 Virgilius,

325 2320 435 2359 Tum
456 2320 580 2376 longo
600 2319 741 2359 mellus
758 2319 881 2358 lateri
901 2317 1059 2357 modus.

88 2392 225 2438 Toris
277 2393 403 2438 enim
452 2392 723 2438 extantibus
775 2400 822 2435 et
878 2390 1332 2452 interrumpentibus
1386 2389 1545 2444 latera,

91 2468 309 2529 arythma
333 2468 476 2514 latera
500 2468 652 2514 Vfacta
678 2478 803 2513 sunt.

146 2637 164 2656 0
196 2632 262 2665 aliz
292 2635 411 2666 autem
439 2643 505 2677 per
538 2633 702 2678 syzygias
733 2633 867 2667 diverse
901 2632 1089 2676 potestatis
1126 2632 1273 2676 pedibus
1305 2636 1468 2665 constant
1502 2631 1544 2666 V.

92 2691 112 2718 Ρ
133 2685 195 2719 De
216 2684 361 2730 metra]
393 2683 563 2719 Titulum
585 2684 688 2720 addit
709 2684 756 2720 V.
889 2689 930 2717 PP
951 2695 972 2717 (1
994 2684 1082 2730 qua]
1107 2696 1129 2718 α
1150 2696 1217 2730 quo
1241 2683 1283 2718 V.
1306 2691 1342 2718 et
1365 2696 1448 2718 mox
1470 2696 1544 2717 om.

93 2751 114 2772 α
135 2739 293 2784 syzygia.
457 2743 476 2770 q
497 2750 519 2771 α
540 2749 607 2783 quo
629 2749 763 2772 ςοηιιηα
787 2737 839 2771 vel
860 2738 959 2771 colon
981 2748 1003 2770 (ι
1025 2748 1093 2783 quo
1115 2749 1233 2772 versus
1253 2737 1412 2771 nascitur
1431 2740 1544 2769 metra

93 2792 262 2827 (licuntur
283 2789 325 2824 V.
464 2795 505 2822 ‘lq
529 2790 588 2824 De
607 2789 803 2835 rhythmo]
835 2788 1000 2824 Titulum
1024 2788 1127 2824 addit
1148 2791 1192 2825 V.
1317 2797 1330 2815 r
1347 2787 1542 2834 psalmate]

88 2845 270 2890 plasmate
290 2843 336 2879 V.
359 2841 418 2878 hic
437 2849 475 2877 et
495 2840 603 2877 infra.
715 2848 729 2867 s
751 2843 848 2888 cum]
874 2854 950 2877 cum
973 2844 1065 2877 enim
1083 2843 1127 2876 V.
1237 2842 1250 2866 t
1271 2842 1444 2887 &aequalis
1463 2852 1545 2875 vero

94 2902 128 2931 et
148 2898 354 2943 quibusdam
378 2894 523 2941 confirm
546 2895 591 2928 V.
704 2895 839 2941 Vfacta
860 2895 958 2940 sunt]
981 2895 1180 2941 santfitcta
1204 2894 1248 2928 V.

781 2961 869 2990 XX
