1962 3355
383 158 440 204 16
888 158 1046 205 Marii
1074 157 1316 204 Victorini
1676 174 1772 205 Lm.
1798 175 1828 205 1.

319 299 361 329 44
377 278 571 342 possim.
613 279 841 326 Attamen
863 279 946 325 bas
971 279 1111 325 etiam
1142 296 1294 336 voces,
1319 297 1423 342 quae
1447 297 1479 324 u
1503 279 1662 343 potius
1686 296 1829 342 quam

378 372 404 401 o
440 364 624 412 sonant,
655 373 739 419 per
769 355 864 401 duo
891 372 924 401 u
952 355 1156 411 scribite,
1193 364 1260 409 ut,
1295 355 1451 411 vulva,
1487 354 1664 412 vultus,
1694 363 1741 400 et
1773 354 1835 400 si-

379 431 524 485 milia,
561 431 697 477 sicuti
735 431 834 477 sine
870 431 966 478 ulla
998 431 1293 477 dubitatione
1335 449 1417 495 per
1456 440 1532 477 mu
1570 440 1617 477 et
1656 448 1696 487 0,
1728 448 1833 493 quae

379 515 580 552 ¹1sonant
603 509 682 564 ita,
707 507 775 553 uti
799 506 961 564 volvit,
984 507 1132 562 volvo,
1155 507 1361 561 volutus,
1386 507 1663 554 convolutus
1679 526 1693 552 :
1720 523 1832 552 nam

380 583 533 628 littera
552 600 583 627 u
603 583 777 628 vocalis
796 593 880 637 est,
900 583 1021 629 sicut
1045 600 1074 628 a
1100 600 1124 628 e
1146 583 1164 628 z·
1187 600 1228 637 o,
1254 583 1333 629 sed
1353 583 1516 629 eadem
1538 583 1691 628 vicem
1711 581 1835 628 obti-

379 667 462 703 net
485 658 814 704 consonantis:
852 657 986 718 cujus
1010 658 1256 721 potestatis
1282 668 1443 705 notam
1471 658 1628 705 Graeci
1658 657 1834 703 habent

380 735 490 789 ¹¹¹¹F,
526 735 670 780 nostri
709 743 828 781 ⁰vc1u
864 743 1049 791 vocant,
1083 744 1130 780 et
1164 735 1240 781 alii
1273 735 1542 798 digamma:
1580 752 1632 780 ea
1668 751 1752 797 per
1786 751 1834 779 se

380 810 552 873 scripta
578 828 671 856 non
697 810 810 855 facit
846 809 1093 872 syllabam,
1117 811 1381 874 anteposita
1407 820 1566 857 autem
1592 809 1741 856 vocali
1768 808 1835 855 fa-

321 913 359 941 45
380 887 458 942 cit,
482 896 535 932 ut
571 888 767 945 Ρέάμαξα,
792 885 1017 941 εεκηβόλος,
1042 893 1090 930 et
1122 886 1263 942 ρελένη.
1335 885 1437 931 Nos
1466 904 1590 941 vero,
1621 885 1701 947 qui
1738 901 1833 930 non

381 961 612 1006 habemus
639 959 780 1020 hujus
805 960 932 1005 vocis
959 977 1132 1005 nomen
1167 969 1247 1005 aut
1273 970 1450 1015 notam,
1476 961 1524 1006 in
1549 960 1650 1021 ejus
1675 961 1831 1006 locum

380 1036 598 1099 quotiens
637 1052 731 1081 una
767 1035 938 1081 vocalis
970 1034 1186 1098 pluresve
1206 1036 1388 1097 junctae
1422 1053 1563 1082 unam
1603 1036 1834 1100 syllabam

380 1112 575 1168 faciunt,
601 1110 934 1157 substituimus
958 1128 990 1156 u
1015 1111 1226 1158 literam:
1264 1130 1372 1158 nam
1401 1112 1572 1158 vocalis
1609 1112 1740 1158 nulla
1764 1111 1835 1157 bis

381 1187 543 1235 eadem
581 1187 735 1252 posita
764 1187 876 1232 facit
912 1205 1055 1233 unam
1084 1189 1334 1252 syllabam,
1358 1189 1593 1246 assiduus,
1619 1189 1836 1252 exiguus,

322 1275 362 1314 46
390 1264 626 1321 Laocoon,
646 1264 880 1320 tribuunt,
902 1270 1137 1321 statuunt,
1162 1274 1208 1311 et
1232 1265 1417 1312 similia.
1486 1266 1551 1311 At
1576 1283 1686 1311 cum
1717 1281 1838 1328 prae-

382 1342 574 1405 ponitur
608 1341 774 1397 vocali,
800 1349 914 1386 tunc
951 1339 1182 1403 accipitur
1211 1359 1296 1404 pro
1330 1341 1652 1395 qconsonanti,
1683 1349 1734 1386 ut
1767 1348 1838 1385 est

383 1419 570 1482 anguis,
595 1418 848 1480 eoetinguit,
875 1416 1058 1479 lingva,
1076 1416 1229 1479 pelvis
1245 1437 1260 1463 .·
1298 1417 1370 1463 rin
1396 1418 1535 1464 uvido
1560 1417 1685 1462 enim
1713 1416 1840 1479 prior

381 1512 414 1540 u
451 1494 622 1540 vocalis
656 1502 740 1550 est,
776 1510 978 1555 sequens
1018 1492 1092 1539 cui
1133 1493 1367 1555 Ssubjecta
1405 1503 1474 1539 est
1510 1494 1527 1539 z·
1561 1509 1837 1539 consonanS.

325 1586 363 1617 47
382 1570 471 1616 Est
506 1579 728 1633 praeterea
765 1568 978 1631 ejusdem
1016 1569 1259 1631 potestatis
1286 1569 1331 1614 z':
1367 1569 1609 1615 vocalibus
1647 1577 1841 1631 antepo-

384 1647 471 1691 sita
508 1645 810 1691 consonantis
847 1644 992 1690 habet
1028 1644 1197 1701 vicem,
1222 1654 1268 1690 et
1301 1644 1511 1705 subjecta
1542 1644 1643 1690 talii
1676 1660 1845 1689 conso-

326 1742 365 1778 48
385 1721 515 1768 nanti
557 1721 730 1768 vocalis
766 1731 851 1767 est.
923 1720 1224 1767 Hesternum
1266 1720 1494 1784 producte
1533 1720 1624 1766 dici
1672 1719 1839 1766 debet:

385 1815 527 1843 nemo
551 1797 676 1843 enim
705 1807 789 1852 est,
815 1797 895 1859 qui
923 1797 1094 1843 Latine
1129 1797 1269 1844 modo
1295 1797 1410 1843 sciat
1434 1796 1580 1859 loqui,
1604 1796 1685 1859 qui
1711 1796 1844 1842 aliter

326 1903 367 1933 49
385 1892 527 1937 quam
549 1874 779 1938 producta
800 1875 981 1938 syllaba
1000 1874 1270 1920 hesternum
1286 1873 1470 1919 dixerit.
1508 1872 1647 1918 Deus
1665 1881 1750 1928 est,
1770 1872 1844 1917 in-

386 1969 547 2013 quam,
571 1961 624 1997 ut
647 1969 771 2008 reus,
796 1961 842 1998 et
877 1952 990 1998 facit
1026 1951 1235 2013 genitivo
1260 1967 1369 1996 casu
1396 1950 1485 2005 dei,
1512 1960 1562 1995 ut
1598 1950 1683 1995 rei.
1741 1949 1846 1994 No-

387 2027 616 2072 minativo
653 2027 796 2088 igitur
830 2027 998 2089 plurali
1037 2026 1115 2071 νΙῑί
1150 2026 1227 2072 dei
1261 2025 1417 2088 potius
1456 2042 1598 2086 quam
1635 2025 1714 2071 dii.
1785 2023 1842 2070 In

370 2101 543 2167 fascia
568 2101 667 2147 sine
702 2109 881 2147 Wcausa
908 2101 1143 2162 adjecistis
1178 2102 1377 2163 apicem,
1402 2101 1511 2162 quia
1529 2098 1705 2164 fascia
1728 2099 1845 2146 dici-

443 2260 473 2279 m
495 2252 556 2299 vo]
580 2264 603 2287 u
623 2260 660 2288 et
680 2264 700 2286 0
720 2252 759 2287 P.
876 2258 896 2276 ¹¹
918 2259 1052 2287 sonant
1074 2250 1142 2298 ita]
1164 2250 1216 2287 ita
1230 2259 1365 2286 sonant
1386 2250 1438 2286 ita
1457 2251 1495 2286 P.
1632 2257 1675 2276 nn
1696 2251 1746 2297 F]
1768 2253 1784 2286 f
1804 2251 1844 2286 P.

390 2324 408 2342 ⁰
429 2317 519 2362 vau]
545 2318 617 2363 qua
637 2315 675 2350 P.
787 2320 807 2348 P
828 2322 867 2349 ut
886 2312 1039 2360 Ράμαξα]
1062 2321 1102 2349 ut
1121 2314 1230 2350 fama.
1251 2315 1380 2365 hlcpza
1401 2315 1441 2350 P.
1485 2315 1537 2350 N.
1556 2315 1600 2350 B.
1623 2314 1708 2350 huic
1728 2313 1844 2350 versui

391 2369 428 2405 in
459 2381 573 2418 marg.
595 2367 794 2416 apponitur
814 2366 1006 2409 obelus—,
1029 2366 1195 2403 indicans
1216 2375 1256 2402 ut
1276 2376 1365 2416 puto
1387 2380 1547 2403 errorem
1578 2366 1735 2415 aliquem
1757 2368 1844 2403 sub·

391 2433 482 2458 esse.
660 2426 679 2453 q
699 2420 947 2466 consonante]
972 2419 1194 2456 consonanti
1216 2420 1254 2455 P.
1432 2427 1448 2445 ¹·
1467 2419 1503 2455 in
1525 2419 1650 2467 uvido]
1675 2419 1785 2455 uvido
1806 2421 1845 2456 P.

393 2481 407 2500 Β
428 2472 613 2521 subjecta]
647 2470 856 2518 subjectum
886 2473 926 2508 P.
1116 2473 1131 2499 t
1150 2472 1272 2519 alteri]
1298 2472 1356 2508 alii
1388 2473 1427 2509 P.
1618 2480 1637 2498 v
1656 2472 1725 2519 hii]
1748 2472 1784 2508 hi
1805 2473 1844 2508 P.

393 2534 419 2552 w
439 2527 587 2574 caussa]
611 2538 722 2562 causa
740 2525 780 2560 P.

447 2671 496 2709 45
531 2661 582 2707 F]
614 2664 630 2696 f
660 2658 875 2709 accipienda
905 2667 995 2695 nota
1024 2659 1092 2695 du-
1148 2672 1216 2695 mae
1248 2658 1380 2695 vocalis
1418 2671 1565 2701 sonum,
1605 2672 1679 2695 non
1719 2658 1845 2708 primae

394 2714 498 2762 plicis
517 2731 550 2760 γ,
573 2721 614 2749 ut
633 2712 742 2749 etiam
773 2724 911 2747 nomen
939 2712 1090 2754 indicat,
1147 2712 1295 2760 syllabae
1334 2720 1465 2748 tonum
1500 2711 1683 2761 intelligit.
1730 2711 1846 2748 Jubet

394 2770 548 2814 δίγαμμα
585 2764 685 2802 enim
726 2764 916 2800 AEolicum
947 2764 1092 2801 dicitur.
1150 2765 1397 2813 pronunciare
1425 2765 1570 2812 ἡστέρνον
1599 2778 1673 2800 non
1694 2765 1845 2812 ἑστέρνον.

395 2819 593 2856 CAMER.
1147 2817 1490 2855 TERHAERIUS.

449 2873 499 2919 48
531 2872 759 2908 Hesternum
786 2870 982 2919 producte]
1015 2870 1093 2906 Pri-
