1962 3355
267 717 304 738 10

264 1324 296 1344 11

331 215 394 252 40
839 202 996 250 Marii
1023 203 1261 251 Victorini
1626 218 1673 249 LI
1681 218 1724 249 Β.
1744 219 1777 248 1.

327 333 594 387 correptum
622 324 892 380 nenuntiat,
918 341 1006 370 nee
1033 341 1205 387 magno
1230 323 1362 369 hiatu
1387 323 1517 368 labra
1541 323 1777 378 reserabit,

325 410 372 447 et
406 410 662 446 retrorsum
701 408 851 446 actam
894 400 1104 462 linguam
1143 398 1351 444 tenebit:
1387 398 1584 461 longum
1618 407 1777 444 autem

323 475 564 538 productis
589 475 740 532 labiis,
764 475 884 522 rictu
921 475 1070 532 tereti,
1096 475 1256 537 lingua
1287 483 1429 521 ⁰arcu
1456 473 1547 519 oris
1572 474 1779 537 pendula

324 569 491 597 sonum
530 551 760 613 tragicum
801 551 946 605 dabit,
973 551 1106 612 cujus
1135 550 1475 596 observationis
1500 558 1547 595 et
1582 550 1630 595 in
1656 566 1680 595 e
1703 550 1780 595 lit-

323 636 421 673 tera
446 626 612 672 similis
635 635 808 689 Ppaene
832 627 951 673 ratio
975 635 1058 672 est.

393 703 449 750 V
477 702 683 748 litteram
721 702 940 763 quotiens
975 701 1295 759 enuntiamus,
1321 699 1561 764 productis
1593 709 1640 746 et
1675 703 1780 747 coe*-

321 778 515 825 untibus
552 777 693 823 labris
720 778 978 823 efferemus.
1049 777 1114 823 Et
1150 795 1208 823 ne
1237 795 1274 840 y
1310 785 1609 822 qconnexam
1648 776 1779 822 Grae-

322 853 388 899 cis
424 853 664 900 vocalibus
703 852 1104 915 praetermiserim,
1130 853 1264 913 cujus
1300 853 1597 915 frequentem
1636 869 1776 898 usum

320 928 462 990 ¹”quia
508 929 650 974 verba
702 945 783 974 seu
831 927 1025 973 nomina
1077 926 1341 973 desiderare
1388 936 1662 983 noscuntur,
1707 927 1778 991 ip-

321 1021 421 1050 sam
469 1012 689 1065 squoque
732 1002 915 1049 Graecis
961 1002 1217 1059 vocabulis,
1255 1020 1363 1049 cum
1406 1002 1672 1061 inciderint,
1709 1020 1778 1049 re-

320 1079 628 1134 servabimus,
650 1079 752 1125 loco
778 1087 938 1124 autem
965 1076 1105 1139 hujus
1128 1096 1156 1124 υ
1181 1078 1401 1136 litteram,
1422 1087 1581 1142 aptam
1606 1079 1776 1124 nostris

319 1156 514 1202 vocibus
550 1155 794 1210 finximus,
820 1171 962 1216 quam
1001 1154 1088 1199 nisi
1121 1171 1204 1217 per
1228 1176 1268 1201 ου
1292 1149 1594 1216 cbnjunctam
1622 1154 1775 1202 Graeci

321 1232 522 1278 scribere
547 1249 599 1278 ac
624 1232 927 1294 pronuntiare
954 1247 1048 1275 non
1074 1239 1286 1292 possunt.

386 1308 532 1354 Nunc
556 1307 613 1353 de
639 1306 1024 1363 consonantibus,
1044 1323 1148 1368 quae
1174 1305 1261 1351 sibi
1288 1306 1415 1352 vocis
1442 1323 1608 1352 sonore
1633 1314 1775 1367 atque

320 1384 420 1447 ipsa
445 1384 535 1430 oris
560 1384 859 1447 expressione
885 1393 993 1430 sunt
1018 1383 1261 1446 proximae,
1288 1392 1339 1428 ut
1371 1400 1469 1427 sese
1503 1382 1774 1438 obtulerint,

320 1461 669 1506 enarrabimus:
708 1464 793 1505 tcx
820 1460 991 1521 quibus
1017 1460 1065 1505 B
1089 1468 1135 1504 et
1163 1459 1217 1504 P
1245 1459 1409 1503 litterae
1440 1457 1774 1518 conjunctione

319 1536 553 1582 vocalium
581 1536 712 1598 quasi
741 1536 947 1598 syllabae,
971 1540 1103 1595 (nam
1130 1546 1261 1581 muta
1294 1534 1447 1598 portio
1483 1534 1672 1596 penitus
1708 1534 1774 1578 la-

319 1620 401 1665 tet,
428 1630 580 1674 neque
617 1611 742 1657 enirn
780 1611 914 1656 labiis
953 1612 1144 1665 hiscere,
1168 1612 1378 1656 ullumve
1412 1618 1619 1655 meatum
1646 1609 1773 1655 vocis

318 1688 583 1750 exprimere
624 1688 753 1733 nisus
795 1688 931 1743 valet,
969 1687 1058 1732 nisi
1100 1687 1283 1732 vocales
1326 1686 1505 1731 exitum
1546 1684 1773 1741 dederint,

320 1772 460 1825 atque
484 1781 564 1808 ora
588 1763 868 1822 reserarint,)
891 1762 1063 1825 dispari
1098 1763 1218 1807 inter
1249 1779 1296 1807 se
1321 1761 1412 1806 oris
1437 1760 1592 1806 officio
1616 1760 1774 1823 expri-

319 1848 540 1885 muntur:
578 1856 685 1884 nam
728 1838 880 1900 prima
911 1838 1108 1900 exploso
1133 1855 1157 1882 e
1184 1837 1351 1883 mediis
1384 1836 1519 1883 labiis
1549 1853 1678 1889 sono,
1704 1853 1774 1881 se-

318 1932 467 1976 quens
508 1931 779 1976 compresso
814 1931 907 1971 ore,
942 1915 1072 1959 velut
1111 1913 1366 1959 introrsum
1409 1921 1608 1959 attracto
1644 1911 1772 1958 vocis

282 1990 416 2037 zictu
453 1990 762 2053 explicantur.
837 1988 882 2035 C
906 1990 1049 2036 etiam
1083 1999 1130 2035 et
1167 1989 1211 2036 G
1249 1998 1300 2034 ut
1335 2006 1475 2051 supra
1513 2006 1628 2034 sono
1667 2004 1773 2051 pro-

318 2067 460 2112 ximae
496 2066 586 2111 oris
624 2066 870 2112 molimine
906 2065 1107 2127 nisuque
1146 2065 1457 2111 dissentiunt:
1495 2081 1604 2110 nam
1645 2080 1669 2109 c
1703 2080 1773 2109 re-

318 2142 461 2188 ducta
502 2141 754 2187 introrsum
802 2141 977 2204 lingua,
1023 2141 1134 2187 hinc
1176 2150 1319 2203 atque
1367 2141 1522 2186 hincu
1573 2140 1770 2186 molares

317 2235 506 2280 urgens,
540 2218 796 2262 haerentem
839 2217 959 2262 intra
997 2234 1048 2261 os
1087 2234 1256 2262 sonum
1296 2217 1422 2261 vocis
1463 2215 1700 2261 excludit:
1734 2232 1772 2278 g

317 2293 413 2339 vim
439 2293 620 2356 prioris,
636 2293 734 2355 pari
756 2292 930 2355 linguae
955 2292 1129 2354 wlapsu
1152 2292 1310 2355 palato
1330 2308 1599 2353 suggerens,
1617 2291 1769 2336 lenius

318 2368 484 2415 reddit.
548 2368 603 2414 D
626 2376 648 2396 x
665 2376 824 2413 autem
851 2376 896 2413 et
930 2367 986 2424 T,
1011 2367 1199 2429 quibus,
1223 2376 1277 2412 ut
1301 2367 1366 2412 ita
1401 2366 1617 2420 dixerim,
1643 2365 1768 2412 vocis

369 2540 390 2559 n
409 2531 602 2578 enunciat]
628 2529 799 2566 enuntiat
820 2530 858 2565 Ρ.
915 2531 967 2566 Et
987 2529 1038 2565 sic
1058 2529 1133 2565 fere
1153 2541 1310 2578 semper.
1437 2536 1455 2554 o
1475 2528 1579 2574 arcu]
1602 2520 1709 2565 artati
1726 2529 1767 2564 P.

316 2593 335 2620 P
357 2599 450 2635 pene
470 2584 562 2620 ratio
582 2584 654 2630 est]
689 2595 795 2632 paene
817 2581 909 2618 ratio
931 2583 971 2618 P.
1217 2589 1237 2615 q
1257 2582 1482 2627 connexam]
1515 2593 1696 2617 conexam
1725 2581 1766 2617 P.

315 2645 331 2664 ¹*
350 2638 535 2687 quaedam]
559 2636 645 2686 quia
665 2637 706 2671 P.
817 2642 831 2661 s
852 2634 1019 2684 quidem]
1044 2646 1191 2683 quoque
1210 2634 1249 2669 P.
1360 2634 1374 2659 t
1394 2635 1456 2680 ex]
1482 2646 1501 2669 e
1521 2634 1562 2669 P.
1669 2640 1690 2659 u
1710 2632 1766 2668 in-

316 2699 371 2727 ter
391 2690 546 2726 molares
566 2689 738 2739 surgens]
768 2688 1063 2737 niolztresurgens
1083 2688 1122 2723 P.
1367 2692 1395 2710 w
1415 2686 1538 2735 lapsu]
1568 2685 1704 2722 labitur
1724 2686 1765 2722 P.

315 2750 335 2770 Χ
355 2743 498 2789 tamen]
522 2750 645 2778 autem
665 2741 704 2777 P.

374 2867 433 2890 10.
465 2854 511 2900 ov]
545 2853 604 2888 Ita
633 2852 782 2888 Putsch.
823 2851 947 2888 Ceteri
971 2864 1006 2898 y.
1071 2851 1157 2886 Vid.
1191 2851 1344 2886 Santen.
1379 2849 1425 2885 ad
1457 2850 1608 2886 Terent.
1641 2849 1762 2885 Maur.

315 2921 350 2956 p.
369 2919 458 2955 393.
516 2904 748 2942 Camerarius
767 2905 804 2940 in
828 2917 942 2953 marg.
967 2910 989 2923 “
1005 2904 1075 2940 Est
1095 2902 1195 2940 enim
1212 2919 1245 2938 ov
1264 2902 1359 2952 apud
1381 2902 1464 2938 illos
1484 2902 1656 2951 syllaba.'’
