1962 3355
367 222 458 269 116
878 223 1035 270 Marii
1063 224 1303 271 Victorini
1631 238 1729 269 Lm.
1755 238 1807 269 11.

328 368 343 389 2
363 344 516 407 posita
540 344 588 389 in
613 362 895 407 quacunque
930 345 1038 391 sede
1069 345 1272 391 iambica
1297 344 1412 390 basi.
1481 344 1630 406 Cujus
1666 344 1807 390 etiam

364 422 666 467 conclusione
702 422 823 467 finiri
861 422 1101 485 praecipue
1124 420 1339 477 mstudet,
1363 429 1416 466 ut
1443 430 1514 467 est
1550 421 1653 477 hoc,
1684 420 1810 483 quod

364 497 509 542 habet
554 497 668 542 duas
716 497 939 543 iambicas
986 497 1162 560 priores
1208 496 1578 559 conjugationes,
1616 496 1811 542 tertium

364 573 711 630 choriambum,
737 573 952 619 ultimam
981 572 1233 618 iambicam
1269 571 1543 627 clausulam,
1566 573 1697 619 velut
1721 572 1813 618 hoc

364 658 689 695 tetrametrum
718 648 1062 705 catalecticum,

497 726 629 786 Apes
654 724 822 786 legunt
846 724 943 769 mel
963 741 1019 770 εκ
1042 741 1165 779 rosa,
1192 731 1243 770 tu
1271 724 1392 770 labio
1416 725 1675 771 ministras.

329 821 347 849 3
367 800 557 863 Recipit
581 801 751 846 netiam
780 800 1071 864 tribrachyn,
1097 819 1152 846 eo
1188 801 1314 863 quod
1348 818 1404 846 ex
1435 801 1595 847 iambo
1620 801 1693 846 vel
1718 809 1812 846 tro-

367 876 502 922 chaeo
536 877 698 922 solutis
735 877 968 923 nascitur:
1004 894 1107 923 raro
1133 887 1288 923 autem
1329 877 1604 931 molossum,
1635 877 1715 938 qui
1755 894 1812 922 ex

367 953 468 1015 ipso
492 952 722 998 formatur
740 953 922 999 duabus
948 953 1116 999 mediis
1143 953 1360 1000 brevibus
1380 953 1430 998 in
1455 969 1596 998 unam
1624 952 1813 1014 longam

367 1028 650 1089 conjunctis,
671 1029 796 1075 haud
823 1030 934 1076 alias
961 1047 1101 1092 quam
1131 1047 1271 1093 supra
1294 1029 1567 1092 tribrachyn
1595 1046 1677 1092 per
1701 1028 1818 1073 divi-

330 1130 348 1155 4
368 1105 545 1150 sionem
573 1106 725 1168 longae
751 1106 851 1151 fieri
877 1106 1099 1152 diximus.
1171 1106 1282 1152 Hoc
1308 1122 1454 1168 genus
1487 1104 1815 1151 catalecticum

368 1182 434 1237 fit,
459 1181 529 1227 vel
557 1181 756 1227 bacchio
782 1200 806 1227 a
832 1182 958 1227 brevi
997 1182 1268 1245 incipiente,
1292 1183 1363 1227 vel
1391 1199 1460 1237 eo,
1486 1180 1593 1242 ⁰qui
1631 1179 1818 1244 amphi-

368 1258 569 1320 brachys
592 1268 798 1304 vocatur.
869 1258 996 1304 Nam
1024 1259 1146 1304 sicut
1169 1276 1291 1321 saepe
1315 1258 1539 1313 diximus,
1565 1256 1818 1302 novissima

369 1333 632 1379 indifferens
660 1343 743 1380 est.
816 1335 957 1387 Quod
983 1351 1130 1397 genus
1157 1334 1191 1379 si
1222 1335 1551 1380 hexametrum
1579 1333 1652 1387 sit,
1677 1332 1821 1378 PPhi-

368 1410 531 1455 licium
571 1409 627 1456 de
666 1410 866 1456 auctoris
905 1410 1308 1474 tragoediographi
1346 1410 1539 1455 nomine
1576 1427 1821 1472 nuncupa-

369 1486 511 1541 bitur,
548 1495 708 1549 aptum
739 1487 959 1533 canendis
987 1486 1203 1532 laudibus
1229 1486 1411 1532 Cereris
1445 1494 1491 1531 et
1516 1485 1732 1531 Liberae:
1768 1494 1822 1530 ut

371 1571 456 1616 est,

371 1639 414 1678 F
414 1640 620 1693 rugg'fhrae
635 1653 755 1678 sacra
764 1640 866 1689 (Ieae,
877 1655 968 1695 quse
980 1641 1126 1689 colitis,
1138 1642 1311 1695 mystica
1324 1645 1423 1680 sunt
1435 1646 1532 1679 vota
1541 1640 1577 1679 J
1575 1640 1641 1679 ovi
1651 1639 1825 1694 potenti.

334 1732 350 1761 5
372 1716 623 1762 Scanditur
659 1727 815 1762 autem
856 1736 936 1779 per
970 1718 1197 1781 dipodias,
1223 1718 1355 1778 cujus
1381 1717 1656 1780 exemplum
1682 1716 1730 1762 in
1757 1725 1824 1761 te-

370 1802 595 1838 trametro
620 1793 910 1849 catalectico,

443 1868 487 1914 O
512 1875 615 1914 cate
636 1885 800 1914 rernm
821 1876 966 1926 sator,
991 1888 1015 1915 o
1033 1871 1324 1933 principium
1349 1870 1555 1916 deoru-m.

374 1944 736 1990 Monometrum
767 1955 923 1991 autem
963 1946 1338 1993 choriambicum
1373 1946 1826 2010 hypercatalectum,

372 2020 500 2082 quod
527 2020 668 2065 etiam
695 2020 930 2083 dactylico
956 2021 1158 2069 dimetro
1184 2023 1458 2070 catalectico
1482 2022 1733 2078 concurrit,
1758 2032 1827 2067 est

374 2097 482 2150 tale,

579 2161 622 2207 O
647 2163 752 2224 quis
775 2164 840 2209 ad
858 2181 1034 2210 omnem

577 2238 716 2299 Spem
744 2246 763 2276 ‘l
778 2237 821 2284 C
812 2239 1035 2302 ythereae.

339 2338 356 2368 6
376 2322 530 2385 Igitur
555 2334 607 2368 ut
639 2341 662 2368 a
688 2323 876 2387 fastigio
905 2326 1042 2371 metri
1068 2325 1124 2371 ad
1159 2326 1340 2371 minora
1375 2325 1625 2371 decursum
1657 2324 1830 2371 habea-

375 2415 496 2451 mus,
522 2399 608 2444 erit
632 2400 677 2445 in
706 2400 797 2446 hoc
823 2401 1152 2447 hexametrum
1180 2402 1504 2447 catalecticum
1537 2400 1663 2463 quod
1689 2401 1828 2447 rPhi-

376 2474 536 2520 licium
566 2477 828 2538 nuncupari
851 2477 1077 2534 diximus,
1094 2478 1316 2540 quodque
1336 2486 1522 2523 constat
1541 2494 1598 2523 ex
1620 2477 1829 2539 quinque
1847 2539 1850 2541 ‚

379 2550 664 2596 choriambis
690 2562 735 2596 et
761 2553 960 2599 bacchio
987 2554 1171 2610 ultimo,
1195 2554 1273 2608 ita,

380 2646 496 2691 Lydia
513 2646 569 2679 (lic
580 2647 731 2692 perdere
747 2658 809 2681 cur
822 2647 913 2682 hunc
927 2649 1060 2694 cupias,
1080 2649 1164 2694 quid
1177 2650 1314 2689 retices,
1334 2649 1419 2696 quid
1432 2649 1587 2689 dubitem,
1605 2648 1690 2694 quid
1706 2647 1828 2683 lueres.

434 2782 464 2801 m
484 2774 664 2822 studium]
689 2775 813 2811 studet
833 2777 871 2811 Ρ.
1033 2784 1053 2803 n
1073 2781 1215 2826 autem]
1241 2779 1350 2816 etiam
1373 2780 1412 2815 P.
1563 2785 1581 2804 o
1600 2777 1661 2828 qui
1684 2777 1830 2826 amphi-

381 2828 554 2875 brachus]
579 2828 678 2877 quod
700 2828 994 2878 amphybrachys
1016 2831 1055 2866 P.
1150 2838 1170 2865 P
1190 2831 1470 2881 Phrynichium]
1494 2830 1646 2868 filicium
1667 2831 1706 2867 P.
1736 2831 1832 2867 Mox

381 2882 519 2917 Liberae
537 2880 676 2918 editum
698 2894 764 2930 pro
787 2882 917 2918 Liberi.
1027 2890 1046 2916 q
1067 2884 1255 2930 cithareae]
1278 2885 1456 2933 cythereae
1477 2885 1517 2921 Ρ.
1639 2891 1655 2910 ¹·
1675 2882 1832 2933 Phryni-

380 2934 524 2981 chium]
550 2933 740 2984 philicium
765 2934 803 2971 P.
