1962 3355
146 222 252 252 CAP.
276 222 305 252 Ι.
475 207 558 253 De
582 206 844 271 conjunctis
867 207 992 253 inter
1014 223 1065 252 se
1088 206 1269 252 metris.
1511 214 1599 263 137

146 336 259 384 tem,
285 345 378 389 qua
403 336 448 373 et
473 337 683 375 veterum
715 329 801 374 sub
826 344 1128 391 quacumque
1151 327 1255 389 lege
1287 326 1457 372 tradita
1482 327 1602 373 cele-

145 403 256 449 riter
296 404 714 467 comprehendere,
747 414 793 450 et
836 404 986 450 multa
1023 403 1111 466 ipsi
1148 402 1402 448 aemulante
1444 402 1602 448 studio

145 498 265 526 nova
290 482 536 545 concipere
562 483 736 536 animo,
761 490 902 544 atque
926 480 1181 526 informare
1205 479 1458 543 possimus.
1527 479 1603 524 Ita
1622 500 1640 525 4

145 557 270 603 enim
300 566 574 614 metrorum,
599 557 725 621 lquae
749 574 809 603 ex
834 555 1016 620 origine
1042 555 1264 601 nascendi
1286 574 1310 601 e
1335 556 1602 619 prototypis

144 649 314 678 novem
354 635 611 697 profluunt,
653 635 774 681 inter
809 652 857 679 se
891 632 1088 678 varietas
1129 631 1433 677 multiformis
1467 641 1514 677 et
1545 631 1603 677 de

144 709 381 773 praefinito
427 711 570 756 veluti
627 710 926 773 quorundam
987 708 1284 755 mseminario
1333 708 1605 754 innumera-

146 785 254 830 bilis
279 785 415 848 copia
440 795 537 832 est:
575 796 628 833 ut
659 787 736 833 ille
773 787 986 833 nloculus
1010 784 1347 832 Archimedius
1383 803 1408 830 e
1443 793 1606 848 ⁰quat-

145 861 408 908 tuordecim
447 863 613 909 crustis
649 863 880 918 eburneis,
917 880 1045 908 nunc
1068 861 1325 924 quadratis,
1361 879 1490 908 nunc
1526 861 1607 908 tri-

146 938 345 1000 angulis,
372 956 498 985 nunc
522 959 579 987 ex
605 950 804 1003 utraque
829 939 983 1004 specie
1008 939 1132 985 varie
1154 939 1381 1002 figuratiS,
1405 948 1451 985 et
1477 940 1606 986 velut

147 1015 430 1078 quibusdam
462 1017 686 1062 membris
717 1017 827 1063 artis
865 1015 1098 1062 strueudae
1134 1033 1274 1061 causa
1310 1015 1604 1079 compositus

146 1093 375 1156 proditur.
445 1093 576 1140 Nam
616 1101 668 1138 ut
705 1093 750 1138 in
789 1093 870 1138 illo
917 1092 1152 1156 praefinito
1199 1109 1252 1138 ac
1292 1091 1642 1140 determinat05

147 1178 410 1215 crustarum
461 1186 661 1215 numero
709 1168 962 1232 multiplici
1014 1167 1271 1214 earundem
1320 1167 1607 1214 Pvariatione

147 1261 277 1290 nunc
317 1262 472 1300 naveS‚
511 1262 639 1290 nunc
676 1243 864 1307 qgladii,
908 1262 1036 1290 nunc
1073 1245 1322 1290 arbuscula
1360 1252 1407 1290 et
1438 1243 1475 1289 si
1514 1262 1608 1306 qua

147 1322 236 1367 alia
262 1323 538 1384 figurantur,
565 1321 630 1368 ita
657 1331 914 1368 metrorum
943 1330 1070 1369 certo
1099 1339 1155 1367 ex
1193 1321 1372 1384 origine
1409 1337 1609 1366 numero

148 1397 269 1444 infra
299 1398 462 1445 decem
504 1406 758 1462 prototypa
794 1400 1120 1462 comprehenso
1158 1398 1409 1461 multiplex
1447 1397 1610 1443 admo-

147 1474 261 1520 dum
289 1475 524 1521 varietatis
550 1475 685 1538 copia
712 1485 1013 1539 propagatur.
1078 1475 1207 1521 Nam
1236 1483 1289 1521 ut
1313 1493 1366 1520 ca
1389 1492 1611 1520 exercen-

146 1549 205 1596 tis
231 1559 313 1597 aut
338 1551 584 1615 ingenium
611 1561 690 1598 aut
715 1553 972 1598 voluntatis
998 1552 1246 1599 arbitrium
1274 1561 1357 1610 est,
1383 1553 1446 1598 ita
1471 1552 1610 1599 variae

147 1644 201 1673 ac
228 1628 542 1674 multiformes
571 1638 826 1675 metrorum
863 1629 1043 1693 species
1079 1629 1395 1693 proferuntur.
1464 1628 1647 1692 Figu-6

147 1712 309 1749 rantur
331 1705 459 1751 enim
497 1705 794 1769 generalibus
833 1705 986 1752 modis
1022 1706 1224 1763 duobus,
1250 1705 1526 1768 quantitatis
1563 1715 1609 1751 et

148 1779 404 1843 qualitatis.
477 1781 772 1845 Specialibus
821 1791 979 1828 autem
1029 1791 1162 1827 octo:
1211 1799 1319 1828 nam
1370 1782 1608 1843 quantitas

150 1857 427 1903 immutabit
454 1866 659 1903 metrum
686 1867 767 1904 aut
790 1876 875 1922 per
900 1858 1211 1920 adjectionem
1240 1867 1322 1904 aut
1354 1876 1438 1921 per
1461 1857 1610 1903 demi-

149 1935 425 1980 nutionem:
465 1934 667 1995 qualitas
705 1942 863 1979 autem
896 1952 980 1997 per
1004 1934 1376 1990 translationem,
1400 1934 1611 1997 permix-

150 2011 347 2065 tionem,
373 2010 853 2072 tmnsfiguratiunem,
878 2010 1176 2067 divisionem,
1209 2010 1455 2064 unitatem,
1481 2027 1609 2056 com-

149 2086 451 2150 positionem.
520 2087 585 2132 Et
622 2104 680 2133 cx
723 2087 866 2133 heroo
907 2086 1129 2149 ¹'quidem
1167 2104 1250 2150 per
1293 2086 1605 2148 adjectionem
1631 2108 1647 2138 7

150 2164 342 2226 syllabae
369 2164 450 2208 fiet
476 2162 554 2219 ita,

280 2239 438 2285 Musca
461 2239 528 2285 mi
551 2239 775 2286 Pierides
799 2246 870 2286 Set
900 2240 1098 2286 Clarius
1123 2239 1251 2286 adsit
1274 2239 1463 2302 Apollo.

149 2317 214 2363 mi
237 2317 365 2362 enim
405 2316 585 2379 syllaba
618 2317 840 2372 detracta,
865 2317 953 2364 erit
990 2318 1277 2363 hexameter.
1349 2318 1436 2364 Per
1460 2317 1610 2364 demi-

149 2392 394 2439 nutionem
423 2402 581 2439 autem
610 2393 803 2456 syllabae
827 2403 1007 2441 octavae
1027 2395 1122 2441 sive
1148 2412 1286 2441 nonae
1311 2412 1367 2441 ex
1395 2395 1609 2442 trimetro

149 2469 370 2524 iambico,
396 2469 478 2526 sic,

282 2546 468 2593 Beatus
492 2546 577 2592 ille
601 2548 684 2611 qui
700 2547 875 2609 procul
896 2548 1138 2594 messibus.

150 2623 239 2668 Per
261 2622 615 2669 translationem
645 2641 753 2669 vero
776 2625 1027 2671 verborum
1055 2642 1111 2671 ex
1139 2625 1299 2682 heroo,
1324 2625 1404 2682 sic,
1627 2633 1646 2662 8

203 2776 214 2803 1
233 2777 333 2826 quae]
356 2775 444 2824 quia
464 2777 504 2812 P.
615 2786 646 2804 111
665 2777 883 2825 seminario]
909 2779 1160 2816 seminumero
1181 2781 1220 2816 P.
1309 2788 1329 2806 ¹1
1346 2779 1487 2816 loculus
1502 2778 1603 2826 esse]

150 2843 229 2867 esse
249 2843 323 2866 om.
346 2830 387 2866 P.
544 2838 562 2857 0
583 2832 891 2880 quatuordecem]
914 2833 1114 2881 quattuorsl
1173 2847 1206 2868 m
1229 2835 1267 2869 P.
1300 2833 1386 2869 Vid.
1409 2833 1495 2868 Atil.
1519 2833 1607 2868 For-

151 2892 269 2920 tunat.
291 2897 327 2933 p.
348 2883 462 2931 2685.
479 2885 538 2922 ed.
557 2886 705 2921 Putsch.
775 2892 795 2920 P
817 2887 952 2921 variata
968 2885 1108 2934 specie]
1130 2886 1311 2923 variaticie
1327 2888 1367 2922 P.
1436 2892 1455 2919 0.
1474 2884 1604 2934 gladii]

151 2937 296 2987 gladios
315 2937 355 2973 P.
473 2944 488 2964 ¹·
507 2938 675 2988 quidem]
701 2939 800 2987 quod
822 2939 860 2974 Ρ.
972 2945 986 2964 s
1007 2947 1043 2975 et
1064 2939 1224 2986 Clarius]
1243 2938 1459 2986 Clariusque
1482 2939 1520 2974 P.

865 3016 894 3044 T
