1962 3355
159 190 266 222 CAP.
285 184 363 223 34.
576 172 662 219 De
683 189 908 219 versuum
927 172 1199 236 generibus.
1514 182 1602 220 501

223 295 498 341 Dimetrum
525 302 573 340 θῖ
590 292 725 350 illud,
744 291 901 354 dquod
922 301 994 338 est
1011 308 1069 338 ex
1094 292 1313 338 inferiore
1338 300 1469 355 parte
1495 292 1610 338 hex·
1629 304 1671 344 56

159 371 342 428 ametri,
366 371 681 417 Archilochus
715 368 864 426 auxit,
888 369 1143 432 praeposita
1173 386 1268 415 una
1293 368 1489 431 syllaba,
1513 368 1612 414 imo

157 447 356 505 duabus,
381 464 487 510 quae
520 464 606 512 pro
640 464 736 492 una
773 454 898 500 sunt,
931 453 979 491 θῖ
1014 444 1307 509 semipedem
1342 444 1540 499 faciunt,
1565 453 1613 490 et

158 534 231 570 est
254 525 363 581 tale,

501 601 628 641 Nova
649 613 824 640 munera
843 599 1000 639 divum.

160 673 293 720 Hinc
317 673 430 719 tolle
456 671 766 736 semipedem,
790 681 837 718 et
861 671 963 727 erit,

502 750 690 789 Munera
710 749 868 790 divum.

161 821 272 867 Hoc
298 821 451 868 simile
476 830 547 868 θεῖ
570 822 654 875 illi,

506 898 683 938 Terruit
703 897 858 938 urbem.

225 969 371 1015 Aliud
397 969 455 1015 de
480 987 576 1032 quo
600 969 780 1015 dictum
809 969 1216 1027 eArchilochium‚
1243 978 1293 1016 ut
1319 969 1564 1028 Horatius,
1632 992 1673 1025 57

271 1046 486 1102 Nivesque
505 1047 712 1086 deducunt
731 1047 892 1095 ιῙοῑνεφη,
909 1061 1021 1086 nunc
1043 1060 1156 1086 mare
1175 1061 1288 1086 nunc
1306 1047 1452 1102 sylvae.

161 1118 259 1165 Hic
285 1119 497 1182 superius
523 1136 711 1165 comma
736 1137 795 1165 ex
819 1120 1053 1184 principio
1081 1120 1291 1178 iambici,
1315 1120 1508 1168 inferius
1533 1120 1614 1168 fex

158 1195 392 1258 principio
419 1196 679 1241 hexametri
706 1205 792 1242 θεῖ.

225 1272 443 1334 Plerique
479 1272 544 1318 ita
571 1272 938 1318 adcumularunt
962 1281 1015 1318 ut
1040 1273 1251 1318 facerent
1274 1272 1418 1318 talem
1444 1273 1614 1336 rhyth-
1631 1288 1674 1328 58

160 1365 311 1405 mum,

215 1425 277 1466 Et
292 1426 439 1466 mediis
452 1438 660 1481 properas
676 1424 952 1480 Aquilonibus
973 1426 1062 1465 gire
1074 1439 1152 1481 per
1168 1440 1351 1481 cequora,
1368 1426 1470 1468 litus
1484 1441 1595 1467 ama.

159 1499 257 1545 Hic
295 1509 550 1562 utrumque
586 1517 777 1545 comma
812 1516 870 1545 ex
904 1500 1141 1564 superiore
1178 1509 1312 1564 parte
1350 1501 1614 1548 hexametri

157 1584 242 1622 est.
312 1575 405 1622 Sed
430 1575 547 1622 illud
573 1576 786 1640 superius
811 1575 937 1639 quod
963 1585 1033 1622 est
1058 1577 1167 1633 tale,

328 1653 391 1693 Et
410 1653 556 1693 ‘mediis
575 1667 780 1708 properas
795 1653 1085 1708 Aquilonibus,

158 1733 486 1770 tetrametrum
513 1724 742 1771 hheroum
770 1736 853 1771 θεῖ.
924 1725 1050 1772 Illud
1077 1734 1233 1771 autem
1261 1725 1470 1781 inferius,
1485 1727 1612 1789 quod

159 1812 229 1847 est
254 1802 361 1856 tale,
1290 1797 1301 1804 ‘¹

331 1879 404 1917 Ire
418 1891 498 1933 per
520 1891 700 1933 (equora,
723 1878 823 1918 litus
844 1891 955 1926 ama,

158 1950 425 1996 trimetrum
455 1949 651 1996 heroum
679 1958 763 1995 est.

226 2026 516 2089 Reciprocus
542 2024 753 2072 hhversus
780 2025 906 2089 apud
933 2025 1194 2073 neotericos
1220 2026 1325 2073 talis
1350 2035 1435 2082 est,
1634 2053 1675 2085 59

337 2109 463 2147 Versu
484 2107 573 2147 volo
594 2107 720 2147 Liber
741 2112 815 2147 tua
832 2107 1116 2162 proedicentur
1135 2113 1241 2148 acta.

329 2176 435 2216 Acta
446 2175 740 2231 praedicentur
761 2180 834 2214 tua
856 2174 983 2215 Liber
1003 2174 1107 2215 ivolo
1129 2189 1265 2215 versu.

158 2254 406 2301 Sotadicus
442 2262 513 2300 θεῖ
548 2271 606 2300 ex
645 2262 857 2317 utraque,
883 2253 962 2300 sed
999 2253 1159 2311 durus,
1184 2262 1237 2300 ut
1274 2253 1330 2300 ad
1373 2271 1613 2302 recursum

211 2418 231 2446 d
250 2420 351 2469 quod
372 2422 433 2468 ex]
457 2425 490 2455 et
510 2420 601 2456 illud
621 2421 715 2466 quocl
735 2425 787 2456 est
807 2432 848 2455 εκ
868 2420 962 2456 Α.Β.
985 2425 1037 2455 est
1055 2420 1149 2467 quod
1168 2419 1264 2455 Ven.
1439 2426 1456 2446 θ
1476 2419 1522 2456 de
1541 2433 1615 2470 quo

158 2472 278 2508 dicam
302 2472 549 2509 Archilochus
572 2481 611 2509 ut
631 2472 831 2520 Horatius]
854 2475 898 2509 de
917 2486 986 2522 quo
1005 2475 1140 2509 dictum
1160 2473 1432 2509 Archilochium
1452 2479 1487 2509 et
1507 2474 1615 2510 hora-

160 2528 249 2561 tium
269 2526 363 2561 Α.Β.
386 2527 488 2561 aliud
507 2538 619 2575 supra
637 2539 714 2562 om.
737 2527 831 2563 Ven.
960 2525 976 2553 f
991 2539 1034 2563 ex
1055 2525 1238 2576 principio
1259 2526 1475 2562 hexametri.
1532 2527 1614 2564 Ple-

159 2580 264 2628 rique
284 2579 465 2625 facerent]
488 2580 664 2626 principio
692 2592 843 2615 naoeeum
866 2581 991 2616 herum
1013 2581 1183 2627 (mazeum
1200 2580 1346 2616 hebrum
1370 2579 1432 2625 B.)
1454 2581 1616 2628 plerique

158 2634 211 2667 ita
228 2633 509 2667 adcumularunt
524 2632 581 2677 (ut
596 2631 933 2680 add.B.)facerent
947 2634 1039 2670 Α.Β.
1062 2634 1181 2682 Supra
1194 2633 1287 2669 Ven.
1304 2633 1360 2669 hic
1374 2635 1500 2680 saepius
1515 2647 1614 2669 coma

159 2698 202 2720 ea:
217 2687 395 2732 principio
410 2685 553 2720 iambici
571 2690 633 2720 est.
701 2691 722 2719 g
737 2685 788 2721 ire
805 2698 868 2734 per
882 2686 998 2722 altum
1019 2686 1124 2723 littus
1140 2699 1234 2722 ama.
1256 2686 1334 2733 hic]
1356 2687 1407 2721 z're
1418 2699 1485 2732 per
1500 2699 1529 2722 c,
1546 2699 1614 2733 per

159 2751 303 2785 aequora
327 2739 411 2774 litus
432 2750 515 2773 ama
537 2738 593 2772 hic
611 2738 709 2773 A.B.
840 2736 860 2764 h
880 2739 1090 2786 heroicum]
1115 2740 1275 2776 heroum.
1306 2744 1357 2774 est
1376 2739 1468 2773 illud
1494 2745 1614 2774 autem

159 2792 309 2840 inferius
328 2792 422 2839 quod
442 2796 492 2826 est
514 2792 586 2826 tale
606 2792 658 2826 ire
682 2803 748 2837 per
772 2803 916 2838 aequora
944 2793 1029 2828 litus
1053 2805 1133 2828 ama
1158 2794 1360 2828 trimetrum
1392 2792 1536 2827 heroum
1563 2797 1614 2827 est

160 2846 361 2892 reciprocus
380 2844 639 2879 versus—talis
658 2848 709 2879 est
729 2856 847 2879 versus
866 2845 960 2881 Α.Β.
1038 2843 1082 2872 hh
1097 2858 1218 2882 versus
1238 2851 1289 2880 est
1308 2845 1401 2880 Ven.
1486 2841 1496 2869 i
1518 2844 1613 2880 volo.

161 2898 302 2943 versus]
325 2899 405 2933 volo
424 2909 527 2934 versu
547 2897 591 2932 A.
612 2898 691 2932 volo
711 2908 850 2933 versum
870 2898 915 2935 Β.
