1962 3355
341 219 430 267 192
581 206 737 254 Marii
765 205 1004 253 Victorini
1028 204 1085 251 de
1108 203 1341 252 Saturnio
1364 218 1518 248 versu.
1590 214 1688 244 LIB.
1709 213 1784 244 111.

336 331 478 385 Item,

531 403 876 467 Memphitidos
894 401 1078 464 puellae.

335 482 566 545 Sequens,

533 556 698 603 Noevz‘o
716 561 864 618 poetce

335 633 458 688 talis,
483 640 538 678 ut
563 639 649 687 est,

535 707 729 754 Bacche
744 706 930 769 plaude
953 702 1158 750 Bacche.

300 803 316 835 7
336 785 458 831 Sane
481 793 536 830 ut
559 784 606 829 in
641 783 942 846 decasyllabo
968 780 1149 842 primus
1186 795 1267 841 pes
1305 777 1510 822 incertus
1540 784 1624 834 est,
1649 776 1710 823 ita
1736 787 1788 822 ut

336 861 383 907 in
411 861 502 906 hoc
527 860 623 906 duo
647 860 788 923 primi
815 857 958 921 pedes
983 856 1236 903 variantur.

400 936 518 982 Jam
542 953 668 981 nunc
691 944 823 981 vocet
853 934 1109 979 Camoenos
1131 931 1267 994 hquis
1290 947 1452 976 novem
1475 947 1672 976 sorores.

299 1011 430 1064 sQui
466 1020 518 1057 ut
551 1010 782 1056 terminus
819 1027 844 1055 a
881 1007 1091 1072 spondeo
1128 1007 1307 1070 incipit.
1386 1005 1594 1058 Quidam
1625 1005 1790 1051 volunt

336 1088 465 1133 hunc
495 1086 619 1132 feriri
658 1085 810 1131 sexies
847 1094 894 1130 et
929 1085 1137 1147 recipere
1173 1082 1316 1146 pedes
1350 1091 1548 1145 septem,
1585 1081 1675 1127 hoc
1707 1091 1791 1138 est,

336 1162 619 1226 spondeum,
662 1162 894 1219 iambum,
941 1159 1288 1224 pyrrhichium,
1326 1158 1642 1221 pariambum,
1683 1157 1792 1203 dac-

335 1239 507 1302 tylum‚
553 1237 834 1291 trochaeum,
877 1245 1184 1300 anapaestum,
1231 1253 1256 1279 e
1303 1233 1440 1296 kquis
1489 1242 1559 1278 est
1603 1233 1792 1279 Thaco-

336 1324 531 1372 mestus,
555 1323 602 1360 et
628 1313 754 1359 nasci
781 1331 806 1358 a
830 1313 1044 1358 trimetro
1070 1320 1101 1340 ¹¹¹
1114 1325 1359 1357 scazonte:
1387 1310 1464 1355 alii
1491 1327 1601 1355 vero
1625 1326 1791 1354 omnes

336 1390 585 1437 duodecim
623 1389 765 1453 pedes
803 1388 1066 1445 admittere,
1090 1404 1243 1449 neque
1278 1403 1465 1449 semper
1497 1402 1624 1442 eum,
1648 1393 1702 1430 ut
1725 1385 1792 1430 illi

338 1474 566 1524 asserunt,
590 1465 718 1512 nasci
744 1483 768 1511 e
795 1465 1008 1511 trimetro
1034 1473 1268 1510 scazonte.
1308 1461 1450 1508 Unde
1476 1461 1601 1524 apud
1627 1477 1792 1507 omnes

337 1542 673 1606 grammaticos
701 1559 840 1605 super
865 1541 955 1586 hoc
982 1539 1137 1586 adhuc
1163 1556 1257 1584 non
1284 1555 1426 1600 parva
1450 1536 1506 1582 lis
1531 1545 1647 1583 estu.

392 1688 409 1710 ¹¹
430 1687 512 1737 quis
533 1701 607 1723 Om.
625 1688 664 1724 P.
775 1685 796 1712 k
817 1686 968 1735 quibus]
993 1683 1073 1734 quis
1093 1685 1132 1719 P.
1229 1690 1260 1710 m
1280 1683 1472 1729 scazonte]
1499 1669 1676 1719 sciizonte
1696 1683 1736 1719 P.
1758 1692 1796 1720 et

339 1741 391 1778 sie
412 1742 487 1777 fere
507 1753 607 1777 mox.
718 1747 738 1765 n
757 1740 868 1788 Expl.
891 1739 953 1775 lib.
976 1737 1119 1774 tertius.
1164 1736 1302 1785 Incipit
1323 1749 1403 1772 1111.
1425 1735 1506 1785 lege
1526 1735 1694 1773 feliciter.
1734 1737 1795 1773 De

338 1795 519 1831 connexis
539 1802 608 1830 etc.
633 1794 673 1829 P.

396 1908 432 1944 7.
456 1897 583 1938 Quint
600 1897 770 1931 terminus
785 1896 874 1942 etc.]
893 1894 967 1930 Hic
988 1892 1040 1930 le·
1097 1901 1134 1929 et
1155 1891 1236 1928 finis
1257 1905 1321 1928 seu
1342 1891 1523 1927 terminus
1550 1892 1662 1928 habet
1680 1905 1795 1942 spon-

340 1950 501 2000 gendum
511 1957 617 1999 putat
635 1947 869 1984 Camerarius
887 1948 957 1988 Qui
972 1947 1040 1981 Sa·
1098 1946 1220 1982 deum.
1253 1945 1427 1980 COMM.

343 2005 495 2039 turnius.
566 2003 647 2051 Ego
687 2000 780 2036 nihil
819 2000 1040 2036 mutandum
1172 1999 1206 2034 8.
1243 1997 1534 2044 Thacomestus]
1568 1997 1795 2047 Polymnesti

342 2068 500 2092 censeo:
545 2055 731 2091 sententia
765 2053 863 2089 enin]
899 2053 1043 2102 integra
1097 2051 1241 2088 mentio
1273 2052 1314 2086 fit
1347 2051 1443 2099 apud
1477 2049 1715 2087 Plutarchum
1750 2052 1796 2088 de

342 2117 420 2145 est:
453 2108 525 2145 hoc
545 2107 645 2145 enim
675 2108 739 2150 ait,
761 2115 799 2143 et
819 2105 1042 2156 principium
1098 2104 1258 2141 Musica.
1290 2104 1465 2140 COMM.
