1962 3355
334 209 394 245 52
838 198 996 244 Marii
1028 198 1272 244 Victorini
1625 209 1720 240 Lm.
1748 209 1780 239 1.

332 319 459 365 Nam
489 319 630 365 modo
655 319 857 365 sublatio
881 318 1080 365 dimidio
1104 319 1211 380 plus
1244 317 1403 371 habet,
1431 315 1572 361 modo
1597 314 1781 377 positio.

295 395 398 440 9At
434 395 492 440 in*
517 393 764 457 dsescuplo
799 394 942 458 pedes
983 402 1206 455 quattuor
1243 391 1484 445 bacchius,
1524 390 1784 453 palimbac-

333 470 483 526 chius,
523 469 936 532 eamphibrachuS,
975 466 1187 513 creticus.
1257 464 1322 510 Et
1357 464 1404 510 in
1441 464 1613 511 cretico
1658 480 1785 509 nunc

333 545 537 591 sublatio
552 545 740 606 longam
761 554 807 589 et
826 545 1013 588 brevem
1034 549 1250 603 occupat,
1270 540 1442 603 positio
1458 541 1645 602 longam
1664 557 1674 584 z
1711 538 1783 583 vel

333 629 511 676 contra,
545 620 718 683 positio
743 620 936 681 longam
961 627 1007 663 et
1044 618 1248 672 brevem,
1273 616 1475 661 sublatio
1499 632 1643 661 unam
1681 615 1785 660 lon-

332 712 458 757 gam,
496 704 634 758 prout
666 695 846 757 syllaba
875 711 923 738 se
958 690 1197 747 obtulerit,
1221 690 1269 736 id
1293 692 1388 736 fiet.
1459 691 1515 736 In
1552 689 1783 736 fbaccbiis

277 794 315 815 ιο
333 771 473 815 etiam
498 770 601 815 haec
621 769 788 815 divisio
812 776 896 813 cst.
937 767 1064 812 Nam
1085 767 1342 812 &bacchius
1361 784 1386 812 a
1406 765 1532 811 brevi
1552 764 1783 828 incipiens

332 846 379 891 in
412 845 676 891 sublatione
701 861 887 905 semper
912 844 1100 887 brevem
1129 850 1175 887 et
1200 842 1391 904 longam
1417 841 1602 894 retinet,
1627 840 1673 885 in
1699 858 1785 903 po-

332 920 500 965 sitione
534 920 752 981 longam:
791 916 1201 980 hpalimbacchius
1238 925 1396 962 autem
1434 916 1479 962 in
1520 917 1784 962 sublatione

331 995 540 1058 ilongam
569 995 617 1039 in
643 993 878 1057 positione
908 993 1097 1055 longam
1125 1000 1170 1037 et
1196 993 1400 1048 brevem,
1426 1010 1483 1038 ne
1509 992 1554 1037 in
1581 992 1785 1054 quadru-

330 1071 462 1134 plum
491 1070 607 1116 ratio
624 1078 895 1132 temporum
911 1067 1234 1131 protendatur,
1259 1067 1294 1113 si
1323 1067 1427 1113 duae
1451 1067 1606 1129 longae
1627 1066 1787 1113 adver-

332 1164 408 1192 sus
443 1164 585 1192 unam
617 1147 805 1191 brevem
835 1143 1129 1206 copulentur,
1153 1161 1246 1205 qua
1274 1144 1451 1189 ratione
1483 1141 1713 1205 ksescupli
1739 1150 1787 1187 ct

275 1245 308 1265 11
332 1240 521 1286 paeones
533 1221 915 1267 continebuntur.
935 1218 1149 1265 ¹Molossi
1169 1219 1286 1264 ratio
1302 1235 1435 1280 aeque
1447 1218 1638 1280 duplex,
1656 1218 1785 1263 Nam

331 1298 455 1344 idem
483 1298 640 1343 valent
665 1296 759 1342 duo
784 1304 946 1341 contra
969 1302 1207 1356 quattuor,
1236 1293 1356 1339 sicut
1381 1305 1602 1355 quattuor
1627 1293 1788 1339 adver-

331 1391 436 1419 sum
454 1373 567 1419 duo:
590 1381 641 1419 ut
658 1371 799 1417 modo
817 1370 1020 1416 sublatio
1040 1386 1180 1415 unam
1201 1369 1390 1432 longam
1413 1370 1599 1422 habeat,
1615 1369 1787 1432 positio

276 1469 311 1490 12
332 1449 475 1495 duas:
512 1466 638 1494 nunc
659 1447 829 1511 positio
853 1463 1014 1499 unam,
1041 1445 1245 1491 sublatio
1270 1445 1384 1491 duas
1410 1445 1588 1508 longas.
1628 1446 1788 1490 ¹¹¹Am-

331 1524 639 1588 pbibrachus,
675 1523 722 1568 in
759 1539 853 1583 quo
889 1520 995 1566 duae
1033 1521 1209 1578 breveS,
1248 1520 1402 1566 media
1438 1521 1579 1584 longa
1618 1532 1703 1577 est,
1738 1520 1784 1565 in

330 1600 436 1646 Arsi
475 1600 577 1654 tria,
609 1599 658 1643 in
683 1597 828 1642 Tbesi
862 1614 1011 1642 unum
1044 1605 1232 1658 tempus
1269 1596 1494 1659 accipiet:
1533 1613 1786 1657 rursusque

331 1674 462 1721 Arsis
502 1691 667 1730 unum,
691 1673 859 1719 'rhesis
890 1672 976 1717 tria
1006 1671 1196 1717 sibimet
1221 1671 1494 1728 vindicabit,
1519 1689 1611 1717 non
1640 1670 1788 1733 dupli,

332 1769 412 1796 seu
455 1749 672 1812 sescupli,
715 1758 764 1794 ut
807 1748 852 1793 in
896 1747 1102 1809 reliquiS‚
1142 1746 1322 1792 ratione
1363 1746 1569 1800 diducta,
1609 1747 1788 1809 quippe

332 1843 438 1872 cum
478 1826 627 1871 tribus
665 1823 958 1886 temporibus
997 1838 1159 1876 unum,
1185 1830 1231 1866 et
1263 1830 1425 1866 contra
1449 1839 1597 1867 unum
1636 1822 1787 1867 tribus

332 1900 689 1963 insequentibus
723 1915 985 1961 repugnare
1012 1897 1271 1953 videantur,
1297 1896 1419 1942 unde
1456 1896 1612 1943 minus
1650 1906 1787 1960 aptus

332 1994 413 2040 pes
440 1976 485 2020 in
514 1974 689 2029 metris,
716 1973 918 2019 Musicis
950 1981 1105 2018 autem
1135 1981 1477 2018 consentaneus
1513 1973 1787 2018 aestimatur.

278 2069 313 2098 13
331 2053 461 2098 Nam
499 2051 608 2096 licet
635 2050 787 2095 minor
815 2058 1084 2112 temporum
1123 2049 1305 2111 nspatio
1331 2049 1405 2102 sit,
1434 2049 1687 2111 respondet
1721 2057 1789 2094 ta-

334 2144 441 2173 men
481 2125 674 2187 imagini
710 2124 1002 2187 hippiorum,
1038 2142 1155 2185 quos
1192 2125 1404 2186 epitritos
1439 2142 1678 2181 vocamus,
1706 2125 1786 2187 qui

333 2210 443 2248 sunt
478 2200 831 2262 ⁰heptaclironi,
866 2199 910 2244 id
936 2208 1007 2244 est
1038 2217 1062 2243 e
1093 2199 1245 2260 prima
1270 2199 1395 2244 brevi
1430 2208 1476 2244 et
1501 2199 1649 2245 tribus
1687 2200 1789 2245 lon-

334 2277 431 2339 gis:
469 2293 621 2338 neque
646 2275 772 2320 enim
800 2275 1085 2337 syllabarum
1115 2290 1312 2318 numero
1337 2273 1417 2318 sed
1454 2274 1634 2320 ratione
1669 2284 1789 2321 tem-

334 2369 501 2415 porum
529 2351 659 2396 Arsis
683 2350 946 2411 Tbesisque
972 2358 1208 2412 pensatur.

388 2471 408 2498 d
427 2470 1062 2520 sesquiplo—quatuor—Bachius]
1085 2470 1728 2518 sescuplo—qnattum—Bacchius
1746 2473 1786 2508 P.

335 2532 351 2551 θ
372 2523 687 2573 Amphibraclius]
712 2524 1023 2572 Amphybrachys
1046 2524 1086 2559 P.
1157 2521 1172 2548 f
1189 2521 1353 2572 Bae-hiis]
1380 2522 1536 2558 Bacchis
1556 2524 1596 2559 P.
1672 2530 1693 2558 g
1716 2525 1787 2560 Ba-

335 2578 456 2623 chius]
482 2577 632 2612 Bachus
655 2576 693 2611 P.
775 2575 796 2601 ¹¹
818 2575 1106 2621 Palimbachius]
1132 2575 1428 2612 Palimbacchius
1449 2576 1488 2610 P.
1586 2574 1596 2600 i
1617 2575 1783 2624 longam]

334 2629 447 2666 Addit
466 2630 506 2665 P.
529 2628 564 2663 in
587 2641 702 2677 marg.
725 2627 762 2663 in
785 2627 968 2676 positione
988 2628 1151 2677 longam.
1259 2626 1279 2652 k
1295 2627 1487 2676 sesquipli]
1510 2627 1666 2676 sescupli
1688 2628 1727 2665 P.
1750 2637 1788 2665 et

335 2682 440 2717 infra.
528 2679 538 2706 l
557 2679 731 2726 Molossi]
754 2680 893 2716 Molosi
916 2682 956 2716 P.
1049 2687 1078 2705 ¹¹¹
1099 2679 1412 2728 Amphibrachus]
1435 2679 1723 2728 Amphibrachis
1744 2682 1784 2717 P.

335 2742 353 2761 ὓ
375 2733 517 2783 spacio]
540 2732 660 2782 spatio
682 2733 720 2768 P.
831 2739 848 2758 0
872 2731 1145 2781 Heptachroni]
1169 2733 1383 2781 eptachroni
1405 2733 1444 2768 P.

393 2846 451 2870 12.
473 2846 541 2869 non
561 2833 678 2880 dupli]
703 2833 816 2882 Lege,
839 2845 908 2867 non
929 2834 1060 2879 simpli,
1081 2845 1151 2868 non
1181 2834 1292 2879 dupli.
1317 2833 1468 2869 Santen.
1489 2832 1640 2867 Terent.
1663 2833 1785 2869 Maur.

334 2901 370 2937 p.
392 2899 455 2936 92.
