1962 3355
337 249 430 287 252
892 241 1048 289 Marii
1071 241 1227 289 Plotii

336 361 583 408 Secundus
607 372 654 409 et
676 364 867 411 ztertius
891 362 1083 426 dactyli,
1106 361 1248 408 ceteri
1273 359 1484 423 spondei,
1509 369 1578 417 ut,

506 438 608 478 Non
628 452 691 479 me
709 440 965 480 carminibus
981 442 1153 493 superat
1171 450 1243 476 nec
1263 436 1409 476 Phoebz·
1428 436 1574 476 cultor.

281 527 317 557 13
338 510 584 556 Secundus
609 519 657 556 et
680 520 874 573 quartus
899 509 1089 572 dactyli,
1114 507 1255 554 ceteri
1282 507 1494 571 spondei,
1519 516 1587 562 ut,

506 587 735 641 Postquam
755 600 822 625 res
838 586 953 626 Asice
972 598 1129 640 magno
1148 583 1382 624 ceciderunt
1400 583 1535 638 lapsu.

336 652 582 699 Secundus
608 662 655 698 et
678 653 871 715 quintus
895 650 1087 713 dactyli,
1107 650 1246 696 ceteri
1274 649 1485 714 spondei,
1508 657 1603 703 aut,

508 729 816 782 Contemplator
834 729 928 767 item
951 741 1043 767 cum
1063 740 1105 767 se
1124 740 1216 766 ‘num
1227 726 1420 782 plurima
1439 725 1575 766 silvis.

335 800 521 846 Tertius
546 810 593 846 et
617 809 810 862 quartus
835 799 1067 862 dactylus,
1093 799 1233 845 ceteri
1261 797 1472 862 spondei,
1494 806 1563 852 ut,

505 876 606 915 IVon
627 889 690 915 me
709 876 939 915 Musarum
960 876 1143 915 comitem
1163 875 1359 914 splarium
1379 888 1462 913 non
1481 873 1621 913 laudo.

334 947 522 993 Tertius
547 956 594 993 et
617 947 810 1009 quintus
835 947 1067 1010 dactylus,
1091 947 1230 993 ceteri
1258 946 1470 1010 spondei,

513 1024 634 1064 Tunc
653 1024 769 1063 alnos
784 1025 973 1078 primum
978 1024 1115 1078 fluvii
1135 1036 1298 1063 sensere
1317 1029 1499 1063 cavatas.

336 1098 544 1150 Quartus
569 1107 616 1143 et
640 1097 836 1159 quintus
861 1096 1092 1159 dactylus,
1118 1096 1259 1142 ceteri
1285 1095 1497 1159 spondei,
1523 1104 1591 1151 ut,

508 1173 640 1219 Quam
661 1173 777 1212 szo
779 1173 935 1226 fertur
956 1173 1082 1212 terris
1102 1173 1246 1227 magis
1265 1173 1454 1212 omnibus
1474 1185 1616 1212 uuam.

280 1267 319 1295 14
335 1245 515 1292 Eadem
544 1246 723 1292 ratione
748 1247 868 1292 fiunt
886 1245 1296 1292 decaschematisti
1320 1244 1649 1307 bspondeadei,
1668 1243 1790 1289 sicut

335 1323 564 1386 exemplis
589 1322 879 1368 docebimus.
950 1322 1135 1367 Primus
1176 1330 1223 1367 et
1268 1321 1501 1367 secundus
1539 1319 1792 1384 spondeus,

336 1399 475 1445 ceteri
502 1398 693 1461 dactyli,
717 1408 784 1454 ut,

506 1475 534 1513 I
534 1474 740 1528 nflmdum
760 1475 914 1529 regina
920 1474 1049 1528 jubes
1069 1486 1271 1513 renovare
1291 1472 1482 1513 dolorem.

280 1567 315 1599 15
337 1547 522 1593 Primus
548 1557 594 1593 et
618 1547 783 1593 tertius
808 1546 1058 1611 spondeus,
1083 1545 1222 1592 ceteri
1247 1545 1439 1608 dactyli,
1467 1554 1533 1602 ut,

507 1624 701 1665 Absinthz·
722 1625 884 1665 laticem
904 1623 1148 1679 deceptaque
1167 1637 1250 1663 non
1271 1623 1503 1678 Ccapiatur.

336 1696 521 1742 Primus
546 1706 593 1742 et
619 1705 810 1758 quartus
836 1695 1048 1759 spondei,
1074 1694 1215 1741 ceteri
1240 1694 1433 1757 dactyli,
1459 1702 1524 1749 ut,

505 1773 732 1828 Postquam
753 1786 819 1813 res
834 1773 949 1812 Λεία)
970 1772 1214 1826 Priamique
1234 1776 1415 1811 evertere
1429 1776 1612 1826 gentem.

336 1844 522 1891 Primus
547 1854 594 1890 et
619 1845 814 1906 quintus
841 1843 1053 1907 spondei,
1078 1853 1126 1889 et
1149 1843 1288 1890 ceteri
1315 1842 1507 1906 dactyli,
1532 1852 1599 1898 ut,

506 1920 550 1958 F
550 1920 673 1975 ulgor
695 1920 871 1960 terribili
892 1918 1080 1959 dtonitru
1101 1920 1237 1974 quatit
1256 1919 1360 1958 altos
1380 1924 1549 1959 montes.

280 2009 318 2039 36
337 1991 583 2038 Secundus
609 2002 654 2038 et
679 1993 843 2038 tertius
869 1991 1080 2056 spondei,
1107 1991 1249 2038 ceteri
1275 1990 1469 2054 dactyli,
1494 2000 1564 2048 ut,

511 2070 754 2110 Conticuere
774 2082 926 2118 omnes,
946 2068 1174 2124 intentique
1193 2081 1270 2108 ora
1290 2067 1491 2108 tenebant.

338 2142 583 2187 Secundus
610 2151 657 2187 et
681 2153 873 2204 quartus
899 2140 1114 2206 spondei,
1138 2140 1279 2186 ceteri
1303 2139 1495 2202 dactyli,
1523 2148 1590 2195 ut,

507 2218 686 2272 Jamque
707 2218 779 2257 tibi
799 2230 852 2256 ne
872 2230 984 2256 vana
999 2222 1122 2271 putes
1142 2216 1407 2271 ltcecfingere
1425 2229 1627 2256 somnum.

338 2289 584 2336 Secundus
608 2300 656 2335 et
679 2289 875 2351 quintus
901 2288 1111 2352 spondei,
1136 2287 1277 2334 ceteri
1302 2287 1495 2350 dactyli,
1519 2296 1587 2342 ut,

506 2365 661 2419 Defuit
679 2365 909 2420 exemplum
930 2364 1005 2403 tibi
1019 2376 1176 2419 ponere
1195 2363 1365 2403 electum
1383 2363 1520 2418 prius.

282 2456 318 2485 17
337 2437 526 2483 Tertius
551 2446 598 2482 et
622 2446 815 2499 quartus
841 2436 1054 2501 spondei,
1079 2436 1219 2482 ceteri
1245 2435 1437 2497 dactyli,
1462 2444 1530 2491 ut,

509 2513 614 2552 Inde
635 2518 723 2553 toro
734 2519 862 2568 pater
877 2513 1033 2553 AEueas
1053 2513 1112 2552 Sic
1128 2526 1250 2552 orsus
1270 2513 1321 2552 ab
1341 2511 1438 2552 alto.

338 2586 525 2632 Tertius
551 2596 597 2632 et
622 2587 817 2648 quintus
843 2585 1054 2649 spondei,
1080 2585 1220 2632 ceteri
1246 2585 1439 2648 dactyli,
1466 2593 1533 2641 ut,

394 2763 411 2782 Ζ
432 2755 580 2801 tertius]
603 2760 752 2802 quartus
773 2755 816 2790 L.
839 2755 902 2803 qui
921 2761 1000 2789 tuni
1022 2766 1098 2789 om.
1116 2755 1445 2800 ceteris—quartus
1465 2753 1612 2800 dactyli.
1713 2757 1732 2777 a
1752 2759 1794 2787 ut

340 2807 567 2858 —spondei]
590 2809 839 2844 Accesserant
858 2807 938 2843 haec
956 2819 1003 2843 ex
1022 2806 1068 2842 L.
1228 2803 1249 2832 b
1269 2806 1514 2856 spondeadei]
1539 2804 1600 2841 Sic
1620 2804 1667 2840 L.
1687 2816 1791 2851 spon—

340 2864 407 2898 daei
427 2860 638 2898 Putschius.
765 2867 781 2887 ⁰
799 2860 983 2909 capiatur]
1008 2861 1198 2906 capiantur
1219 2859 1266 2896 L.
1390 2857 1410 2885 d
1429 2858 1586 2905 tonitru]
1607 2859 1724 2893 sonitu
1744 2856 1791 2892 L.

341 2923 358 2943 e
377 2915 534 2962 lectum]
558 2915 669 2950 lector
688 2913 733 2949 L.
