1962 3355
122 230 230 262 CAP.
249 226 294 262 4.
596 217 678 263 De
702 217 911 264 Iambico
934 223 1097 264 metro.
1484 226 1573 275 109

121 336 436 383 inducuntur:
479 354 678 400 quorum
721 337 1032 384 differentiam
1078 336 1374 400 bpenultima
1416 355 1573 384 versus

122 413 302 475 syllaba
337 412 695 459 demonstrabit.
765 413 893 459 Nam
930 413 966 458 si
1004 413 1155 459 brevis
1193 413 1459 477 contigerit,
1487 414 1575 459 erit
1599 433 1634 464 ¹9

120 498 300 535 rectum
328 499 376 535 et
400 489 634 553 integrum
662 489 938 545 iambicum,
962 488 1042 545 ita,

259 580 456 644 Vigor-is
480 581 602 627 adde
626 580 859 626 concitum
886 578 1138 645 celer[em]
1163 581 1345 642 pedem.

120 672 202 719 Sin
229 690 336 719 vero
361 673 516 735 longa,
541 673 765 719 delumbe
791 683 836 718 et
861 673 1100 728 claudum,
1128 682 1179 719 ut
1203 683 1287 729 est,

252 767 484 814 Novitate
508 766 707 813 dductus
730 784 823 813 non
849 767 941 826 (ut)
970 767 1148 812 inscius
1174 767 1311 830 legis.

121 859 164 905 le
199 859 354 922 longa,
385 878 490 922 quae
527 859 790 922 penultima
826 860 1103 923 repperitur,
1128 869 1331 906 metrum
1366 878 1577 908 corrum-

119 936 204 999 pit.
274 936 433 998 Hujus
471 946 679 999 repertor
715 936 995 999 Hipponax,
1034 954 1142 982 nam
1186 954 1271 999 pro
1304 937 1463 984 iambo
1505 938 1575 984 in-
1595 962 1635 983 20

119 1012 291 1059 ductus
316 1013 549 1058 trochaeus
570 1021 733 1058 contra
756 1012 909 1075 legem
934 1012 1133 1058 trimetri
1154 1012 1347 1060 iambici
1368 1024 1572 1060 metrum

119 1088 374 1145 innovavit,
398 1088 522 1150 quod
551 1087 743 1149 adaeque
775 1104 832 1133 ex
870 1087 1079 1151 spondeo
1103 1089 1352 1152 contingit.
1422 1090 1577 1152 Igitur

120 1165 349 1210 iambicus
391 1172 688 1227 pentameter
725 1163 1018 1226 compositus
1063 1173 1251 1210 auctore
1288 1166 1576 1211 Archilocho

118 1256 175 1285 ex
201 1239 414 1285 trimetro
440 1249 486 1284 et
512 1238 715 1284 dimetro
741 1239 1025 1285 acatalectus
1050 1239 1137 1284 erit
1161 1239 1282 1297 talis,

175 1330 334 1369 Beatus
354 1329 422 1369 ille
442 1330 513 1384 qui
528 1329 679 1383 procul
697 1330 892 1385 negotiis,
914 1336 961 1369 ut
975 1331 1119 1385 prisca
1135 1345 1244 1386 gens
1265 1332 1517 1373 mortalium.

115 1403 378 1449 Trimetrus
406 1420 527 1457 vero,

317 1480 505 1526 Beatus
528 1478 611 1525 ‘ille
634 1479 714 1541 qui
731 1478 909 1540 procul
931 1481 1150 1543 negotiis.

116 1556 364 1603 Dimetrus
392 1574 597 1619 quoque,
623 1556 750 1618 quod
775 1556 1136 1603 Archilochium
1165 1568 1370 1616 vocatur,

314 1634 501 1679 Beatus
525 1631 608 1678 ille
633 1633 716 1696 qui
737 1632 919 1694 procul.

117 1708 172 1755 Id
205 1708 240 1755 si
276 1708 416 1754 fuerit
441 1708 924 1771 brachycatalectum,
950 1707 1242 1771 Eupolidion
1273 1711 1572 1758 nominatur:
1594 1735 1630 1756 21

118 1786 187 1831 sin
232 1803 340 1831 vero
378 1785 724 1841 catalecticum,
763 1786 1144 1832 Anacreontion:
1182 1787 1251 1832 sin
1291 1800 1450 1834 autem
1489 1788 1576 1852 hy-

115 1861 501 1924 percatalectum,
525 1861 751 1907 Alcaicon
778 1861 965 1907 dicitur.
1035 1862 1259 1909 Trimetri
1292 1864 1434 1925 igitur
1458 1865 1574 1910 iam-
1594 1887 1632 1908 22

117 1937 211 1984 bici
238 1937 505 1983 eacatalecti
534 1955 704 1999 genera
730 1948 839 1983 sunt
864 1947 1098 1999 quattuor.
1140 1940 1207 1985 Hi
1234 1958 1479 2002 nunquam
1504 1958 1576 1986 se-

119 2012 306 2076 mipede
343 2021 395 2059 ut
430 2013 705 2067 tetrametri‚
736 2013 815 2059 sed
853 2031 1039 2077 semper
1076 2015 1258 2078 integro
1283 2017 1575 2063 concludun-

116 2098 191 2136 tur
237 2089 372 2153 pede,
421 2107 516 2152 quo
558 2107 695 2153 paene
742 2107 908 2135 omnes
944 2090 1191 2153 tragoediae
1237 2101 1283 2137 et
1324 2092 1574 2138 comoediae

116 2165 303 2228 scriptae
345 2174 471 2222 sunt,
507 2183 710 2228 quorum
753 2166 881 2228 prius
924 2167 1174 2229 tragicum,
1215 2167 1389 2215 dehinc
1429 2169 1575 2215 comi-

116 2258 242 2295 cum,
269 2249 314 2286 et
341 2240 617 2296 iambicum,
641 2251 748 2304 post
774 2242 1030 2304 satyricum
1057 2243 1323 2290 habebitur.
1381 2244 1448 2290 Et
1483 2254 1573 2291 tra·
1594 2269 1632 2298 23

116 2316 275 2379 gicum
303 2316 513 2378 quidem,
539 2317 673 2379 cujus
699 2318 747 2364 in
773 2336 908 2365 versu
933 2329 1070 2366 erunt
1094 2320 1246 2367 dextri
1275 2321 1487 2386 spondei,
1514 2323 1574 2368 si-

168 2434 188 2462 b
209 2435 433 2485 penultima]
457 2450 563 2486 paene
584 2437 712 2474 ultima
736 2440 774 2475 P.
796 2447 834 2476 et
855 2439 961 2476 infra.
1071 2439 1090 2467 d
1110 2441 1243 2478 ductus
1264 2445 1337 2492 est]
1362 2451 1418 2480 est
1437 2457 1513 2481 om.
1533 2446 1573 2480 Ρ.

116 2489 248 2526 ductus
269 2502 345 2526 non
365 2498 422 2526 est
442 2490 531 2526 Ruf.
643 2498 659 2518 e
679 2492 888 2540 acatalecti]
912 2501 949 2529 et
969 2493 1171 2531 catalectici
1196 2496 1235 2531 P.

173 2611 231 2647 18.
254 2610 494 2658 inducuntur]
520 2619 608 2647 sunt
627 2612 717 2648 Ruf.
871 2613 917 2649 de
936 2612 1132 2650 Victorino
1158 2614 1194 2650 in
1224 2615 1294 2652 illis
1324 2630 1405 2665 quae
1434 2618 1572 2653 Rufino

173 2676 232 2712 19.
267 2663 444 2711 celerem]
480 2666 572 2700 celer
600 2678 643 2701 ex
674 2665 814 2702 Teren·
870 2666 1106 2703 ascribuntur
1135 2669 1180 2704 (le
1210 2669 1363 2706 comicis
1395 2671 1570 2712 versibus,

115 2715 216 2752 tiano
237 2718 390 2753 Santen.
410 2730 445 2765 p.
466 2729 556 2764 341.
869 2727 907 2756 et
926 2720 1136 2769 exemplum
1166 2721 1228 2766 ita,
1251 2723 1424 2759 Novitate
1446 2726 1573 2759 ductas

166 2769 216 2806 ib.
249 2770 372 2819 Hujus
402 2772 584 2819 repertor]
619 2771 721 2821 Lege
749 2773 815 2807 hu·
872 2785 943 2809 non
962 2778 1003 2808 ut
1022 2775 1150 2810 inscius
1171 2776 1269 2822 legis.
1301 2777 1499 2812 CAMER.

104 2821 170 2867 jus
217 2829 377 2870 repertor
426 2825 622 2871 Hipponax
668 2827 811 2861 (licitur.
923 2825 971 2862 ib.
993 2825 1166 2864 inductus
1186 2829 1386 2878 trochaeus]
1411 2828 1571 2865 inductis

113 2874 299 2912 Trimetro
320 2875 430 2925 igitur
456 2877 617 2913 iambico
637 2886 674 2914 et
703 2891 812 2927 supe·
872 2878 1043 2916 trochaeis
1065 2880 1152 2916 Ruf.

116 2927 190 2964 rius
224 2941 367 2965 rursum
401 2929 494 2967 scito
521 2930 654 2967 adduci
691 2931 813 2968 locum
