1962 3355
327 200 391 257 96
839 201 997 248 Marii
1025 201 1266 249 Victorini
1603 219 1701 249 Lm.
1726 220 1778 250 11.

327 320 455 367 Nam
484 320 584 384 fqui
614 339 697 385 per
731 321 940 384 singulos
972 323 1114 386 pedes
1138 325 1278 370 verba
1303 323 1579 377 terminarit,
1603 324 1690 370 erit
1712 325 1781 370 in-

327 397 522 444 decens:
561 398 696 454 sicut,

393 473 619 536 gPszie,
644 473 808 530 Delie,
835 479 880 520 te
905 473 1017 531 colo,
1038 475 1269 537 prospice,
1290 481 1492 538 votaque
1496 473 1673 538 firma.

273 568 306 600 15
327 550 393 595 At
417 549 453 594 si
480 550 769 596 misceantur
788 549 995 612 syllabae,
1020 550 1107 596 erit
1131 550 1513 597 decentissimus:
1550 560 1618 608 ut,

393 625 465 670 At
487 626 658 689 regina
679 626 825 689 gravi
831 625 1127 688 jamdudum
1151 627 1318 673 saucia
1343 643 1474 672 cara.

271 716 308 746 16
326 698 566 762 hAdaeque
591 701 876 754 observatur,
902 719 962 746 ne
987 701 1150 747 tertius
1179 720 1261 765 pes
1286 703 1482 747 verbum
1510 700 1657 757 finiat,
1681 717 1779 746 ver-

327 792 528 838 sumque
554 793 580 821 a
605 794 653 821 se
677 775 922 821 ididucat:
961 786 1012 822 ut
1037 785 1122 832 est,

396 850 488 896 Cui
511 868 605 897 non
630 851 785 897 dictas
809 850 973 913 Hylas
991 868 1118 913 puer
1144 858 1189 897 et
1213 850 1424 897 Latonia
1451 851 1606 897 Delos
1624 852 1651 896 9

268 950 303 981 ¹7
393 925 540 971 Heroi
573 943 732 971 versus
762 926 918 971 vitiosi
952 926 1200 979 habentur,
1221 926 1300 987 qui
1336 943 1394 971 ex
1432 926 1541 971 solis
1577 925 1775 988 dactylis

325 999 433 1046 kvel
460 1000 540 1062 qui
567 1017 625 1045 ex
651 1000 760 1046 solis
786 1000 1006 1063 spondeis
1031 1009 1266 1053 constant,
1287 1001 1396 1062 quia
1421 1000 1467 1046 in
1494 1001 1666 1047 talibus
1696 1010 1776 1047 aut

268 1098 304 1128 13
325 1076 476 1139 gravis
497 1075 689 1122 tarditas
716 1085 796 1122 aut
820 1076 1040 1122 velocitas
1066 1076 1228 1132 nimia,
1245 1076 1413 1122 vitiosa
1432 1086 1515 1122 est.
1554 1075 1772 1139 Insignes

324 1162 481 1198 autern
504 1152 551 1198 in
570 1152 731 1198 metris
752 1162 862 1198 sunt
881 1161 961 1198 aut
979 1151 1217 1216 dactylici,
1234 1151 1283 1197 in
1303 1169 1397 1215 quo
1416 1152 1626 1215 quinque
1641 1151 1653 1181 ¹
1667 1151 1775 1198 dac-

323 1229 409 1291 tyli
436 1229 606 1274 ultimo
632 1228 841 1292 spondeo
866 1228 1179 1275 clauduntur:
1217 1236 1284 1284 ut,

389 1305 638 1351 Panditur
662 1304 845 1350 interea
870 1305 1034 1351 domas
1058 1304 1391 1367 omnipotentis
1414 1304 1605 1367 olympi.

267 1399 304 1431 19
324 1381 421 1426 Aut
450 1380 810 1438 Π1σπωκὲῗιιι·ι’“ζοντες,
836 1380 881 1426 id
914 1389 998 1436 est,
1024 1399 1132 1427 cum
1171 1381 1218 1427 in
1255 1381 1422 1444 quinta
1458 1389 1505 1427 et
1541 1389 1673 1427 sexta
1708 1397 1778 1426 re-

324 1456 466 1519 gione
489 1474 648 1503 versus
673 1456 817 1520 pedes
841 1456 1037 1520 spondei
1060 1466 1331 1520 ponuntur:
1369 1466 1436 1513 ut,

394 1530 584 1578 Cornua
609 1531 877 1578 velatarum
901 1532 1190 1579 obvertimus
1214 1539 1597 1579 nantemnarum.

268 1626 307 1647 20
325 1608 426 1654 Aut
450 1608 494 1653 in
522 1608 905 1671 monosyllabum
932 1607 1227 1654 desinentes:
1265 1618 1333 1665 ut,

385 1684 651 1745 procumbit
676 1683 807 1730 humi
832 1683 923 1730 bos.

321 1758 420 1805 Aut
444 1767 668 1821 quattuor
692 1760 915 1806 orationis
940 1759 1153 1823 partibus
1179 1759 1507 1806 decurrentes:
1545 1770 1612 1815 ut,

393 1835 588 1881 Cornua
612 1834 883 1882 velatarum
908 1836 1197 1882 obvertimus
1221 1844 1242 1864 ¹¹
1260 1842 1607 1883 antemnarum.

320 1911 420 1956 Aut
443 1911 644 1957 ἀσύνδετοι
670 1921 717 1957 et
742 1912 806 1957 διὰ
825 1912 938 1958 πέντε
959 1930 968 1955 :
1006 1921 1072 1966 ut,

387 1987 665 2033 Formosam
682 1994 853 2049 pastor
882 1986 1105 2051 Corydon
1130 1987 1331 2033 ardebat
1353 1987 1551 2034 Alexin.

265 2079 299 2099 21
387 2063 564 2126 Incipit
589 2073 746 2110 autem
773 2082 933 2110 versus
961 2064 1130 2109 herous
1167 2064 1442 2109 hexameter
1475 2082 1499 2110 a
1523 2063 1775 2110 duodecim

322 2138 530 2201 syllabis,
555 2139 600 2183 in
629 2156 723 2200 quo
747 2156 911 2185 ornnes
939 2138 1136 2202 spondei
1162 2148 1295 2184 sunt:
1335 2149 1401 2195 ut,

387 2213 500 2259 IVon
518 2214 680 2276 phacce
705 2221 881 2276 turpes,
907 2232 1000 2260 non
1024 2222 1291 2262 marcentes
1315 2223 1334 2243 ⁰
1351 2214 1539 2262 balenae..

265 2316 302 2336 22
321 2291 387 2336 Et
412 2291 579 2336 crescit
603 2308 752 2352 usque
786 2291 841 2337 ad
877 2291 1217 2354 septemdecim
1252 2291 1471 2354 syllabas.
1542 2292 1776 2344 Quotiens

322 2376 478 2412 autem
527 2366 743 2428 dactylus
792 2366 987 2421 accedit,
1034 2367 1206 2413 totiens
1254 2367 1434 2429 syllaba
1481 2377 1500 2406 P
1521 2367 1775 2414 adcrescit:

321 2459 436 2504 quas
474 2441 652 2505 species
692 2442 779 2488 sub
822 2442 1053 2505 exemplis
1096 2460 1385 2500 enumerare,
1426 2454 1473 2490 et
1514 2444 1638 2508 apud
1691 2462 1777 2490 nos

322 2517 534 2580 longum,
573 2528 619 2562 et
661 2517 783 2580 apud
833 2517 1041 2564 eruditos
1084 2518 1338 2564 absurdum
1383 2519 1625 2577 habeatur,
1661 2538 1778 2582 quo—

376 2641 486 2692 fqui]
509 2657 544 2691 q.
566 2644 608 2679 P.
764 2651 785 2678 g
804 2644 950 2693 Pythie]
975 2643 1090 2693 phitie
1112 2645 1151 2680 P.
1317 2643 1336 2669 h
1357 2644 1537 2693 Adaeque]
1561 2647 1717 2693 Ataeque
1736 2646 1776 2680 P.

322 2694 333 2721 i
352 2695 529 2743 deducat]
555 2695 706 2733 diducat
725 2697 766 2732 P.
785 2706 822 2732 et
842 2696 892 2733 sic
914 2698 1067 2733 Santen.
1088 2698 1172 2733 Ter.
1192 2697 1315 2733 Maur.
1337 2710 1371 2746 p.
1390 2708 1477 2744 272.
1599 2696 1620 2723 k
1642 2698 1694 2734 vel
1716 2711 1776 2733 so·

323 2749 386 2796 lis]
411 2749 465 2785 vel
485 2748 549 2798 qui
569 2761 612 2785 ex
633 2748 720 2785 solis
740 2750 779 2785 P.
917 2748 929 2775 l
948 2749 1100 2798 dactyli]
1124 2749 1285 2786 dactilici
1303 2750 1342 2785 Ρ.
1467 2757 1498 2776 m
1518 2752 1771 2797 σπονόαῗζοντες]

322 2804 559 2847 σποιδιαζοντες
580 2802 619 2838 Ρ.
777 2809 796 2827 n
818 2803 1083 2850 antennarum]
1105 2811 1363 2839 antemnarum
1384 2803 1422 2839 P.
1579 2809 1596 2829 o
1617 2803 1774 2850 balenae]

324 2854 477 2891 ballenae
500 2855 542 2891 P.
652 2862 671 2889 P
691 2855 886 2902 accrescit]
912 2855 1090 2892 adcrescit
1111 2856 1152 2891 P.
