1962 3355
693 192 1050 234 PRAEFATIO.

1559 197 1601 237 ix

130 294 325 340 titulum
351 294 506 357 operis
531 294 580 340 in
601 312 688 341 ms.
710 296 818 342 Vat.
840 297 904 342 ita
924 297 1206 361 inscriptum
1228 315 1356 353 esse3
1393 301 1597 347 ALT1L11

129 370 237 432 (sic)
275 369 665 417 FORTUNATIANI
703 388 808 419 Ans.

878 372 1067 420 Deinde
1099 374 1148 420 in
1180 375 1276 421 fine
1311 375 1597 437 subjectum,

127 446 518 493 FORTUNATIANI
547 463 636 494 ARS
660 463 910 495 EXPLICIT.

194 533 238 570 5.
278 523 459 569 SERvn
501 532 902 572 ‘’CENTIMETRUM
945 526 1072 590 typis
1121 527 1295 590 saepius
1336 529 1593 591 repetitum

125 607 211 656 est,
235 599 370 661 cujus
396 599 629 645 editiones
665 609 774 663 post
806 601 1070 647 Panzerum
1098 602 1401 665 reliquosque
1426 604 1595 652 biblio-

124 675 332 739 graphos
381 693 661 723 enumerare
709 677 1005 741 supersedeo.

124 750 199 796 hae
224 759 362 798 sunt:

124 827 283 890 (can.)

1078 679 1209 731 Quas
1256 697 1345 742 ego
1394 680 1590 728 adhibui

355 828 534 875 vau
573 828 851 876 HONORATI
885 830 1072 876 libellus
1098 830 1156 877 de
1182 831 1363 878 ultimis
1400 833 1592 896 syllabis

255 912 303 950 et
339 905 691 952 Centimetrutn
734 922 793 951 ex
828 906 1102 952 recensione
1140 907 1386 954 Laurentii
1418 909 1593 956 Abste-

257 981 565 1028 mii—Callii
605 999 731 1028 anno
778 983 940 1029 salutis
984 983 1458 1031 MCCCCLXXVI.
1505 1002 1590 1031 xv.

256 1058 479 1104 Octobris
517 1058 565 1105 in
605 1067 671 1106 40.

257 1142 365 1191 270.

122 1278 147 1293 “
168 1281 247 1310 tum
287 1280 325 1309 et
367 1281 582 1322 poematum
623 1272 824 1308 dicendum

121 1331 147 1346 “
168 1334 367 1376 putarunt:
418 1327 582 1375 primum
622 1325 707 1374 quia
749 1326 826 1362 haec

122 1384 146 1399 “
169 1379 284 1429 magis
301 1379 346 1415 ad
367 1392 562 1415 romanum
585 1379 748 1416 colorem
772 1379 824 1415 vi-

121 1438 146 1453 “
167 1433 303 1469 dentur
336 1432 526 1476 accedere,
561 1431 694 1469 deinde
725 1433 824 1481 quod

121 1491 146 1506 “
166 1499 399 1535 quaecunque
457 1486 612 1522 nomina
658 1485 823 1535 genitivo

121 1539 300 1588 “plurali
344 1539 443 1588 apud
482 1540 634 1575 Graecos
684 1552 748 1587 per
786 1557 824 1575 ων

121 1592 291 1629 “literas
328 1593 511 1629 finiuntur
561 1592 741 1629 translata
785 1592 822 1629 in

118 1650 142 1665 “
162 1646 341 1682 Latinum
369 1663 390 1681 ω
419 1645 457 1681 in
485 1660 505 1682 ιι
532 1654 570 1682 et
589 1663 603 1681 ν
623 1645 659 1682 in
683 1659 718 1681 m
741 1659 821 1682 mu-

119 1703 264 1735 “tatur
294 1707 336 1736 ut
373 1699 566 1735 bectorum
603 1700 820 1736 Nestorum.

117 1756 144 1771 ⁴‘
164 1751 216 1789 sic
236 1765 323 1803 ergo
343 1765 429 1788 cum
454 1751 507 1788 illi
531 1751 658 1789 dicant
678 1753 820 1789 emble-

119 1810 145 1825 “
167 1813 285 1842 matam
338 1813 565 1842 toreumatum
629 1814 822 1855 poematum

119 1862 143 1879 “
163 1872 232 1895 nos
261 1866 360 1895 recte
392 1866 643 1895 toreumatum
678 1859 820 1895 emble-

118 1917 143 1931 “
166 1920 309 1949 matum
339 1912 517 1948 dicemus.
575 1911 756 1948 Similiter
780 1913 818 1947 in

117 1971 143 1985 ⁴‘
158 1964 322 2015 genitivo
336 1977 484 2014 quoque
499 1964 673 2014 singulari
683 1978 705 2001 o
716 1965 819 2001 Grae-

119 2023 143 2038 ‘⁴
163 2031 249 2055 curn
281 2017 318 2053 in
349 2031 370 2054 a
402 2017 581 2054 Latinum
619 2026 818 2054 mutamus.

118 2076 144 2092 ‘⁶
165 2079 207 2107 ut
271 2071 517 2107 emblematos
568 2071 818 2107 emblematis.

117 2123 346 2173 “poematis
383 2123 581 2160 ceromatis
623 2132 819 2173 poematos

116 2177 343 2251 :poematis
381 2185 577 2227 pegmatos
622 2177 818 2227 pegmatis.

131 2236 250 2267 ‘nam
310 2230 581 2267 nominativum
636 2231 818 2281 pluralem

132 2284 295 2321 ‘Graece
351 2283 587 2334 proferimus.
648 2292 821 2334 poemata

132 2344 349 2374 ‘ceromata
375 2345 549 2387 pegmata
568 2338 816 2374 emblemata:

116 2395 140 2410 ‘⁶
160 2399 197 2427 et
217 2390 365 2427 similia.
402 2391 575 2427 Romana
591 2403 676 2428 vero
697 2392 819 2427 nomi-

113 2449 140 2463 “
161 2457 209 2480 na
235 2443 466 2480 nominativo
495 2457 582 2481 casu
613 2444 649 2480 in
681 2458 701 2480 a
731 2457 816 2481 exe..

114 2502 139 2517 “
161 2505 230 2533 unt
261 2505 300 2534 et
333 2497 529 2546 accipiunt.
578 2510 598 2533 a
632 2497 743 2534 Iram.
779 2505 817 2534 et

115 2549 302 2587 “faciunt
336 2550 542 2600 genitivum
577 2559 614 2587 et
651 2550 814 2587 dativum

115 2609 140 2624 ‘⁴
161 2603 403 2654 singularem,
444 2612 484 2640 ut
530 2605 609 2641 haec
650 2604 817 2640 amicitia

114 2660 138 2676 “
158 2657 268 2707 hujus
298 2656 470 2694 amicitiae
501 2657 691 2708 accipiunt
714 2672 749 2693 m
779 2667 817 2695 et

115 2710 303 2747 “faciunt
345 2712 596 2747 accusativum
641 2719 683 2747 ut
720 2712 816 2748 hanc

115 2768 140 2783 “
160 2763 375 2806 amicitiam,
425 2777 585 2813 quorum
634 2764 816 2801 ablativus

114 2819 138 2835 ‘⁴
158 2824 304 2852 tantum
328 2816 553 2866 producitur.
624 2817 814 2857 Quoniam

116 2869 288 2906 “omnia
325 2871 479 2907 nomina
511 2883 597 2920 quae
636 2884 656 2906 a
693 2870 816 2908 littera

114 2925 140 2941 “
162 2923 410 2960 terminantur
440 2937 505 2961 seu
539 2923 718 2975 singulari
751 2937 815 2961 seu

729 1058 853 1105 Vide
892 1059 1090 1106 Panzeri
1129 1060 1338 1107 Annales
1373 1061 1429 1106 T.
1464 1062 1503 1107 I.
1542 1080 1589 1125 p.

437 1134 711 1181 Rarissimae
749 1134 890 1195 liujus
928 1134 1151 1181 editionis
1187 1137 1431 1200 exemplar
1461 1137 1588 1199 quod

884 1276 907 1291 “
929 1272 1062 1321 plurali
1121 1285 1279 1309 numero
1335 1286 1484 1310 necesse
1532 1284 1589 1311 est

883 1329 906 1344 “
927 1325 1178 1374 corripiantur
1223 1334 1380 1375 excepto
1426 1327 1587 1364 ablativo

883 1383 907 1398 ‘⁶
925 1391 1024 1421 casu,
1056 1379 1118 1428 qui
1158 1392 1349 1429 nunquam
1389 1381 1588 1430 corripitur

882 1436 906 1451 “
927 1431 999 1468 nisi
1030 1445 1115 1469 cum
1147 1446 1167 1469 e
1191 1432 1313 1469 littera
1338 1433 1588 1470 terminantur

882 1485 964 1521 “in
996 1485 1142 1522 tertiam
1178 1486 1320 1523 scilicet
1367 1486 1586 1524 declinatio-

882 1544 905 1558 “
929 1551 1027 1575 nem.

918 1598 942 1612 ‘⁶
936 1594 980 1665 Ι
979 1594 1168 1628 alentinus
1187 1594 1299 1629 Catus
1320 1594 1442 1629 lectori
1464 1594 1503 1629 S.
1522 1595 1574 1630 D.

951 1645 1179 1682 ‘Potuisset
1218 1645 1276 1683 hic
1308 1647 1428 1683 Janus
1461 1649 1584 1697 operis

881 1698 1075 1735 “initium
1117 1697 1296 1749 suspicari
1340 1700 1397 1736 vel
1429 1713 1472 1736 ex
1506 1700 1586 1749 ipsa

879 1757 904 1771 “
926 1752 1169 1801 praefatione:
1207 1766 1317 1802 quam
1348 1752 1421 1789 sive
1442 1753 1490 1789 sit
1505 1754 1584 1789 Do-

878 1811 902 1825 “
925 1805 1068 1841 natiani
1089 1805 1164 1842 sive
1185 1805 1234 1842 sit
1254 1805 1378 1842 Atilii:
1413 1806 1584 1843 librarius

877 1863 900 1878 “
922 1858 1054 1895 inscite
1080 1858 1363 1908 transposuerit.
1422 1860 1517 1896 Haec
1546 1868 1583 1896 et

878 1917 902 1931 “
924 1911 996 1948 alia
1029 1912 1142 1962 longe
1172 1912 1278 1961 plura
1312 1911 1510 1948 veniebant
1544 1913 1581 1949 in

876 1969 898 1984 “
922 1973 1099 2001 mentem.
1141 1966 1206 2001 sed
1237 1965 1358 2001 noluit
1388 1965 1426 2001 in
1459 1965 1581 2002 alieno

876 2024 900 2038 “
926 2018 1042 2067 (quod
1064 2018 1125 2054 ille
1145 2018 1253 2063 dicit)
1279 2031 1390 2068 opere
1413 2032 1494 2055 esse
1525 2019 1580 2054 in-

877 2077 900 2091 “
920 2073 1111 2121 geniosus.
1142 2072 1265 2107 officio
1279 2085 1346 2108 suo
1360 2071 1582 2109 satisfecisse

877 2129 900 2144 ‘⁶
922 2132 1044 2160 ratus:
1069 2124 1100 2160 si
1116 2138 1196 2173 quae
1213 2124 1348 2174 privati
1363 2126 1458 2174 juris
1478 2133 1577 2162 erat:

877 2183 901 2197 “
923 2177 957 2213 in
1007 2191 1247 2214 communem
1299 2191 1403 2214 usum
1457 2178 1580 2228 publi-

878 2237 903 2250 “
924 2239 1044 2268 casset
1064 2243 1107 2267 ex
1127 2231 1222 2267 fide:
1256 2239 1294 2267 et
1312 2233 1387 2267 ita:
1421 2240 1462 2268 ut
1482 2233 1580 2268 anti-

877 2289 901 2304 “
921 2283 1099 2333 quissima
1137 2285 1302 2321 habeant
1341 2285 1578 2334 exemplaria.

878 2343 901 2357 “
922 2337 986 2374 Sic
1002 2339 1103 2374 enim
1122 2338 1257 2386 cuique
1271 2338 1462 2387 integrum
1480 2338 1576 2375 fore:

876 2397 900 2411 ‘⁶
923 2391 968 2427 de
984 2391 1028 2427 iis
1046 2398 1086 2427 ut
1101 2391 1189 2427 velit
1205 2391 1426 2427 existimare.
1450 2391 1578 2428 Vale.''

927 2451 942 2470 e
964 2445 1022 2480 Ita
1048 2444 1133 2481 edd.
1159 2445 1222 2480 sed
1258 2445 1423 2487 barbare,
1450 2443 1578 2491 judice

873 2497 1121 2534 Lachmanno
1141 2498 1243 2547 praef.
1270 2499 1423 2534 Terent.
1453 2499 1576 2535 Maur.

871 2565 907 2600 p.
921 2551 990 2587 xiv,
1015 2551 1199 2588 Videatur
1212 2551 1421 2587 Schellerus
1432 2552 1471 2587 in
1481 2552 1577 2587 Lex..

870 2605 930 2640 ico
952 2618 982 2641 v.
1001 2605 1285 2640 CENTIMETER.
1326 2603 1456 2640 Titulo
1476 2613 1578 2641 earet

873 2671 941 2693 ms.
963 2666 1092 2694 noster
1109 2658 1154 2693 B.
1195 2658 1237 2693 In
1260 2657 1317 2693 M.
1335 2657 1470 2694 diserte
1486 2657 1574 2693 scri-

872 2719 978 2760 ptum
1011 2718 1079 2754 est,
1106 2712 1251 2747 MAURI
1282 2724 1415 2747 SERvn
1446 2724 1574 2746 GRAM-

873 2777 1013 2800 MATICI
1037 2777 1087 2800 DE
1111 2777 1277 2801 CENTUM
1298 2777 1460 2800 ME'rms.
1502 2764 1573 2799 Sed

871 2819 1180 2854 CENTIMETRUM
1220 2818 1332 2854 habet
1365 2829 1433 2853 ms.
1468 2816 1571 2852 Leid.

871 2879 941 2907 vet.
958 2879 1054 2908 teste
1074 2871 1256 2921 Catalogo
1276 2884 1310 2920 p.
1329 2870 1418 2918 389,
1441 2882 1475 2904 n.
1495 2879 1557 2916 79.

947 2988 977 3032 b
