1962 3355
334 216 424 263 164
840 216 997 263 ,Μαι-ι’,ἱ
1023 216 1268 263 Victorini
1582 229 1677 259 LlB.
1702 228 1778 259 111.

329 339 459 395 deus,
500 347 665 401 utpote
705 338 886 383 duabus
927 337 1104 400 longis3
1142 336 1297 382 minor
1342 335 1629 398 pariambus,
1669 334 1779 396 quia

293 423 513 463 5constat
550 432 574 459 e
612 414 795 459 duabus
836 414 1094 459 Sbrevibus.
1165 413 1434 458 Commune
1472 410 1563 456 illis
1601 428 1779 456 nomen

329 489 561 552 dactylus,
605 490 669 535 ita
711 490 825 536 alter
861 490 1042 535 ionicus
1083 488 1314 551 incipiens
1357 504 1383 532 a
1425 487 1602 548 majore
1645 495 1780 549 parte

329 565 521 628 dactyli,
546 583 650 628 quae
686 566 826 629 longa
863 575 947 622 est,
973 564 1047 610 ἀπὸ
1083 564 1253 624 μείζονος
1289 562 1476 618 dicitur,
1513 562 1628 607 alter
1664 561 1780 607 inci-

330 640 463 703 piens
489 659 514 686 a
541 642 720 687 minore
755 651 886 704 parte
912 642 1026 703 erS,
1054 641 1144 686 hoc
1180 649 1248 685 est
1278 656 1302 684 a
1327 638 1509 684 duabus
1547 637 1780 695 brevibus,

291 726 311 757 6
329 715 404 761 ἀπὸ
430 718 644 768 ἐλάσσονος
668 725 985 779 nuncupatur.
1050 716 1196 777 Cujus
1221 715 1492 778 exemplum
1522 713 1646 777 apud
1675 714 1780 759 Ho-

329 792 498 837 ratium
544 792 852 855 repperimus,
889 792 968 853 qui
1011 793 1058 837 in
1105 792 1194 837 hoc
1232 807 1402 853 genere
1439 789 1658 836 carminis
1695 789 1781 835 Al-

329 884 478 913 caeum
506 879 694 913 secutus
720 877 803 913 est.
873 868 939 913 Et
963 869 1209 913 Anacreon
1238 866 1426 929 lyriCUS,
1452 876 1497 912 et
1524 865 1779 929 Euripides

328 943 547 1004 tragicus,
572 952 618 987 et
643 943 812 988 comici
838 952 988 1006 poetae
1015 945 1184 1006 reperti
1211 952 1319 988 sunt
1342 942 1429 988 hoc
1454 942 1543 988 tuti
1564 957 1780 995 numero,

327 1018 459 1079 cujus
485 1018 774 1081 exemplum,

459 1094 762 1141 stliserarum
789 1102 858 1141 est
879 1113 1028 1159 neque
1052 1096 1205 1141 amori
1230 1095 1346 1142 dare
1372 1095 1556 1153 ludum,

459 1170 631 1234 [Veqzte
656 1171 785 1217 dulci
807 1172 935 1218 mala
959 1173 1067 1218 vino
1091 1172 1292 1228 ‘'laver-e,
1317 1179 1402 1218 aut
1427 1189 1505 1218 ex-

460 1248 667 1293 animari
691 1254 951 1294 metuentes
968 1255 1157 1310 patruae
1182 1248 1381 1294 verbera
1407 1247 1596 1311 lingzcce.

293 1336 308 1367 7
330 1323 402 1368 Ita
428 1323 549 1368 binae
577 1325 723 1378 bases,
750 1325 840 1371 hoc
866 1334 934 1370 est
959 1326 1121 1370 breves
1148 1342 1200 1370 ac
1224 1325 1377 1387 longoe
1394 1324 1573 1385 junctae
1598 1341 1681 1386 per
1705 1342 1782 1387 sy-

330 1399 552 1462 napliian,
578 1410 629 1446 ut
655 1402 816 1447 Graece
850 1411 1034 1457 vocant,
1058 1418 1142 1447 nos
1179 1418 1262 1463 per
1289 1400 1691 1462 conjunctionem,
1716 1400 1779 1445 al·-

328 1476 470 1521 ternis
494 1477 674 1522 vicibus
699 1477 936 1523 variantur
960 1486 1049 1523 Wac
1074 1486 1371 1540 procurrunt,
1390 1475 1599 1540 spondeo
1619 1486 1778 1522 autem

277 1577 282 1581 ·
327 1551 435 1597 xhjc
470 1569 628 1597 versus
666 1552 914 1609 clauditur,
955 1562 1008 1599 ut
1046 1552 1253 1599 ionicum
1295 1553 1445 1599 decet.
1514 1553 1580 1599 At
1623 1553 1658 1598 si
1701 1552 1780 1598 de-

327 1628 519 1673 traxeris
547 1629 656 1674 huic
679 1630 909 1676 versiculo
933 1630 1144 1693 primum
1171 1629 1484 1692 pariambum,
1509 1629 1555 1675 id
1580 1637 1651 1676 est
1685 1628 1780 1693 pri-

328 1721 427 1749 mas
453 1706 613 1750 breves
639 1705 754 1752 duas
781 1707 1001 1769 syllabaS,
1026 1706 1112 1752 erit
1135 1706 1211 1752 ἀπὸ
1235 1706 1420 1766 μείζονος,
1445 1706 1525 1760 sic,

395 1781 579 1827 Rarum
609 1789 678 1828 est
703 1800 852 1845 neque
875 1783 1026 1829 amori
1050 1783 1168 1829 clare
1193 1783 1358 1829 ludum
1382 1800 1534 1846 neque
1559 1783 1701 1829 dulci.

289 1866 307 1894 8
328 1856 448 1902 Item
500 1857 535 1901 si
579 1857 761 1920 integro
806 1858 958 1904 versui
1005 1857 1120 1903 duas
1169 1859 1332 1921 longas
1380 1859 1619 1920 adjeceris,
1660 1869 1714 1905 ut
1753 1877 1780 1905 ο

327 1949 484 1995 quam,
510 1932 584 1978 ἀπὸ
607 1934 794 1994 μείζονος.
832 1934 1020 1987 Quibus
1047 1934 1281 1998 ademptis
1307 1944 1563 1981 revertetur
1588 1935 1645 1981 ad
1675 1954 1780 1999 spe-

327 2008 444 2054 ciem
485 2026 635 2065 suam,
662 2011 837 2072 fietque
862 2009 937 2056 ἀπὸ
964 2011 1190 2062 ἐλάσσονος.
1244 2011 1321 2056 Sic
1347 2011 1520 2057 variata
1549 2030 1632 2076 per
1655 2012 1780 2058 vices

327 2083 588 2144 adjectione
614 2094 660 2130 et
691 2085 1023 2142 F'detractione,
1050 2104 1143 2132 uno
1167 2086 1432 2149 eodemque
1460 2104 1612 2145 versu,
1636 2088 1778 2134 ionici

289 2180 307 2209 9
327 2158 532 2222 dispares
559 2170 788 2206 creantur.
860 2162 1090 2207 Similiter
1113 2172 1158 2207 et
1184 2162 1386 2208 iambica
1410 2163 1458 2207 in
1483 2164 1778 2210 trochaicum

328 2243 532 2280 metrum
579 2253 662 2298 per
703 2235 976 2296 hujusmodi
1018 2237 1303 2283 commercia
1343 2247 1602 2285 transeunt.
1672 2240 1780 2286 Nec

327 2327 421 2355 non
460 2310 600 2355 etiam
644 2311 810 2357 eadem
859 2312 895 2357 si
943 2314 1026 2358 fiat
1063 2312 1264 2373 adjectio
1302 2314 1358 2359 ad
1400 2314 1778 2362 choriambicum

327 2386 686 2448 transmigraris,
710 2387 869 2448 unasi
896 2405 978 2451 per
1002 2389 1229 2435 circulum
1258 2390 1512 2451 quendam,
1535 2391 1669 2437 factis
1696 2410 1780 2455 per

328 2462 640 2523 adjectionem
679 2472 759 2508 aut
783 2463 1123 2511 detractionem
1161 2475 1418 2511 metrorum
1446 2468 1780 2514 commutatio-

272 2563 308 2583 10
328 2538 478 2584 nibus.
551 2539 788 2585 Ponamns
822 2541 967 2596 enim,
992 2540 1197 2603 exempli
1224 2559 1376 2598 causa,
1401 2543 1775 2591 choriambicum

327 2614 591 2659 trimetrum
633 2615 1079 2678 hypercatalectum,
1113 2636 1206 2663 non
1238 2636 1295 2663 ex
1329 2619 1438 2664 solis
1475 2621 1779 2679 choriambis,

327 2689 405 2734 sed
447 2689 728 2747 admixtum,
766 2701 817 2737 ut
860 2692 918 2738 sit
956 2693 1106 2756 prima
1142 2693 1356 2756 quaedam
1399 2695 1671 2759 conjugatio
1709 2697 1779 2743 di-

381 2812 395 2829 s
418 2805 604 2852 brevibus]
631 2806 749 2855 longis
770 2807 938 2844 brevibus
961 2809 999 2844 P.
1022 2822 1131 2857 supra
1151 2812 1210 2857 qui
1230 2822 1273 2844 ex
1293 2823 1364 2846 em.
1533 2814 1547 2838 t
1568 2812 1619 2848 uti
1639 2827 1714 2849 om.
1737 2815 1776 2849 P.

326 2865 343 2881 Ὺ
364 2857 497 2905 lavere]
523 2858 669 2894 luabere
691 2860 731 2895 P.
870 2867 897 2885 w
917 2862 970 2907 et]
993 2875 1034 2897 ac
1055 2863 1094 2897 Ρ,
1236 2869 1255 2887 x
1276 2862 1334 2898 hic
1355 2866 1497 2913 versus]
1524 2866 1592 2903 hoc
1614 2879 1717 2903 versu
1736 2868 1776 2903 P.

326 2917 344 2944 δ’
365 2911 651 2959 detractatione]
674 2913 904 2949 detractione
924 2915 963 2950 P.
1075 2922 1092 2941 Ζ
1115 2914 1236 2963 quasi]
1260 2914 1305 2967 ᾤ’
1321 2916 1360 2953 Ρ.
