1962 3355
362 178 628 233 Scriptorum
649 177 805 231 aliquot
825 182 1007 215 veterum
1029 175 1352 230 apospasmate'a.
1502 174 1582 214 561

191 287 496 337 Animadverti,
529 287 629 328 vitio
667 286 928 341 glutinatoris
956 286 1042 340 jam
1079 285 1213 340 prisco
1245 295 1427 340 tempore
1463 300 1588 325 mem-

133 355 280 395 branas
301 354 444 395 misere
465 355 653 410 trajectas
681 369 779 400 esse,
803 368 906 408 quas
934 362 1069 393 tamen
1092 352 1200 392 facili
1229 352 1394 408 negotio
1414 352 1454 391 in
1476 352 1586 392 ordi-

133 437 224 462 nem
247 437 368 462 suum
391 422 544 477 redegi,
566 421 775 477 suppetias
795 420 1077 461 adferentibus
1105 420 1300 471 numeris,
1322 435 1426 475 quos
1446 419 1486 459 in
1508 419 1589 459 fine

131 500 288 530 octavae
323 490 542 545 cujuslibet
574 490 736 545 paginae
768 504 914 529 manus
946 489 1118 544 antiqua
1149 487 1434 543 adscripserat.
1508 486 1590 526 His

133 557 330 597 ordinatis
359 556 555 606 intellexi,
586 567 750 598 centum
785 557 1008 612 nonaginta
1042 566 1082 596 et
1114 555 1300 611 quinque
1329 554 1441 603 folia,
1465 564 1590 609 atque

133 623 237 663 adeo
271 625 464 679 majorem
502 635 659 680 partem
693 625 855 676 codicis,
887 624 958 680 qui
996 623 1183 664 ducentis
1223 638 1270 663 ac
1305 621 1592 678 duodeviginti

134 690 295 746 paginis
316 702 553 747 compactus
573 702 647 739 est,
669 692 876 733 vindicare
903 692 978 732 sibi
1001 690 1187 747 Pompeii
1207 690 1463 747 grammatici
1483 705 1592 731 com-

136 759 381 799 mentarium
404 759 443 799 in
468 768 685 815 utramque
710 759 861 800 Donati
883 769 1027 800 artem.

195 826 310 867 Nihil
345 827 443 867 mihi
475 827 525 867 de
560 827 634 868 hoc
666 827 771 868 libro
803 828 1029 876 constabat,
1061 827 1137 867 nisi
1167 826 1279 882 quod
1312 841 1361 865 ex
1399 826 1463 866 Io.
1487 825 1589 867 Alb.

138 894 316 934 Fabricii
338 894 584 936 bibliotheca
609 895 753 936 Latina
773 895 1009 946 didiceram,
1032 894 1269 936 Carrionem
1293 909 1341 934 eo
1362 908 1483 933 usum
1507 908 1592 933 esse

136 962 175 1001 in
207 962 454 1003 bibliotheca
487 963 734 1014 Coloniensi,
768 963 1113 1018 Putschiumque,
1142 977 1272 1016 quum
1306 959 1594 1016 grammaticos

137 1046 231 1070 suos
252 1030 406 1079 ederet,
428 1031 695 1087 apographon
729 1032 817 1086 ejus
847 1031 1000 1071 frustra
1031 1029 1277 1085 quaesivisse.
1338 1028 1434 1068 Veri
1465 1027 1593 1068 simile

137 1098 353 1152 putabam,
377 1098 487 1139 hunc
515 1098 648 1154 ipsum
674 1099 934 1154 Pompeium,
957 1113 1036 1138 non
1061 1099 1247 1147 Festum,
1267 1096 1382 1152 quod
1404 1096 1594 1136 Fabricio

138 1165 179 1206 in
212 1166 489 1222 supplement.
512 1168 565 1207 ad
597 1167 784 1208 biblioth.
811 1168 898 1207 Lat.
923 1166 993 1206 lib.
1014 1166 1092 1206 IV.
1116 1180 1205 1220 cap.
1223 1166 1260 1205 6.
1283 1180 1323 1220 p.
1344 1165 1439 1217 763.
1460 1163 1593 1204 visum

138 1244 212 1283 est,
235 1234 369 1275 dicere
389 1236 426 1275 T
429 1234 671 1275 heodulfum
695 1234 1034 1275 Aurelianensem
1057 1233 1135 1273 hoc
1155 1231 1357 1273 carmine:

305 1305 353 1340 Et
372 1306 475 1340 morlo
498 1306 720 1352 Pompeium,
742 1306 847 1340 modo
869 1309 912 1345 te,
937 1305 1096 1344 Donate,
1120 1303 1287 1349 legebam.

199 1373 294 1421 Quo
323 1379 508 1427 tempore
539 1373 764 1427 Pompeius
798 1371 959 1419 vixerit,
982 1370 1079 1410 nihil
1110 1370 1210 1410 dum
1245 1369 1417 1423 reperio,
1439 1383 1489 1407 ex
1512 1383 1596 1423 quo

139 1438 235 1479 satis
261 1439 475 1479 manifeste
494 1439 682 1494 cognosci
702 1449 842 1494 queat.
904 1439 1143 1487 Varronem,
1169 1439 1389 1485 Caesarem,
1413 1435 1595 1476 Plinium

140 1507 350 1562 majorem,
388 1507 590 1556 Probum,
629 1509 830 1562 Caprum,
863 1507 1037 1555 Jubam,
1072 1505 1388 1553 Terentianum,
1427 1503 1595 1560 Apollo-

140 1574 252 1615 nium
287 1574 636 1625 Alexandrinum,
667 1574 780 1626 alios,
811 1590 860 1615 ex
895 1589 1073 1629 quorum
1108 1573 1267 1629 scriptis
1298 1589 1371 1614 sua
1402 1572 1596 1614 hauserit,

139 1643 313 1683 candide
342 1643 507 1683 laudat:
541 1643 611 1683 sed
643 1643 863 1698 scriptoris,
885 1642 957 1697 qui
988 1641 1189 1682 recentior
1217 1640 1281 1690 sit,
1306 1656 1452 1681 nomen
1473 1641 1513 1680 in
1536 1639 1598 1680 his

141 1725 367 1760 occurrere,
398 1725 478 1750 non
515 1711 694 1751 memini.
757 1713 963 1751 Praeterea
993 1709 1156 1749 odorari
1187 1709 1284 1748 mihi
1322 1708 1478 1757 videor,
1504 1710 1597 1748 Ser-

142 1778 271 1827 vium,
298 1778 484 1832 Sergium
507 1788 546 1818 et
569 1778 891 1826 Cassiodorium,
915 1792 1046 1832 quum
1076 1777 1117 1816 in
1147 1778 1360 1818 Donatum
1394 1791 1599 1817 commen-

144 1854 344 1895 tarentur,
365 1845 513 1886 alicubi
535 1846 585 1886 ad
610 1846 795 1902 Pompeii
811 1855 1087 1886 commentum
1106 1845 1344 1899 respexisse,
1360 1860 1409 1885 ex
1432 1844 1596 1885 eodem—

143 1929 226 1968 que
249 1914 492 1954 Cledonium
516 1929 595 1954 non
619 1913 731 1954 nulla
751 1913 791 1953 in
814 1922 941 1953 artem
965 1927 1078 1952 suam
1101 1911 1317 1952 derivasse.

204 1981 317 2021 Illud
352 1996 502 2036 magno
534 1980 788 2037 grammatici
821 1980 947 2020 nostri
984 1980 1091 2020 malo
1126 1979 1286 2029 accidit,
1318 1979 1432 2035 quod
1468 1978 1599 2019 codex

145 2048 544 2104 Guelpherbytanus
574 2049 785 2090 librarium
816 2048 1034 2103 pessimum
1059 2057 1203 2088 nactus
1223 2057 1297 2095 est,
1317 2047 1436 2101 cujus
1465 2045 1597 2101 impe·-

146 2116 237 2157 ritia
256 2116 403 2156 omissa
430 2126 525 2157 sunt
553 2116 646 2166 alia,
667 2117 746 2157 alia
779 2116 1054 2156 miserandum
1087 2115 1127 2155 in
1161 2114 1328 2155 modum
1360 2114 1598 2169 depravata.

146 2184 310 2225 Mederi
342 2184 509 2240 quidem
546 2184 610 2225 his
639 2184 908 2225 incommodis
942 2183 1073 2224 voluit
1106 2192 1309 2223 corrector
1341 2181 1504 2237 aliquis,
1527 2180 1599 2236 qui

145 2252 276 2292 multa
306 2252 527 2308 supplevit,
549 2253 670 2309 plura
695 2252 893 2293 correxit:
928 2252 997 2292 sed
1026 2251 1204 2307 plurima
1236 2251 1389 2290 intacta
1419 2249 1600 2304 reliquit,

145 2335 218 2361 nec
238 2336 383 2376 pauca,
406 2337 500 2376 quae
521 2330 714 2376 corrupta
735 2330 865 2370 erant,
886 2319 1170 2361 emendatione
1200 2318 1486 2373 intempestiva
1512 2332 1598 2357 ma-

145 2388 208 2443 gis
229 2388 350 2428 etiam
373 2388 582 2443 pervertit.

206 2457 287 2495 Per
317 2455 390 2495 has
426 2455 546 2495 tricas
579 2456 678 2511 quia
713 2456 901 2496 videbam
939 2454 1158 2496 difficulter
1189 2454 1399 2494 enisurum
1437 2468 1536 2502 esse,
1571 2453 1602 2493 si

147 2523 240 2578 quis
273 2522 516 2577 Pompeium
549 2539 570 2563 e
600 2524 738 2564 codice
771 2535 910 2565 nostro
943 2523 1224 2578 descripturus
1253 2531 1372 2571 esset,
1398 2521 1602 2576 optimum

148 2591 302 2630 factum
344 2589 560 2630 credebam
601 2590 761 2645 potiora
795 2600 975 2639 enotare,
1010 2606 1154 2645 eaque,
1192 2588 1386 2642 neglectis
1418 2587 1602 2643 reliquis,

147 2674 242 2713 quae
264 2658 400 2697 minus
433 2656 617 2697 utilitatis
643 2657 836 2697 habitura
858 2658 1108 2706 viderentur,
1130 2657 1170 2697 in
1201 2672 1322 2697 usum
1348 2655 1605 2711 antiquitatis

148 2725 425 2765 studiosorum
458 2723 699 2779 producere.
762 2726 820 2764 Et
841 2725 927 2780 jam
961 2725 1135 2765 feceram
1169 2724 1331 2765 initium
1358 2722 1604 2778 excerpendi

149 2808 210 2842 ea,
231 2807 327 2847 quae
348 2791 448 2831 mihi
469 2791 646 2831 maxime
667 2791 896 2846 placebant,
920 2806 1050 2847 quum
1073 2801 1264 2846 reputare
1292 2804 1451 2829 mecum
1482 2788 1604 2843 coepi,

151 2859 413 2901 temerarium
444 2874 543 2908 esse,
564 2858 817 2914 quicumque
840 2859 914 2899 sibi
936 2859 1196 2914 persuadeat,
1220 2873 1261 2898 se
1280 2857 1320 2897 in
1343 2856 1413 2897 tali
1441 2855 1607 2910 negotio

152 2927 236 2967 sine
257 2941 408 2981 magna
437 2926 659 2966 offensione
691 2926 854 2976 versari,
875 2936 1000 2981 atque
1035 2926 1150 2966 utilia
1180 2925 1232 2965 ab
1264 2923 1478 2964 inutilibus
1511 2921 1609 2963 satis

866 3006 938 3043 40
