1962 3355
307 214 402 252 214
818 206 976 254 Marii
1003 207 1235 254 Victorini
1573 218 1668 249 Lm.
1690 218 1758 248 1v.

306 325 490 373 divulso
514 345 539 372 e
565 327 722 374 medio
746 329 1199 393 versuljamdzcdum.
1263 326 1405 380 Item,

504 402 752 468 Sicfatur·
777 404 1037 451 lacrimans
1060 404 1210 450 mittit
1234 402 1453 448 habenas,

504 481 574 527 Et
598 482 788 528 tandem
814 481 1041 528 Euboicis
1067 480 1249 526 labitur
1273 477 1382 524 oris.

309 567 449 620 Quod
475 568 615 613 etiam
643 567 691 613 in
717 568 856 613 tertio
881 566 1120 613 volumine
1145 565 1346 611 breviter
1371 562 1629 625 attigimus.

229 667 289 688 100
379 643 615 689 Diseussis
647 653 826 707 septem
856 642 1100 706 speciebus
1140 638 1560 702 hendecasyllabis,
1585 636 1761 700 quique

309 736 367 764 ex
392 737 447 764 eo
467 737 548 782 per
567 719 950 780 conjunctionem
981 717 1110 762 heroi
1135 725 1277 778 atque
1296 715 1487 760 iambici
1515 731 1763 777 procrean-

308 803 397 851 tur,
418 804 629 858 superest
646 804 699 841 ut
718 795 775 840 de
790 793 1047 840 WPhalaecii
1068 793 1210 838 etiam
1228 790 1455 854 Sapphici
1474 799 1569 836 tam
1592 806 1762 852 cogna-

307 870 437 915 tione.
462 888 603 931 quam
631 870 904 922 differentia,
930 886 1033 931 quae
1057 867 1233 932 pedum
1260 866 1381 912 inter
1407 884 1454 911 se
1477 873 1764 911 transmuta-

230 969 284 989 101
309 945 435 990 tione
459 945 682 1007 gignitur,
707 963 856 1008 pauca
882 944 1111 990 dicamus.
1182 944 1370 990 Scimus
1408 941 1761 1004 hendecasylla-

308 1023 474 1068 borum
504 1021 682 1084 species
721 1021 958 1083 '‘quidem,
982 1029 1034 1065 ut
1060 1019 1372 1075 ostendimus,
1397 1019 1570 1081 plures,
1594 1033 1763 1080 genera

309 1106 465 1143 autem
494 1114 519 1142 e
544 1097 714 1159 quibus
740 1097 903 1143 eadem
931 1096 1216 1153 derivantur,
1236 1095 1344 1152 duo,
1368 1093 1692 1140 yPhalaecium
1717 1101 1765 1137 et

309 1174 620 1237 Sappliicum,
641 1191 843 1236 quorum
871 1172 1117 1218 zdiscretio
1138 1171 1359 1218 Phalaecii
1385 1171 1489 1233 lege
1514 1187 1567 1216 ac
1587 1169 1764 1215 ratione

232 1271 289 1292 102
310 1249 572 1312 composita
616 1249 702 1294 erit
749 1249 895 1294 atalis.
965 1248 1150 1294 Notum
1194 1258 1264 1294 est
1312 1245 1762 1309 hendecasyllabum

310 1325 597 1371 Phalaecium
637 1324 862 1387 spondeO,
897 1325 1103 1388 dactylo,
1146 1324 1318 1370 dehinc
1360 1323 1510 1369 tribus
1547 1319 1764 1367 trocboeis

311 1403 404 1447 fine
431 1410 565 1446 tenus
596 1400 881 1446 continuatis
907 1401 1138 1455 ordinari;
1175 1401 1334 1462 itaque
1371 1399 1407 1445 si
1440 1417 1464 1445 e
1493 1398 1641 1444 tribus
1673 1405 1767 1442 tro-

311 1477 452 1523 chaeis
480 1494 599 1522 unus
626 1477 886 1522 abstractus
912 1478 1091 1541 primus
1117 1477 1166 1522 in
1193 1494 1325 1522 versu
1351 1484 1569 1539 ponatur,
1593 1473 1767 1519 dehinc

312 1552 563 1615 spondeUS,
589 1552 724 1615 bpost
755 1552 987 1616 dactylus,
1014 1553 1192 1599 ultimis
1224 1553 1408 1598 duobus
1445 1549 1663 1596 trocbaeis
1699 1549 1768 1594 lo-

313 1629 443 1683 catis,
479 1629 620 1674 Chaut
656 1628 813 1691 dispar
851 1647 1008 1674 versus
1047 1630 1134 1674 sub
1170 1629 1301 1692 parili
1340 1629 1443 1690 lege
1473 1624 1767 1681 formabitur,

234 1731 293 1759 103
313 1723 453 1767 quam
476 1705 554 1750 ille
575 1705 841 1767 Sapphicus
859 1705 1135 1768 repperitur.
1171 1705 1300 1750 Nam
1318 1704 1470 1768 prima
1485 1719 1590 1766 pars
1608 1718 1766 1747 versus

313 1780 556 1843 Sapphici,
583 1790 648 1837 ut,

575 1856 693 1902 Jam
717 1858 837 1902 satis
859 1858 1003 1903 ΐεννὶε
1027 1857 1164 1914 nivis,

313 1933 400 1977 sub
438 1932 540 1988 alia,
566 1949 710 1994 quam
749 1950 890 1996 supra
925 1933 1235 1986 ostendimus,
1271 1930 1566 1976 ordinatione
1602 1927 1769 1991 recipit

312 2008 591 2065 trochaeum,
616 2008 930 2071 dspondeum,
957 2008 1197 2073 dactylum
1219 2027 1228 2054 :
1267 2024 1466 2069 sequens
1490 2023 1695 2061 comma,

710 2090 852 2146 atque
877 2083 1008 2141 dirce,

234 2182 296 2210 104
312 2159 429 2205 duos
455 2159 697 2205 trocbaeos.
736 2159 825 2204 Cui
853 2169 949 2205 tam
978 2170 1097 2223 aptae
1123 2178 1176 2205 ac
1203 2158 1462 2204 manifestae
1487 2157 1655 2203 rationi
1679 2174 1769 2202 una

312 2235 563 2281 difficultas
589 2236 803 2289 occurrit,
831 2235 981 2297 equod
1010 2253 1100 2280 non
1129 2251 1315 2297 semper
1339 2234 1385 2279 in
1412 2251 1547 2279 versu
1574 2234 1637 2279 ita
1663 2250 1769 2296 pos-

314 2321 422 2357 sunt
436 2312 576 2357 verba
597 2312 822 2375 copulari,
842 2320 896 2357 ut
915 2312 1124 2356 revulsus
1141 2309 1406 2356 trochaicus
1427 2309 1607 2372 integer
1625 2308 1769 2372 capiti

235 2411 291 2440 105
312 2405 485 2440 versus,
504 2397 556 2433 ut
574 2387 1016 2443 demonstravimus,
1038 2386 1319 2447 fadjiciatur.
1355 2385 1548 2430 Etenim
1572 2385 1769 2431 subhac

316 2464 415 2525 lege
450 2464 633 2509 nullum
663 2482 686 2508 a
714 2463 983 2526 supradicta
1008 2462 1186 2508 ratione
1212 2461 1444 2524 disparem
1474 2462 1768 2525 conprehen-

314 2539 410 2595 das,
435 2539 578 2601 gquin
617 2556 780 2584 omnes
815 2538 1210 2602 hendecasyllabi,
1234 2537 1353 2584 ¹¹sub
1378 2537 1542 2583 ordine
1581 2539 1654 2597 (ut
1689 2536 1767 2598 sit)

366 2743 394 2760 w
415 2736 604 2783 Phalaecii]
631 2736 804 2773 Phallecii
824 2736 865 2771 P.
975 2742 994 2760 x
1011 2735 1181 2783 quidem]
1206 2733 1305 2782 quod
1325 2734 1365 2769 P.
1484 2741 1502 2767 y
1522 2732 1764 2779 Phalaecium]

317 2789 567 2825 Phallechium
591 2790 632 2825 P.
772 2796 789 2814 Ζ
810 2787 1000 2834 discretio]
1026 2787 1198 2823 discretio
1219 2800 1259 2822 ac
1280 2787 1320 2823 P.
1466 2793 1485 2812 a
1505 2786 1604 2832 talis]
1629 2785 1706 2821 alus
1728 2787 1768 2821 P.

315 2839 334 2868 b
357 2843 456 2890 post]
481 2845 514 2891 p'
537 2843 578 2879 Ρ.
720 2849 735 2868 0
757 2843 862 2888 haut]
887 2849 950 2877 aut
971 2842 1008 2876 P.
1033 2842 1095 2889 qui
1117 2853 1213 2882 mox,
1235 2841 1476 2888 repperietur.
1614 2837 1634 2864 d
1653 2852 1767 2888 spon-

314 2895 444 2941 deum]
468 2908 542 2930 oni.
563 2896 602 2931 P.
757 2903 773 2922 e
795 2894 912 2943 quod]
938 2907 1019 2943 quae
1042 2895 1080 2929 P.
1231 2891 1246 2918 f
1264 2891 1475 2941 adjiciatur]
1500 2891 1707 2928 adiciantur
1727 2892 1767 2927 P.

316 2955 336 2981 g
356 2961 439 2984 cuni
458 2947 492 2983 hi
514 2950 663 2996 omnes]
689 2948 845 2998 quinoffi
866 2948 906 2984 P.
1044 2945 1063 2972 h
1084 2955 1124 2982 ut
1143 2945 1206 2991 sit]
1232 2946 1299 2981 sub
1321 2945 1451 2981 ordine
1472 2946 1513 2981 P.
