1962 3355
166 200 265 230 CAP.
290 204 332 231 V.

663 188 730 229 De
750 192 883 228 metro
905 185 1109 227 Iambico.

1533 184 1619 224 543

165 297 234 338 ubi
265 300 411 354 proelia
439 308 726 349 conseruntur,
748 298 878 340 altero
906 297 1109 338 clarorum
1143 295 1358 336 hominum
1382 294 1465 335 vita
1495 304 1621 350 atque

162 365 330 407 fortuna
350 378 370 396 ¹¹
386 383 505 409 scena
524 375 728 424 personat.

788 366 936 420 Atque
962 364 1114 404 idcirco
1143 369 1161 386 ⁰
1177 362 1393 417 utriusque
1413 362 1622 403 contextio
1641 380 1657 401 2

163 434 202 474 in
236 450 375 476 earum
407 450 561 485 rerum,
590 450 686 490 quae
716 443 812 474 sunt
841 432 1047 482 maximae,
1067 429 1328 486 expressione
1357 445 1404 469 ac
1435 429 1620 470 declara-

163 502 272 543 tione
293 512 493 545 versatur.
554 503 720 559 Recipit
740 517 838 543 vero
867 509 1046 541 metrum
1077 498 1299 539 iambicum
1332 497 1620 538 hexametrum
1639 508 1659 538 3

163 570 289 626 pedes
322 571 419 612 hos:
453 572 636 612 iambum
666 571 764 612 locis
793 569 1001 619 omnibus,
1033 566 1271 623 tribrachyn
1302 564 1400 606 locis
1432 564 1622 606 omnibus

164 647 347 693 Ppraeter
381 638 613 689 novissimo,
649 638 884 696 spondium,
921 635 1133 692 dactylum
1167 645 1206 675 et
1237 643 1493 690 anapaestum
1524 632 1622 673 locis

164 715 324 746 tantum
356 706 583 762 inparibus,
613 706 900 764 pyrrhichium
934 705 1023 746 loco
1055 714 1216 745 tantum
1254 702 1415 743 ultimo.
1476 700 1622 757 Hujus

164 773 400 829 exemplum
417 789 426 814 :

541 851 561 878 (1
583 844 654 879 Ibis
676 844 842 879 Liburnis
861 845 955 879 inter
975 844 1053 878 alta
1073 844 1230 878 navium.

165 917 176 933 f
192 912 380 951 Metrum
410 910 631 952 iambicum
663 909 866 951 senarium
896 909 1067 951 colobon
1096 919 1254 950 constat
1276 923 1327 949 ex
1354 907 1532 963 pedibus
1555 921 1622 946 su-
1640 926 1659 954 4

165 1076 208 1111 In
231 1076 391 1125 Guelpli.
413 1075 606 1126 legebatur
621 1077 788 1123 proxima
804 1077 864 1111 (Ie-

152 1130 277 1177 finitz'o
315 1142 402 1165 vera
441 1135 518 1165 est:
567 1130 667 1178 quod
704 1141 751 1165 ne
785 1138 864 1165 tum

164 1182 327 1231 quidem,
350 1183 379 1218 si
399 1196 485 1218 *vera
505 1197 570 1232 pro
589 1196 704 1230 (equa,
721 1195 864 1219 consen-

167 1241 287 1279 tanea,
325 1236 495 1285 accipias,
530 1235 704 1285 praesenti
742 1244 861 1272 struc-

166 1298 257 1326 turae
297 1290 491 1326 verborum
540 1290 630 1326 satis
679 1289 863 1339 congruit.

221 1403 239 1422 n
274 1409 377 1432 scena
422 1397 609 1443 personat]
663 1396 787 1431 Etiam
833 1394 863 1430 si

165 1451 246 1497 quis
267 1450 387 1492 verba,
410 1462 492 1498 quae
513 1448 682 1498 proxime
705 1460 864 1498 praegre-

164 1503 328 1545 (liuntur,
351 1505 426 1539 vita
449 1508 559 1549 atque
574 1502 748 1551 fortuna,
769 1500 863 1538 exis-

165 1555 315 1592 timaret
335 1556 524 1592 auferendi
545 1569 630 1592 casu
647 1554 866 1605 accipienda

164 1623 266 1651 esse3
305 1609 418 1645 nihilo
450 1610 585 1652 minus,
616 1608 702 1658 quia
733 1609 863 1645 eodem

165 1677 251 1699 casu
273 1665 388 1699 altero
402 1666 480 1712 jam
507 1662 718 1706 antecessit,
741 1661 864 1698 Mallii

165 1716 278 1751 dictio
309 1716 345 1752 in
380 1717 521 1752 crimen
555 1714 863 1752 inconcinnitatis

167 1770 380 1805 incurreret
411 1769 634 1805 Necessaria
648 1771 772 1818 itaque
786 1777 864 1804 erat

166 1822 380 1859 emendatio
424 1822 690 1872 elegantissimi
729 1822 863 1858 Ruhn-

166 1875 279 1917 kenii,
321 1889 341 1912 e
380 1875 486 1922 cujus
526 1876 685 1925 epistola
717 1876 865 1925 juvabit

166 1929 405 1978 adscripsisse
440 1930 534 1966 hanc
568 1930 863 1966 adnotationem.

167 1988 193 2002 “
227 1983 446 2031 Legendum
497 1982 661 2019 videtur:
723 1995 863 2018 scenam

162 2042 346 2084 personat.
404 2036 536 2086 Virgil.
569 2038 659 2073 [En.
684 2037 751 2072 VI.
772 2047 862 2083 417.

170 2091 342 2125 Cerberus
363 2091 434 2126 Jeaec
454 2092 577 2137 ingens
598 2091 736 2125 latratu
752 2102 863 2136 regna

167 2143 314 2191 trifauci
336 2144 525 2179 Personat.
584 2143 679 2179 Vide
709 2142 758 2179 ibi
782 2144 865 2179 Ser-

167 2197 278 2232 vium.
318 2197 513 2233 Claudian.
553 2199 590 2232 in
629 2196 786 2244 Eutrop.
811 2197 862 2232 II.

167 2261 257 2297 302.
324 2251 520 2286 Labentem
557 2252 719 2298 patriam
754 2252 866 2286 sacris

165 2304 365 2339 ululatibus
384 2305 478 2351 Atys
507 2305 696 2339 Personat.
753 2302 862 2339 Simi-

166 2356 250 2392 liter
270 2365 539 2393 construuntur
559 2369 726 2392 resonare
738 2365 774 2393 et
794 2359 864 2392 cir-

166 2422 387 2446 cnmsonare.
432 2410 561 2460 virgil.
582 2411 674 2446 AEn.
697 2411 782 2446 VII.
804 2423 816 2446 1
831 2423 863 2448 Ι.

169 2464 282 2497 Dives
301 2465 494 2511 inaccessos
512 2465 573 2499 ubi
597 2465 680 2500 solis
693 2465 781 2512 fllia
808 2465 863 2500 lu-

168 2529 225 2550 cos
263 2517 417 2551 Assicluo
454 2523 597 2552 resonat
635 2524 757 2554 cantu.
802 2517 864 2554 ubi

167 2569 254 2604 vide
291 2570 471 2605 Burman.
511 2570 601 2605 AEn.
638 2572 746 2607 VIII.
770 2581 862 2618 474.

168 2623 266 2657 Hinc
299 2623 457 2658 Rutulus
482 2625 628 2670 premit,
661 2629 697 2659 et
721 2636 862 2660 murum

168 2678 407 2711 circumsonat
445 2678 567 2712 armis.
602 2677 701 2724 quod
740 2678 787 2713 ab
820 2690 864 2714 eo

168 2729 302 2765 sumsit
323 2727 512 2764 Salvianus
533 2728 578 2765 de
598 2729 765 2765 Gubern.
793 2729 864 2766 Dei

171 2784 236 2820 VI.
261 2795 296 2829 p.
320 2794 405 2818 121.
466 2782 786 2818 Circumsonabant
805 2796 866 2818 ar-

168 2839 234 2872 mis
263 2848 383 2871 muros
405 2835 512 2871 Cirta?
536 2840 643 2882 atque
673 2835 867 2883 Carthagi-

169 2892 223 2925 nis
241 2890 366 2936 populi
387 2889 658 2924 barbarorum.’'
708 2889 864 2926 HEUS.

225 2950 243 2968 0
279 2945 461 2989 utriusque
499 2942 692 2989 contextio]
751 2941 865 2980 Paris.

922 1087 993 1110 sec.
1016 1076 1196 1110 connexio.
1255 1072 1406 1122 Reliqui
1436 1072 1511 1109 duo
1537 1086 1621 1109 con-

924 1130 1028 1171 texto,
1065 1128 1164 1163 unde
1197 1127 1266 1163 feci
1299 1128 1488 1169 contextio,
1520 1126 1621 1175 quod

920 1191 1047 1217 tamen
1071 1181 1192 1230 ipsum
1214 1194 1234 1216 a
1255 1180 1388 1216 Mallio
1410 1179 1619 1229 profectum

919 1247 999 1270 esse
1013 1242 1188 1284 praestare
1205 1247 1279 1269 non
1296 1233 1426 1269 ausim.
1463 1233 1619 1270 HEUS.

975 1295 995 1322 P
1024 1293 1158 1335 praeter
1191 1288 1394 1332 novissimo]
1435 1287 1540 1322 Beda
1576 1287 1621 1322 de

923 1342 1050 1377 metris
1088 1354 1122 1389 p.
1157 1350 1271 1387 2379.
1330 1339 1456 1375 Mallii
1494 1339 1620 1375 Theo-

920 1395 1001 1430 dori
1048 1393 1265 1430 testimonio
1315 1406 1400 1428 usus
1452 1392 1579 1429 scribit
1609 1407 1616 1428 :

917 1453 1049 1495 praeter
1085 1448 1325 1482 novissimum.
1383 1447 1479 1482 Cum
1518 1446 1622 1482 Beda

920 1501 1010 1538 facit
1044 1500 1142 1550 prior
1180 1501 1294 1536 Paris.
1351 1499 1455 1535 Nihil
1494 1507 1620 1536 tamen

921 1563 1039 1591 muto.
1090 1553 1193 1590 Solet
1212 1553 1263 1589 ita
1284 1562 1421 1588 noster.
1457 1553 1519 1588 Sic
1539 1565 1618 1602 cap.

923 1608 988 1644 VI.
1014 1620 1046 1643 2.
1111 1607 1328 1653 Tribraclzys
1356 1608 1440 1642 locis
1460 1608 1621 1642 omnibus

917 1667 1052 1710 proeter
1070 1663 1230 1708 septimo,
1248 1662 1410 1707 ponitur.
1443 1660 1600 1696 HEUS.

973 1722 992 1749 q
1018 1715 1087 1749 lbis
1118 1714 1304 1760 Liburnis]
1342 1714 1478 1750 Horat.
1508 1713 1618 1762 epod.

925 1781 956 1804 1.
1003 1767 1157 1803 HEUS.

974 1828 989 1847 ¹·
1011 1822 1171 1856 Metram
1209 1820 1399 1856 iambicum
1436 1821 1619 1856 senorium

921 1875 1084 1920 colobon]
1147 1875 1196 1909 Et
1225 1873 1295 1916 hic,
1317 1881 1354 1910 et
1377 1872 1619 1922 sequentibus

921 1928 1026 1970 locis,
1047 1926 1354 1976 quotiescumque
1380 1926 1532 1963 Mallius
1555 1940 1618 1962 vo-

919 1981 1054 2018 cabulo
1086 1982 1231 2017 colobon
1265 1993 1351 2016 usus
1385 1988 1454 2022 est,
1487 1993 1619 2017 omnes

921 2035 1038 2071 MSS.
1061 2033 1099 2070 in
1127 2038 1204 2084 ejus
1233 2033 1357 2070 locum
1388 2034 1621 2070 substituunt

920 2089 1091 2136 colophon
1106 2104 1119 2131 ,-
1148 2088 1245 2136 quod
1276 2100 1298 2123 a
1326 2089 1458 2123 Graeco
1491 2088 1620 2130 κολοβὸν

921 2150 1043 2178 ortum
1092 2154 1184 2182 esse,
1225 2142 1350 2177 statim
1390 2139 1618 2190 suspicabar,

918 2195 1031 2244 idque
1063 2198 1141 2244 Jam
1182 2202 1274 2236 tum,
1308 2207 1421 2243 quum
1454 2195 1617 2243 primum

920 2249 1091 2285 ederetur
1104 2248 1273 2290 Mallius,
1288 2247 1530 2284 adnotatione
1551 2247 1618 2284 ad-

913 2305 1015 2353 jecta
1048 2302 1235 2351 professus
1268 2314 1362 2338 sum.
1421 2301 1492 2337 Sed
1531 2299 1621 2349 quia

920 2355 1105 2397 videbam,
1135 2354 1230 2391 infra
1259 2368 1298 2392 n.
1328 2355 1364 2391 6.
1391 2354 1428 2391 8.
1454 2366 1515 2391 12.
1537 2366 1618 2403 cap.

920 2409 1011 2445 VII.
1041 2419 1076 2456 7.
1104 2421 1141 2456 9.
1168 2421 1226 2445 10.
1254 2421 1311 2445 11.
1337 2420 1417 2458 cap.
1447 2408 1556 2444 VIII.
1582 2417 1618 2455 7.

919 2471 958 2499 et
985 2475 1066 2512 cap.
1097 2463 1165 2499 IX.
1189 2473 1225 2510 5.
1272 2461 1368 2498 hanc
1400 2474 1526 2498 vocem
1564 2474 1619 2497 re-

920 2529 1076 2559 currere,
1108 2528 1267 2564 eamque
1297 2528 1376 2552 sme
1405 2516 1554 2563 generis
1582 2523 1621 2552 et

920 2583 1026 2606 casus
1046 2569 1203 2606 flexione
1229 2577 1446 2605 constanter
1468 2569 1618 2611 servari,

921 2623 1013 2659 nihil
1033 2623 1230 2659 decernere
1256 2622 1452 2659 audebam.
1507 2622 1618 2671 Mag-

920 2689 1059 2725 nopere
1086 2689 1172 2712 vero
1202 2689 1260 2712 me
1288 2674 1522 2712 confirmavit
1551 2676 1619 2710 hu-

922 2729 1127 2766 manissimi
1149 2728 1365 2765 Ruhnkenii
1395 2728 1465 2765 ista
1487 2727 1619 2764 admo-

923 2783 1030 2819 nitio.
1062 2784 1248 2819 “Colobon
1266 2781 1502 2818 scribendum
1524 2791 1618 2824 esse,

921 2835 1010 2871 satis
1043 2844 1195 2885 apparet
1227 2849 1270 2872 ex
1308 2833 1388 2870 aliis
1419 2834 1617 2870 Gramma—

921 2887 1018 2926 ticis.
1066 2889 1162 2925 Vide
1181 2888 1357 2925 Diomed.
1379 2888 1450 2924 III.
1472 2900 1507 2936 p.
1530 2896 1619 2935 507.

923 2941 1012 2989 508.
1050 2949 1088 2979 et
1126 2954 1216 2990 511.
1291 2941 1388 2977 Mar.
1435 2939 1619 2977 Victorin.
