1962 3355
389 202 482 239 280
941 192 1099 240 *Marii
1122 193 1280 241 Plotii

349 325 369 356 6
666 315 747 361 De
770 316 984 362 trimetro
1010 316 1283 363 catalectico
1307 315 1556 361 trochaico.

463 402 753 450 Trimetrum
778 403 1101 450 catalecticum
1119 404 1174 448 fit
1197 419 1306 448 cum
1331 403 1539 465 quinque
1563 402 1704 467 pedes
1731 405 1824 451 sint

390 480 613 527 trochaici
639 492 685 526 et
710 498 803 527 una
828 481 1021 543 syllaba,
1046 488 1112 532 ut,
1810 482 1813 483 ⁷

615 557 793 598 Faunus
812 557 1023 596 immolare
1043 556 1129 595 sive
1150 555 1267 594 malit
1285 568 1337 595 se.

357 722 372 751 7
711 694 796 739 De
820 694 1032 740 trimetro
1058 693 1331 740 catalectico
1356 693 1500 741 clodo.

466 782 751 829 Trimetrum
776 781 1099 828 catalecticum
1132 781 1313 829 clodum
1346 792 1416 829 est
1450 784 1555 840 tale,
1580 783 1717 846 quale
1753 801 1827 830 su-

390 859 560 922 perius,
587 858 665 904 sed
690 858 954 921 penultima
979 858 1158 922 syllaba
1181 859 1321 922 longa
1344 877 1428 923 pro
1453 860 1593 906 brevi.

652 936 708 980 Οἱ
731 934 804 981 θεοὶ
828 935 905 981 era
929 936 1048 982 λοιπὰ
1070 934 1266 999 Ταντάλῳ
1290 934 1428 988 δόντες.

655 1010 786 1050 Arma
790 1012 923 1065 firte,
945 1012 1037 1052 date
1058 1012 1136 1052 tela
1156 1012 1298 1052 celata.

355 1162 374 1191 8
438 1144 522 1191 De
545 1144 761 1191 trimetro
788 1145 1195 1209 brachycatalecto
1221 1147 1376 1193 chorio
1393 1146 1785 1210 palintroclzaz'co.

467 1238 754 1286 Trimetrum
775 1239 1235 1303 brachycatalectum
1256 1240 1466 1286 colurum
1489 1241 1699 1286 chorium
1722 1239 1830 1302 spa-

394 1315 751 1362 lintroclzaicum
784 1317 850 1374 fit,
875 1334 981 1362 cum
1016 1316 1224 1380 quinque
1260 1316 1401 1381 pedes
1434 1316 1658 1363 trochaici
1694 1316 1830 1362 metri

393 1402 641 1457 ponantur,
666 1392 889 1439 debentes
926 1411 1007 1440 sex
1038 1403 1164 1440 gesse
1200 1404 1251 1440 ut
1284 1394 1342 1440 sit
1377 1394 1644 1441 trimetrum
1681 1403 1832 1440 acata-

395 1470 588 1527 lectum,

675 1534 918 1575 hImmemor
937 1537 1067 1576 struis
1087 1537 1229 1576 domus
1249 1549 1424 1576 severas.

358 1718 377 1748 9
768 1685 852 1731 De
876 1691 1153 1731 tetrametro
1178 1684 1462 1732 catalectico.

469 1773 818 1819 Tetrametrum
844 1773 1170 1820 catalecticum
1195 1773 1480 1820 trochaicum
1505 1774 1558 1818 fit
1592 1788 1699 1818 cum
1731 1788 1834 1834 sep-

397 1860 493 1896 tem
518 1849 660 1914 pedes
685 1849 909 1896 trochaici
936 1849 1073 1896 metri
1098 1858 1338 1914 ponuntur
1361 1858 1408 1896 et
1432 1849 1624 1912 syllaba.

566 1926 665 1967 Non
685 1927 785 1967 ebur
803 1941 875 1968 nec
894 1941 1045 1968 aureas
1066 1927 1200 1968 trabes
1221 1928 1446 1967 Laconicas
1466 1925 1578 1965 milti.

343 2091 380 2112 10
703 2060 787 2107 De
811 2067 1086 2108 tetrametro
1111 2061 1268 2108 coluro
1292 2060 1541 2108 trochaico.

470 2149 821 2195 Tetrametrum
840 2149 1132 2196 trochaicum
1150 2150 1359 2196 colurum
1381 2147 1835 2212 brachycatalectum

400 2226 455 2270 fit
479 2225 566 2270 hoc
593 2224 747 2281 modo,
772 2242 881 2271 cum
921 2235 1100 2288 septem
1139 2226 1281 2289 pedes
1318 2227 1400 2272 soli
1438 2224 1661 2271 trochaici
1699 2223 1833 2269 metri

401 2311 654 2366 ponuntur,
679 2319 788 2347 cum
813 2302 1015 2348 debeant
1039 2303 1150 2366 poni
1178 2312 1297 2349 octo.

570 2390 658 2428 Hic
677 2390 897 2445 superbum
923 2390 1150 2430 Tantalum
1170 2391 1383 2430 convivam
1403 2390 1524 2430 Jovis
1543 2389 1630 2429 alti.

403 2475 518 2521 Ausi
553 2484 662 2520 sunt
685 2473 876 2536 quidam
903 2473 1125 2519 excedere
1153 2483 1422 2521 tetrametra
1452 2473 1690 2520 trochaica
1724 2490 1837 2537 pen-

404 2561 601 2599 tametra
624 2551 773 2597 facere
797 2550 854 2597 de
877 2550 1048 2613 quibus
1072 2568 1154 2614 per
1177 2551 1394 2615 exempla
1417 2560 1684 2597 tractemus.

460 2703 475 2721 e
495 2698 539 2731 τὰ
559 2695 671 2741 λοιπὰ]
695 2695 754 2731 Sic
772 2695 814 2730 L.
834 2694 970 2730 τᾶπωνα
989 2695 1194 2732 Putschius.
1315 2693 1330 2720 f
1347 2694 1691 2744 palintrochaicum]
1714 2706 1783 2741 par
1802 2695 1836 2728 in

408 2750 623 2786 trochaicum
642 2748 687 2784 L.
841 2755 861 2783 g
880 2761 950 2784 esse
969 2761 1043 2784 om.
1065 2748 1109 2785 L.
1270 2747 1290 2774 h
1312 2749 1498 2785 Immemor
1515 2750 1622 2785 struis
1640 2747 1777 2794 domos]
1803 2748 1837 2781 in

408 2805 557 2839 mortuis
575 2804 694 2839 domos
712 2801 756 2837 L.
