1962 3355
565 523 1005 597 AMARI]
1097 522 1501 585 PLOTII

845 697 1293 737 SACERDOTIS

782 852 901 903 DE
969 852 1353 904 METRIS.

873 1024 1260 1050 —Q—

927 1154 1204 1220 Prajftttio.

338 1231 650 1306 MARIUS
688 1259 867 1333 Plotius
893 1259 1118 1305 Sacerdos
1148 1259 1395 1323 composui
1424 1259 1593 1305 Romae
1619 1259 1792 1305 docens

337 1336 395 1382 de
423 1336 598 1382 metris.

405 1414 566 1465 Quum
606 1411 665 1457 de
704 1411 930 1457 institutis
970 1412 1079 1457 artis
1119 1412 1440 1475 grammaticae
1477 1411 1631 1475 primo
1672 1411 1793 1456 libro

339 1508 416 1535 me
452 1489 722 1535 tractavisse
764 1488 1098 1552 bcomperisset
1137 1488 1206 1534 vir
1242 1488 1528 1534 clarissimus
1568 1488 1793 1542 Uranius‚

339 1584 426 1613 nec
451 1566 491 1611 ei
519 1565 850 1629 displicuisset,
870 1565 940 1610 vel
968 1564 1094 1627 quod
1131 1582 1224 1610 non
1258 1565 1458 1610 absurde
1484 1564 1793 1627 compositus,

338 1644 407 1688 vel
438 1641 562 1705 quod
592 1642 646 1688 ad
680 1642 779 1703 ejus
811 1642 962 1687 filium
989 1642 1048 1688 V.
1066 1643 1117 1688 C.
1147 1641 1261 1687 mihi
1290 1641 1695 1696 contubernalem,
1720 1648 1793 1685 cet

337 1729 474 1765 aetate
512 1737 632 1783 pene
669 1718 931 1779 studiisque
966 1717 1275 1778 conjunctum
1316 1717 1554 1763 Gaianum
1592 1715 1792 1779 scriptus

337 1804 474 1852 esset,
513 1795 745 1857 compulit
784 1804 834 1840 ut
870 1795 1011 1840 etiam
1056 1794 1114 1839 de
1157 1794 1406 1839 nominum
1446 1794 1793 1854 verborumque

336 1873 532 1928 ratione,
560 1889 645 1917 nec
671 1889 763 1917 non
790 1870 960 1917 detiam
989 1870 1046 1916 de
1072 1879 1413 1916 structurarum
1436 1868 1794 1933 compositioni-

301 1980 315 2000 2
338 1949 424 1994 bus
450 1947 772 2011 exprimendis
806 1947 1007 1993 breviter
1041 1948 1317 1993 laborarem.
1389 1945 1536 2007 Cujus
1573 1953 1796 2008 praestan-

335 2025 505 2071 tissimi
545 2025 627 2070 viri
663 2024 959 2085 jussionibus
996 2024 1146 2069 libens
1184 2023 1382 2069 arbitror
1423 2023 1544 2068 libro
1587 2021 1795 2067 secundo

337 2119 421 2147 nos
447 2100 791 2164 explicabiliter
814 2100 1045 2154 obedisse,
1072 2117 1199 2145 nunc
1224 2100 1269 2144 in
1299 2099 1388 2145 boc
1413 2099 1509 2145 sive
1533 2099 1672 2144 tertio
1698 2097 1794 2144 sive

338 2177 594 2223 novissimo
626 2177 797 2222 artium
832 2177 965 2232 libro,
993 2178 1050 2221 ab
1076 2175 1242 2221 codem
1281 2193 1470 2220 summo
1503 2175 1603 2221 viro
1639 2183 1795 2220 ecom-

339 2253 589 2299 mendatus
614 2252 747 2298 vobis
774 2252 881 2298 viris
909 2251 1227 2315 alnplissimiS‚
1252 2251 1511 2296 nobilitatis
1546 2250 1793 2314 splendore

336 2329 533 2393 praedito
560 2328 795 2384 Maximo,
820 2338 867 2374 et
891 2328 1020 2373 omni
1047 2327 1186 2373 laude
1211 2326 1499 2390 praedicabili
1529 2326 1793 2390 Simplicio,

337 2423 539 2467 quorum
567 2414 614 2450 et
639 2404 695 2450 ad
718 2421 835 2466 quos
858 2404 974 2449 seria
1000 2421 1092 2448 non
1120 2403 1207 2448 nisi
1233 2402 1290 2448 de
1316 2402 1481 2448 litteris
1502 2412 1794 2459 exercentur,

338 2481 562 2544 quoniam
582 2481 749 2541 jubere
774 2480 952 2543 dignati
981 2479 1106 2535 estis,
1129 2496 1204 2524 me
1229 2496 1364 2542 posse
1384 2478 1442 2525 de
1469 2479 1790 2542 metrisxetiam

393 2698 411 2717 a
430 2690 587 2727 MARII
609 2689 785 2726 PLOTII
809 2689 1138 2725 SACERDOTIS
1160 2689 1232 2723 DE
1255 2689 1474 2735 ME'sRlS]
1501 2689 1559 2725 lta
1580 2689 1664 2725 MS.
1688 2688 1792 2725 Leid.

338 2744 463 2793 Vulgo
484 2743 642 2779 MARII
677 2742 853 2777 PLOTII
880 2742 952 2777 AD
974 2742 1245 2777 MAXIMUM
1276 2742 1342 2777 ET
1373 2742 1692 2778 SIMPLICIUM
1714 2742 1792 2778 CL.

339 2788 449 2833 vv.
481 2797 554 2832 DF,
583 2796 784 2831 METms
812 2795 988 2830 LIBER.
1151 2792 1433 2843 1›‹·0mperisset
1457 2795 1506 2830 vir
1526 2795 1632 2840 elan]
1666 2795 1727 2830 Sic
1746 2795 1792 2830 L.

340 2849 535 2887 Pulschius
556 2851 794 2896 comperissem
818 2854 851 2883 et
875 2850 927 2883 rii·
947 2849 1033 2882 clar.
1196 2855 1210 2873 c
1231 2856 1267 2884 et
1287 2849 1412 2895 aetate]
1439 2848 1499 2884 Sic
1521 2848 1566 2884 L.
1597 2848 1793 2883 Putschius

339 2918 414 2940 om.
436 2909 481 2939 et.
600 2902 615 2924 ¹¹
636 2915 710 2937 non
733 2901 843 2936 etiam
866 2901 927 2946 de]
953 2900 1012 2936 Sic
1034 2901 1077 2936 L.
1110 2901 1303 2937 Putscliius
1324 2914 1397 2937 om.
1420 2904 1543 2937 etiam.
1652 2908 1667 2926 e
1688 2914 1792 2937 com-

341 2956 551 3001 mendatos]
578 2954 635 2991 Si<-
657 2955 700 2990 L.
734 2954 930 2990 Pursehius
952 2955 1224 2990 commendatus.
