1962 3355
135 251 241 281 CAP.
268 245 339 281 12.
499 235 580 281 De
603 235 821 281 trimetro
844 250 985 281 versu
1009 234 1221 281 iambico.
1495 245 1578 293 171

134 356 400 402 trochaicus
426 365 724 403 tetrametrus
751 355 1052 401 catalecticus
1080 355 1321 402 efficietur.
1392 357 1585 420 Septem

134 432 262 478 enim
288 433 505 479 trochaeis
530 432 736 479 decursis
762 432 940 478 extima
965 433 1163 478 omnino
1188 432 1340 478 versui
1376 442 1589 495 superest

135 506 316 569 syllaba
341 525 423 570 per
447 506 759 568 adjectionem
793 507 1121 569 amphimacri.
1193 508 1257 553 At
1283 507 1319 553 si
1345 525 1429 570 per
1453 507 1587 571 dipo-
1607 516 1627 547 6

133 582 260 628 diam
311 584 532 629 scandere
578 584 793 638 volueris,
835 584 923 630 erit
970 584 1094 630 idem
1145 585 1412 631 trochaicus
1461 594 1589 631 cata-

134 660 345 716 lecticus,
370 660 766 707 concludentibus
791 678 976 706 versum
1013 660 1111 722 ejus
1147 661 1477 724 amphimacro
1515 662 1588 706 vel

133 736 338 799 dactylo,
410 737 589 783 Contra
621 738 655 783 si
695 737 932 801 spondeus
958 738 1148 795 cretico,
1175 748 1227 784 ut
1251 738 1438 784 iambus
1464 746 1588 783 ntro-

133 812 282 868 chaeo,
300 813 622 871 subnectatur,
647 814 722 860 cui
749 814 915 877 prima,
935 823 988 860 ut
1015 814 1227 877 superius
1254 814 1518 869 docuimus,
1541 815 1587 860 in

133 888 348 934 iambicis
375 889 506 935 sedes
532 899 615 946 est,
645 891 854 953 (semper
873 890 1026 936 Oenim
1054 900 1238 936 remoto
1259 891 1588 955 amphimacro

132 965 341 1027 primum
367 967 559 1012 tertium
588 977 634 1012 et
659 966 879 1028 quintum
908 966 1090 1012 obtinet
1117 967 1309 1026 locum,)
1343 966 1482 1012 series
1509 967 1589 1012 illa

132 1041 191 1087 de
217 1059 309 1104 qua
336 1060 476 1105 supra
500 1043 710 1089 diximus
736 1042 926 1089 trochaei
957 1043 1233 1089 mutabitur.
1291 1043 1420 1088 Nam
1448 1043 1588 1106 longa
1610 1066 1625 1098 7

133 1117 293 1163 cretici
320 1118 470 1173 tertia,
497 1119 751 1180 conjuncta
775 1119 861 1164 sibi
897 1128 1122 1180 sequente
1159 1119 1314 1181 longa,
1339 1118 1590 1174 trochaeos,

132 1202 185 1239 ut
232 1211 371 1256 supra
417 1194 727 1249 ostendimus,
763 1211 846 1256 per
892 1194 1105 1240 ordinem
1154 1195 1219 1240 ire
1262 1212 1353 1239 non
1398 1195 1590 1258 patitur,

133 1269 344 1332 spondeo
364 1270 542 1316 scilicet
562 1270 918 1325 interveniente,
936 1270 1015 1331 qui
1035 1271 1241 1317 iambico
1262 1289 1395 1317 versu
1413 1271 1588 1335 dispari

132 1346 237 1392 loco
262 1347 307 1392 in
334 1347 608 1393 Ptrochaico
634 1347 731 1411 pari
758 1347 964 1410 ponitur.

198 1423 323 1469 Sane
358 1425 630 1470 memineris
668 1424 882 1486 quinque
919 1424 1124 1486 syllabas
1162 1425 1324 1470 breves
1354 1424 1401 1470 in
1429 1425 1628 1486 hujus-8

134 1499 260 1545 modi
295 1517 431 1547 versu
463 1519 600 1564 posse
636 1519 721 1564 pro
756 1518 853 1546 uno
889 1500 1063 1547 cretico
1101 1500 1228 1563 poni,
1259 1500 1340 1547 scd
1374 1518 1476 1547 raro
1512 1500 1590 1546 ad-

132 1576 345 1623 modum.
420 1579 475 1624 In
503 1578 697 1625 comicis
724 1587 883 1624 autem
911 1595 1006 1623 non
1033 1577 1308 1634 succedunt,
1335 1595 1422 1624 nec
1446 1595 1591 1641 copu-

132 1654 289 1701 lantur
304 1655 497 1718 syllabae
513 1656 866 1718 insequentium
889 1654 1064 1718 pedum
1087 1655 1340 1718 prioribus,
1357 1664 1410 1700 ut
1426 1672 1586 1718 supra:

133 1748 220 1777 nec
246 1741 490 1778 mutantur
510 1732 651 1795 pedes
672 1733 718 1777 in
737 1731 916 1794 tragico
935 1730 1179 1793 quadrato,
1196 1730 1301 1776 ideo
1320 1731 1445 1793 quod
1464 1739 1586 1777 ‘lnon

133 1807 373 1871 sesquipes
394 1809 580 1870 aliquis,
595 1808 639 1854 id
657 1818 727 1854 est
743 1807 1346 1871 trisyllabuS,anteponitur
1361 1808 1589 1865 trimetro,

132 1884 212 1946 qui
233 1885 485 1930 conturbet
500 1885 730 1938 ordinem,
752 1893 804 1929 ut
820 1901 959 1946 supra
975 1883 1287 1939 ostendimus,
1300 1883 1477 1945 quique
1496 1901 1589 1929 ses-

132 1960 300 2023 quipes
326 1969 573 2024 rappareat
602 1961 863 2024 superfluus
890 1969 998 2022 post
1024 1959 1290 2005 trimetrum
1319 1960 1366 2005 in
1401 1960 1587 2006 ultimo.

133 2036 301 2098 Itaque
328 2046 378 2082 ut
394 2054 553 2083 versus
578 2037 783 2099 tragicus
806 2036 1097 2098 Santeposito
1123 2036 1401 2099 sesquipede
1425 2054 1482 2082 ex
1508 2038 1589 2083 tri·
1607 2056 1626 2087 9

132 2122 284 2158 metro
310 2114 362 2158 fit
389 2121 704 2170 tetrametrus,
729 2113 794 2158 ita
818 2112 1029 2158 comicus
1056 2113 1273 2175 apposito
1306 2113 1589 2176 sesquipede

132 2189 178 2235 in
207 2189 373 2235 ultima
393 2189 502 2235 sede
526 2206 688 2234 versus
708 2188 924 2250 tadaeque
949 2188 1190 2234 trimetrus
1210 2187 1429 2235 reddetur
1447 2199 1589 2236 tetra-

133 2275 326 2322 metrus,
351 2275 403 2312 ut

171 2342 227 2389 Si
250 2343 358 2406 quis
374 2358 468 2404 per
490 2359 647 2388 omnes
671 2341 787 2388 milei
811 2342 921 2388 deos
929 2341 1074 2405 juret
1094 2348 1285 2403 patrem
1314 2342 1588 2388 Lachetem.

130 2420 189 2466 In
226 2419 317 2466 hoc
354 2427 513 2466 autem
549 2437 686 2465 versu
726 2436 810 2482 per
846 2417 1158 2480 adjectionem
1204 2436 1298 2464 non
1344 2427 1589 2464 mutantur

130 2495 290 2558 pedes,
313 2504 367 2542 ut
392 2496 438 2542 in
464 2496 657 2560 tragico,
683 2495 793 2559 quia
818 2495 1062 2559 sesquipes
1089 2495 1268 2542 ultimae
1296 2496 1416 2560 parti
1445 2495 1587 2556 junc-

130 2581 222 2628 tus,
256 2590 410 2636 neque
450 2582 502 2619 ut
539 2573 777 2636 superiore
819 2582 971 2618 metro
1008 2573 1288 2636 permixtus,
1324 2572 1585 2619 clausulam

184 2757 204 2776 n
225 2751 406 2798 trochaeo]
431 2750 603 2787 trocheus
623 2750 664 2786 P.
688 2750 722 2785 h.
746 2764 776 2786 v.
797 2749 997 2786 delendum
1019 2749 1174 2786 videtur.
1259 2757 1277 2776 0
1298 2749 1396 2786 enim
1420 2750 1580 2796 remota]

129 2803 223 2839 nihil
245 2812 388 2840 remoto
408 2805 447 2840 P.
612 2810 631 2838 Ρ
652 2804 857 2850 trochaico]
882 2804 1032 2839 trocheo
1056 2803 1100 2839 P.
1240 2811 1259 2837 (1
1280 2817 1355 2839 non
1377 2802 1583 2851 sesquipes]

130 2856 371 2907 nossequipes
391 2858 432 2893 P.
586 2865 600 2884 r
620 2858 811 2906 appareat]
836 2865 989 2906 apparet
1009 2857 1048 2893 P.
1197 2863 1212 2882 ⁵
1231 2855 1458 2906 anteposito]
1482 2863 1584 2892 ante-

129 2918 185 2948 pos

130 2952 254 2989 subito
275 2953 315 2989 P.
425 2952 440 2978 t
459 2953 627 3002 adaeque]
651 2961 761 3002 atque
782 2952 827 2989 P.

819 3031 845 3060 Z
873 3026 899 3061 2
