1962 3355
135 223 242 255 CAP.
265 218 335 254 ll.
499 208 583 254 De
601 206 860 271 generibus
883 211 1140 251 metrorum
1166 204 1249 266 850.
1495 203 1583 262 167

230 374 363 426 CAP.
389 374 487 426 XI.
551 375 636 426 De
654 373 943 443 generibus
969 381 1260 424 metrorum
1286 390 1402 441 quse
1422 373 1486 423 ab

588 457 824 508 [ambico
841 458 1137 526 prqflmmt.

197 555 415 603 Decurso
451 555 642 618 dactylo
677 563 818 617 atque
850 554 922 600 his
959 571 1065 616 quae
1102 570 1159 599 ex
1198 570 1254 598 eo
1293 563 1588 615 generantur,

132 633 447 680 celeberrimis
472 632 722 678 dumtaxat
755 631 933 685 metris,
960 629 1133 691 quibus
1159 637 1204 674 et
1232 629 1390 691 magni
1429 638 1589 675 aucto—

131 726 202 754 res
238 709 433 754 nomina
468 707 713 764 dederunt,
746 716 793 753 et
827 706 1029 752 illustres
1066 714 1216 768 poetae
1248 705 1318 750 usi
1353 714 1462 751 sunt
1498 705 1588 750 fre-

131 793 344 847 quenter,
382 784 647 830 adoriemur
683 783 914 839 iambum,
949 782 1282 845 principalium
1327 792 1585 828 metrorum

133 860 412 915 secundum,
438 869 489 906 ut
514 860 578 905 ita
603 859 820 917 dixerim,
844 859 1041 915 fontem,
1067 868 1332 905 consortem
1366 859 1435 905 sui
1469 869 1588 906 tem-

129 936 255 1000 poris
283 954 336 982 ac
361 937 558 991 socium,
581 954 605 981 e
630 954 725 998 quo
750 936 863 998 quid
901 936 1043 981 solers
1081 935 1329 981 doctorum
1355 935 1586 982 industria

130 1030 214 1075 per
239 1011 553 1073 adjectionem
587 1030 667 1058 seu
699 1012 1038 1058 detractionem
1068 1020 1147 1057 aut
1172 1011 1587 1057 concinnationem

132 1096 448 1152 qconceptum
489 1089 703 1146 ediderit,
735 1089 848 1152 quid
883 1088 1173 1134 eruditorum
1211 1088 1394 1149 judicio
1430 1106 1589 1151 recep-

130 1174 234 1211 tum
274 1165 321 1210 in
364 1166 637 1228 exemplum
682 1164 944 1227 disciplinae
982 1163 1180 1226 posteris
1220 1163 1467 1210 l”traditum
1513 1164 1587 1217 sit,

131 1249 273 1304 prout
296 1250 458 1303 potero
482 1258 506 1286 e
536 1240 774 1304 Spluribus
810 1258 959 1304 pauca
984 1240 1404 1303 comprehendam,
1431 1241 1589 1304 profu-

131 1326 235 1363 tura
261 1317 441 1364 scilicet
465 1316 725 1380 cognitioni
751 1326 831 1363 aut
864 1316 1124 1363 intellectui
1152 1333 1330 1373 eorum,
1354 1334 1459 1379 quae
1484 1317 1588 1379 quis

132 1403 213 1439 aut
254 1411 414 1440 eruere.
460 1402 513 1439 ut
558 1393 710 1457 prisca
758 1409 815 1438 ex
856 1393 1124 1448 reconditis,
1166 1404 1246 1439 aut
1286 1409 1342 1438 ex
1382 1411 1503 1439 nova
1541 1411 1588 1439 re

130 1470 447 1533 temptaverit.

196 1547 424 1593 Diximus
475 1547 593 1609 jam,
646 1564 755 1593 cum
812 1546 1077 1610 specialiter
1127 1547 1421 1610 singulorum
1470 1565 1589 1611 prae-
1609 1569 1625 1590 2

131 1633 270 1687 cepta
304 1623 610 1680 traderemus,
642 1623 854 1669 iambum
896 1622 1107 1686 tdactylo
1143 1632 1238 1669 tam
1281 1623 1457 1687 pedum
1502 1642 1589 1670 nu-

133 1718 262 1747 mero
284 1718 428 1763 quam
452 1700 754 1765 percussione
780 1718 1052 1763 congruere.
1111 1700 1239 1746 Nam
1268 1710 1319 1746 ut
1345 1700 1478 1746 illum
1507 1719 1588 1747 sex

130 1778 306 1841 pedum
341 1795 479 1824 cursu
513 1778 863 1833 hexametrum,
896 1777 961 1823 ita
993 1778 1122 1823 hunc
1153 1794 1343 1838 quoque
1380 1777 1441 1822 ob
1474 1794 1588 1822 eun-

132 1854 238 1900 den}
278 1854 453 1917 pedum
494 1872 745 1900 numerum
787 1853 1020 1899 senarium
1062 1853 1283 1916 appellari
1323 1852 1588 1908 voluerunt,

132 1948 273 1993 quem
296 1940 343 1976 et
367 1930 651 1985 trimetrum,
672 1947 779 1975 nam
799 1929 978 1991 jugatis
1003 1946 1086 1992 per
1110 1928 1333 1991 dipodian
1360 1929 1482 1974 binis
1510 1947 1590 1992 pe-

132 2007 270 2053 dibus
295 2016 365 2052 ter
384 2006 560 2053 feritur.
607 2006 738 2052 Huic
758 2014 910 2069 poetae
929 2014 1120 2068 propter
1138 2004 1506 2050 contractionem
1531 2004 1587 2051 ad
1606 2024 1623 2052 3

133 2084 408 2130 brevitatem
437 2082 551 2144 erS,
574 2086 786 2144 (Vutpotc
812 2082 859 2126 in
885 2081 971 2126 tria
997 2089 1212 2143 tempora
1228 2081 1437 2136 coartati,
1462 2081 1589 2126 ideo-

131 2179 223 2224 que
247 2178 399 2224 pauca
420 2158 693 2213 admodum,
713 2176 817 2220 quae
842 2158 941 2219 ejus
962 2157 1101 2202 metri
1122 2157 1417 2219 temporibus
1437 2165 1467 2185 w
1478 2173 1589 2202 con-

131 2246 368 2301 gruerent,
385 2238 523 2283 verba
541 2235 848 2296 admittenti,)
863 2252 958 2297 quo
974 2235 1113 2280 latius
1130 2234 1428 2298 panderetur,
1448 2252 1588 2298 spon-

131 2315 291 2371 deum,
316 2313 578 2377 dactylum,
603 2321 648 2358 et
673 2321 966 2374 anapaestum
1009 2311 1316 2365 miscuerunt,
1340 2310 1589 2357 dumtaxat

132 2391 305 2454 dispari
341 2390 460 2450 loco,
486 2389 531 2435 id
558 2398 627 2435 est
652 2388 822 2452 primo,
847 2387 1000 2445 tertio,
1025 2397 1072 2433 et
1097 2387 1282 2450 quinto,
1314 2405 1473 2450 parem
1509 2404 1589 2432 au-

131 2476 229 2513 tem
267 2466 427 2512 sedem
460 2466 673 2511 iambum
712 2481 897 2526 semper
931 2473 985 2509 ut
1020 2464 1107 2509 sibi
1137 2463 1342 2510 dicatam
1377 2463 1588 2509 obtinere

132 2543 396 2589 voluerunt.
465 2540 557 2587 Sed
596 2541 686 2586 boc
711 2540 757 2586 in
785 2540 973 2603 tragicis
999 2549 1045 2586 et
1069 2540 1262 2587 comicis
1294 2539 1469 2595 metris,
1494 2556 1588 2602 quo
1606 2555 1626 2583 4

132 2619 226 2665 sint
251 2618 519 2682 ampliores.
571 2617 700 2662 Nam
728 2617 994 2663 iamborum
1023 2617 1286 2680 scriptoreS,
1311 2616 1483 2678 quibus
1513 2633 1587 2662 ce-

133 2696 214 2741 leri
253 2712 387 2741 versu
423 2711 542 2757 opus
575 2702 661 2749 est,
686 2693 781 2739 fere
817 2711 899 2756 per
926 2693 1069 2757 pedes
1105 2693 1288 2739 iambos
1324 2692 1586 2756 provolant.

186 2806 206 2833 q
234 2797 407 2844 ediderit]
436 2806 658 2846 conceptum
690 2797 846 2835 ediderit
873 2799 915 2835 P.
1081 2804 1092 2819 ¹
1124 2796 1321 2844 traditum]
1349 2795 1525 2833 traditura
1547 2799 1586 2833 P.

134 2859 148 2878 S
169 2852 349 2901 pluribus]
374 2851 539 2901 pluribus
560 2864 677 2900 pauca
697 2851 736 2886 P.
846 2851 861 2877 t
881 2851 1079 2902 dactylico]
1103 2851 1240 2887 dactilo
1262 2851 1303 2887 P.
1400 2856 1418 2874 V
1436 2852 1583 2897 utpote]

697 2900 724 2926 el

134 2946 176 2973 ut
196 2946 283 2986 pute
303 2938 346 2974 P.
368 2937 430 2986 qui
453 2951 549 2981 mox,
572 2944 740 2973 coartari.
838 2945 865 2963 W
885 2938 1151 2988 congruerent]
1175 2951 1256 2986 quae
1276 2942 1524 2984 congruerent
1544 2935 1584 2970 P.
