1962 3355
303 207 398 256 246
861 207 1018 254 Marii
1040 207 1197 254 Plotii

244 414 280 445 19
722 396 806 442 De
822 396 1025 457 pedibus
1050 395 1331 457 compositis.

367 472 621 536 Simplices
658 472 801 535 igitur
823 471 965 535 pedes
1003 480 1112 516 sunt
1136 470 1403 516 duodecim.
1465 470 1622 517 Ceteri
1648 489 1757 518 vero

300 566 464 595 omnes
490 548 742 611 compositi
781 557 904 603 sunt,
929 564 984 592 ex
1019 545 1261 608 disyllabis
1287 545 1478 607 quidem
1507 563 1614 604 XVI,
1641 565 1757 609 quo-

299 626 427 671 niam
477 634 701 688 quattuor
748 623 967 687 syllabaS‚
1006 621 1211 667 sedecim
1260 622 1502 668 schemata
1551 622 1753 669 habent:

298 720 499 765 quorum
526 702 719 748 nomina
745 700 870 746 unde
895 699 1100 745 derivata
1127 699 1220 744 sint
1244 698 1513 744 doceamus.

240 802 280 824 20
363 778 830 826 Proceleusmatieus
855 776 1007 822 dictus
1045 786 1130 831 est,
1156 774 1281 837 quod
1319 774 1486 820 choros
1518 775 1757 821 concitan-

297 865 382 912 tes,
409 864 462 900 ut
486 855 681 900 celerius
714 853 1012 898 saltationem
1041 851 1330 897 celebrarent
1366 850 1488 897 inter
1513 869 1574 905 se,
1602 851 1757 898 horta-

298 933 483 984 bantur,
509 939 556 975 ct
582 929 785 975 hortatio
811 929 976 974 Graece
1002 929 1186 979 κέλευσις
1212 936 1524 991 nuncupatur.

238 1032 272 1053 21
365 1006 671 1069 Dispondeus
706 1004 893 1061 dicitur,
920 1003 1046 1066 quod
1073 1022 1131 1050 ex
1157 1004 1342 1050 duobus
1380 1003 1600 1067 spondeis
1625 1022 1757 1050 com-

297 1084 503 1147 ponitur.

238 1178 274 1199 22
367 1159 697 1215 Clam-iambus,
738 1157 960 1220 quoniam
1006 1175 1061 1204 ex
1103 1157 1325 1214 trochaeo,
1366 1156 1447 1219 qui
1486 1165 1533 1202 et
1568 1156 1756 1203 chorius

295 1236 480 1293 dicitur,
505 1245 551 1282 et
576 1236 736 1281 iambo
761 1243 958 1281 constat.

237 1333 274 1362 23
361 1313 695 1374 Antispastus,
720 1312 945 1372 quoniam
977 1328 1033 1356 ex
1073 1319 1270 1371 utraque
1307 1319 1438 1373 parte
1475 1328 1501 1355 a
1537 1310 1755 1355 brevibus

296 1388 560 1444 revellatur,
585 1387 711 1450 quod
739 1387 890 1433 Graeci
918 1388 1112 1432 ἀντισπᾶν
1138 1385 1315 1432 dicunt.

237 1489 276 1518 24
365 1464 686 1517 Ditroclzseus,
714 1463 840 1525 quod
867 1480 925 1509 ex
951 1463 1135 1509 duobus
1160 1462 1378 1508 trochaeis
1404 1464 1646 1525 figuretur,
1673 1480 1757 1508 no-

297 1559 405 1587 men
434 1541 628 1604 accepit.

239 1644 275 1674 25
363 1617 639 1672 DiiczmbuS,
665 1625 773 1661 ante
810 1614 893 1661 kse
930 1614 1070 1678 positi
1101 1614 1232 1678 pedis
1269 1614 1450 1661 ratione
1482 1615 1636 1662 dictus
1670 1627 1756 1672 est,

297 1694 424 1757 quod
450 1694 634 1740 duobus
662 1693 829 1738 iambis
857 1702 1086 1737 tencatur.

364 1771 532 1825 Ιοηὶεἰ,
557 1770 635 1832 qui
665 1779 773 1814 sunt
792 1768 901 1825 duo,
927 1769 985 1814 ab
1012 1768 1128 1814 Ione
1153 1768 1396 1813 inventore
1423 1785 1508 1813 suo
1533 1767 1662 1813 dicti.

239 1862 279 1894 26
365 1847 572 1909 Epitriti
615 1856 840 1907 quattuor
887 1856 1010 1900 sunt,
1058 1844 1163 1890 ideo
1213 1844 1302 1889 hoc
1362 1844 1555 1889 nomine
1604 1845 1755 1890 vocati

299 1924 424 1986 quod
452 1923 507 1969 ad
534 1932 626 1968 tres
653 1923 817 1967 breves
843 1938 935 1966 una
963 1920 1104 1984 longa
1129 1920 1267 1965 variis
1293 1920 1474 1966 vicibus
1500 1930 1727 1966 teneatur.

369 2000 563 2047 Paeones
611 2009 679 2045 tot
717 2009 827 2044 sunt
866 2016 1063 2044 numero
1105 2008 1221 2060 quot
1267 1997 1428 2043 letiam
1473 1997 1693 2061 Epit1·iti;
1732 2015 1756 2043 a

300 2078 471 2124 Paeone
496 2087 634 2141 poeta
661 2093 837 2120 nomen
864 2074 1068 2120 inditum
1095 2073 1464 2137 mpossederunt.

242 2171 280 2201 28
366 2154 592 2214 Quinque
629 2152 915 2215 syllabarum
954 2150 1096 2214 pedes
1133 2168 1190 2196 cx
1217 2150 1460 2213 disyllabis
1485 2159 1532 2196 et
1555 2150 1757 2212 trisylla-

300 2230 388 2284 bis,
424 2229 495 2275 vel
533 2238 696 2274 contra
731 2226 983 2290 compositi
1023 2235 1147 2283 sunt,
1180 2244 1377 2272 numero
1418 2226 1610 2289 triginta
1648 2226 1757 2282 duo,

299 2305 525 2368 quoniam
566 2304 777 2365 quinque
825 2303 1019 2365 syllabae
1066 2317 1218 2348 XXXII
1262 2302 1503 2347 schemata
1552 2302 1756 2348 habent:

300 2399 393 2443 qua
433 2381 612 2426 ratione
650 2380 794 2425 etiam
832 2388 1036 2424 metrum
1079 2378 1338 2434 heroicum,
1379 2377 1506 2440 quod
1544 2378 1757 2441 quinque

299 2457 498 2521 pedibus
525 2455 742 2510 variatur,
767 2470 919 2500 XXXII
947 2454 1189 2501 schemata
1217 2454 1373 2499 habet.

242 2554 280 2586 29
367 2534 459 2579 Sex
497 2533 785 2596 syllabarum
825 2530 966 2594 pedes
1004 2539 1114 2576 sunt
1149 2547 1348 2575 numero
1382 2529 1624 2593 sexaginta
1651 2540 1758 2587 tres,

300 2609 526 2672 quoniam
555 2625 635 2654 sex
664 2607 855 2670 syllabae
882 2606 1125 2652 schemata
1152 2606 1330 2653 habent
1359 2606 1574 2652 totidem.
1646 2607 1757 2653 Hoc

299 2695 457 2731 tamen
485 2684 600 2729 scire
626 2683 870 2736 debemus,
896 2682 1022 2744 quod
1049 2682 1260 2745 quinque
1297 2683 1585 2746 syllabarum
1612 2683 1755 2746 pedes

298 2771 345 2807 et
369 2778 450 2806 sex
483 2761 528 2805 in
563 2769 714 2805 metro
739 2758 930 2821 reperiri
969 2768 1181 2820 possunt,
1207 2770 1254 2804 et
1279 2759 1489 2805 maxime
1515 2760 1564 2805 in
1591 2759 1757 2805 choro—

241 2027 279 2057 27

350 2936 370 2963 k
390 2950 437 2985 ‘se
464 2936 590 2986 positi]
620 2936 727 2982 positi
751 2947 825 2970 om.
845 2933 1056 2970 Pntschius.
1230 2932 1241 2960 l
1265 2942 1357 2983 quot
1384 2935 1515 2982 etiarn]
1545 2936 1651 2972 etiam
1678 2949 1753 2972 om.

297 2990 505 3027 Putschius.
618 2996 646 3014 m
670 2987 934 3037 possederunt]
958 2992 1154 3034 posuerunt
1176 2987 1221 3023 L.
