1962 3355
115 197 224 228 CAP.
250 191 292 226 4.
593 179 677 224 De
705 178 1083 242 Orthograplzia.
1507 189 1556 225 ll

113 301 330 356 eoetz'mus,
355 301 563 357 intimus,
587 300 838 355 mawimus,
866 300 1104 356 minimus,
1128 299 1391 356 vmmihus,
1427 309 1566 362 Wpre-

113 377 250 430 cium,
274 376 471 437 Sonipes,
496 393 580 439 per
602 377 621 422 i
643 393 783 438 quam
811 393 895 439 per
918 393 964 421 u.
1035 375 1154 428 Quae
1181 392 1317 422 voces
1347 393 1374 421 z
1401 375 1565 421 litterae
1589 400 1627 432 19

112 469 279 498 sonum
318 452 532 514 exigunt,
556 470 631 498 eas
668 469 751 516 per
782 469 810 498 z
842 452 941 497 sine
973 451 1069 497 ulla
1092 451 1389 498 haesitatione
1425 451 1568 497 debe-

113 545 218 574 mus
255 527 471 585 seribere,
497 537 544 574 et
567 545 671 590 quae
707 545 791 590 per
818 545 869 590 y,
904 527 1076 590 potius,
1106 526 1228 573 sicut
1252 527 1401 590 exigit
1436 527 1568 584 ratio,

113 620 197 667 per
213 621 250 667 y
274 620 416 665 quam
443 621 526 667 per
560 621 606 657 u,
631 614 698 660 ut,
723 602 991 666 Eutychus,
1015 600 1194 666 Hylas.
1253 603 1570 666 xDegressus

115 687 274 725 autem
299 697 382 743 per
408 696 446 735 e,
470 697 612 741 quam
639 697 722 743 per
746 680 777 725 i.
838 679 1066 742 Degredz'
1089 678 1215 724 enim
1243 695 1301 724 ex
1332 678 1570 742 superiore

113 756 218 801 loco
264 754 572 801 descendere:
618 756 808 818 digredi
853 772 910 801 ex
959 755 1118 817 aliquo
1165 755 1271 800 loco
1317 754 1569 800 discedere.

113 831 278 879 Nostri
305 832 465 878 Latini
491 849 602 878 cum
627 832 793 878 litteris
821 840 1079 888 uterentur,
1099 848 1214 892 quas
1246 849 1270 876 a
1291 830 1472 878 Graecis
1499 849 1573 877 ac·
1594 858 1633 880 20

114 907 1182 971 ceperant,abcdeilslmnopqrst,
1218 916 1264 953 et
1302 907 1457 954 Graeci
1492 925 1574 954 vo-

115 984 237 1030 cales
274 984 502 1030 haberent
537 984 754 1040 totidem,
778 993 895 1046 quot
920 993 967 1029 et
991 1001 1090 1039 nOS,
1121 1000 1150 1029 a
1175 1000 1198 1029 e
1223 983 1241 1028 i
1264 1000 1289 1029 ο
1313 1001 1359 1037 u,
1387 987 1516 1044 (nani
1549 1006 1574 1040 η

116 1070 163 1106 et
187 1082 213 1106 ω
237 1069 402 1124 postea
427 1069 537 1106 sunt
562 1061 621 1106 ab
648 1060 720 1106 his
753 1061 984 1123 repertae‚)
1011 1067 1066 1105 -Ve
1089 1068 1135 1104 et
1159 1059 1177 1104 i
1201 1076 1226 1105 o
1251 1068 1405 1105 ternas
1433 1059 1575 1105 habe-

116 1137 230 1182 bant
255 1135 379 1198 apud
400 1153 477 1181 eos
504 1144 775 1198 potestates,
794 1145 847 1181 ut
867 1152 891 1180 e
909 1143 1030 1180 esset
1050 1135 1188 1180 breve
1207 1143 1254 1179 et
1272 1134 1574 1197 productum,

116 1212 134 1257 ἱ
168 1220 325 1257 autem
365 1212 558 1274 longum
598 1210 954 1272 quodammodo
991 1219 1141 1266 sonat,
1178 1226 1288 1256 curn
1332 1219 1379 1255 et
1413 1227 1436 1255 e
1473 1219 1520 1255 et
1560 1211 1632 1258 i21

107 1287 331 1349 junctum
371 1296 454 1333 est.
522 1289 589 1333 Et
633 1305 659 1333 ο
696 1287 912 1333 similiter
947 1304 1042 1350 quo
1078 1304 1284 1348 quecum
1322 1296 1445 1332 esset
1487 1285 1574 1351 [22']

116 1366 269 1418 breve,
295 1374 342 1410 et
366 1364 492 1410 idem
526 1364 698 1410 faceret
735 1365 926 1427 longam
965 1365 1215 1428 syllabam,
1250 1373 1475 1428 praeterea
1499 1380 1578 1409 ex-

116 1440 342 1504 primeret
365 1458 547 1497 vocem,
572 1458 715 1502 quarn
744 1441 868 1504 apud
895 1458 973 1486 eos
1004 1458 1087 1504 per
1112 1463 1127 1487 ο
1153 1449 1200 1486 et
1225 1463 1244 1486 υ
1270 1440 1489 1486 scribitur
1523 1461 1577 1495 ov,

119 1516 186 1562 sic
223 1516 346 1580 apud
375 1534 458 1562 nos
483 1534 673 1579 quoque
710 1534 733 1563 ε
768 1526 815 1563 et
842 1534 868 1563 o
905 1516 1102 1563 totidem
1142 1525 1398 1581 potestates
1436 1516 1580 1562 habe-

119 1592 253 1650 bunt,
278 1602 324 1639 et
349 1593 538 1639 easdem
559 1610 676 1655 quas
702 1593 826 1657 apud
847 1593 1052 1640 Graecos.
1093 1592 1248 1639 Graeci
1273 1592 1316 1638 in
1339 1609 1447 1638 casu
1472 1591 1580 1638 ada-
1601 1619 1638 1640 22

118 1668 214 1714 tivo
252 1679 347 1714 tam
390 1670 441 1727 ι>η
482 1670 665 1727 litterae,
699 1687 841 1732 quam
874 1691 916 1724 ω,
951 1669 1234 1731 adjiciebant
1266 1690 1277 1714 ι
1307 1668 1474 1730 juxta:
1514 1668 1580 1714 ita

118 1745 281 1802 nostri,
305 1755 358 1792 ut
383 1756 575 1810 apparet
601 1764 660 1793 ex
698 1746 825 1792 libris
862 1745 1067 1808 antiquis
1092 1744 1326 1791 foederum
1354 1754 1401 1790 et
1425 1761 1481 1790 ex
1517 1745 1580 1790 le-

53 1846 60 1852 ·
118 1838 249 1884 gum,
275 1822 354 1883 qui
392 1822 504 1868 cetsi
541 1822 777 1885 frequenti
812 1822 1176 1885 transcriptione
1213 1820 1388 1883 aliquid
1428 1830 1582 1865 muta-

118 1907 246 1952 runt,
271 1907 430 1944 tamen
458 1899 662 1944 retinent
697 1898 1056 1961 antiquitatem:
1094 1914 1202 1943 nam
1237 1914 1262 1942 ο
1298 1914 1392 1942 uon
1423 1896 1577 1941 solum

118 1992 205 2038 pro
232 1975 358 2020 brevi
385 1984 432 2020 et
463 1993 547 2038 pro
572 1974 756 2037 dlonga,
789 1974 867 2020 sed
893 1982 967 2019 eet
992 1991 1076 2036 pro
1100 1990 1133 2018 u
1158 1972 1288 2036 poni,
1316 1981 1367 2017 ut
1391 1989 1475 2035 pro
1494 1988 1580 2033 po-

111 2050 275 2112 pulus,
309 2050 393 2096 fibi
424 2051 659 2114 popolus:
693 2062 739 2097 et
775 2051 887 2097 gubi
918 2049 1180 2112 piaculum,
1215 2049 1279 2094 ibi
1306 2046 1577 2110 piacolum:

120 2128 185 2172 sic
225 2136 273 2173 et
313 2145 399 2191 pro
440 2128 551 2174 huic
594 2128 698 2174 lzoic
716 2147 730 2174 :
769 2145 852 2190 pro
874 2124 1042 2191 fimus
1082 2124 1295 2190 hjbnus:
1332 2125 1446 2170 item
1492 2123 1580 2169 alia

121 2203 284 2249 multa.
354 2203 496 2267 Apud
525 2205 716 2250 Graecos
753 2212 910 2249 autem
949 2201 1093 2248 fuisse
1130 2200 1460 2262 iconjunctum
1487 2201 1504 2246 ἰ
1534 2210 1579 2246 et
1602 2231 1638 2260 23

119 2297 145 2326 ο
177 2297 271 2326 non
306 2279 487 2326 dubito.
538 2280 588 2326 E
610 2289 769 2326 autem
795 2279 996 2325 duarum
1023 2278 1207 2324 obtinet
1230 2278 1401 2335 vicem,
1428 2277 1579 2323 brevis

173 2395 192 2414 V
212 2388 401 2435 manibus]
425 2387 570 2424 manius
591 2390 633 2425 P.
744 2395 772 2414 W
791 2388 974 2438 precium]
1000 2386 1173 2437 praecium
1196 2389 1236 2423 P.
1333 2393 1353 2412 Χ
1372 2386 1581 2435 Degressus

119 2441 262 2488 autem]
282 2441 489 2491 Degressus
506 2442 546 2477 P.
631 2449 650 2476 y
667 2449 704 2477 et
723 2443 753 2489 o]
774 2450 812 2477 et
831 2459 840 2477 ι
861 2458 873 2477 ο
895 2443 934 2477 Ρ.
1020 2448 1037 2467 z
1062 2454 1174 2477 unum
1194 2439 1361 2486 brevem]
1384 2456 1393 2474 ι
1414 2440 1521 2474 breve
1539 2440 1579 2475 P.

121 2507 152 2530 v.
171 2493 267 2530 infra
287 2506 350 2541 31.
437 2501 456 2520 a
476 2494 615 2541 dativo]
638 2507 723 2531 casu
745 2494 868 2531 dativo
889 2495 929 2531 P.
1022 2492 1042 2520 b
1062 2495 1150 2541 η-ω]
1174 2507 1245 2530 e-o
1267 2493 1306 2528 P.
1402 2499 1418 2518 c
1437 2491 1582 2528 etiamsi

119 2547 180 2594 ex]
205 2548 275 2583 etsi
294 2548 335 2584 P.
447 2545 466 2572 d
485 2547 613 2597 longa]
637 2561 702 2596 pro
723 2548 834 2597 longa
854 2548 893 2583 P.
1004 2555 1021 2574 Θ
1042 2547 1172 2592 etiam]
1196 2555 1233 2583 et
1257 2547 1297 2583 P.
1378 2543 1425 2584 uf
1444 2545 1493 2581 ibi
1515 2557 1580 2593 po-

120 2600 227 2650 polus
245 2615 251 2635 :
286 2609 323 2636 et
343 2600 422 2647 ubi]
447 2599 526 2636 rubi
550 2600 709 2649 populos
730 2601 810 2637 robi
832 2602 870 2636 P.
1041 2606 1061 2634 g
1082 2599 1133 2636 ibi
1153 2599 1358 2648 piacolum]
1383 2599 1433 2634 ibi
1455 2597 1580 2646 piaco-

120 2654 195 2689 lom
218 2654 259 2690 P.
370 2651 389 2678 h
411 2653 539 2701 sonus]
566 2653 674 2690 fonos
695 2654 734 2689 P.
845 2652 854 2678 i
875 2653 932 2689 cio
953 2653 1057 2700 cum]
1082 2651 1324 2699 conjunctum
1347 2652 1386 2688 P.

177 2750 224 2773 20
255 2751 275 2785 q
296 2750 314 2772 r
332 2750 348 2773 s
365 2737 396 2783 t]
426 2750 446 2784 q
467 2737 579 2774 deleri
604 2746 641 2775 et
661 2751 684 2774 u
705 2746 790 2788 post
810 2744 823 2774 t
880 2737 973 2775 Crit.
989 2737 1427 2788 p.130.Taylor.Marm.
1445 2734 1579 2771 SandV.

120 2789 208 2827 addi
241 2790 386 2827 censuit
420 2790 583 2827 Vossius.
643 2792 717 2828 Sed
750 2791 821 2828 vid.
880 2805 916 2841 p.
938 2792 974 2827 6.

120 2844 207 2879 infr.
232 2844 292 2880 28.
937 2856 982 2892 23
1006 2843 1064 2881 cio
1084 2845 1188 2891 cum]
1213 2841 1469 2879 Divinandum
1492 2838 1579 2888 quid

175 2895 224 2933 ib.
254 2913 268 2933 ε
288 2905 326 2933 et
345 2897 375 2944 o]
408 2896 493 2934 Vid.
514 2897 680 2935 Dawesii
708 2896 820 2935 Misc.
879 2905 1008 2935 auctor
1027 2896 1088 2934 hic
1107 2896 1233 2933 voluit.
1265 2894 1439 2931 COMM.

805 2976 832 3006 C
860 2972 886 3007 2
