1962 3355
346 327 360 357 7

384 200 411 235 4
893 185 1049 231 Marii
1075 184 1130 231 V
1129 183 1320 229 iotario&
1674 197 1770 228 ΜΒ.
1795 197 1827 227 1.

384 310 577 355 faciunt.
626 308 746 353 Sunt
769 315 924 352 autem
954 304 1178 367 quinque,
1203 320 1231 348 α
1257 320 1280 348 e
1306 303 1322 347 ἰ
1345 319 1369 348 ο
1394 319 1440 347 u.
1495 302 1681 348 Harum
1707 302 1828 360 duae,

382 386 400 431 i
423 394 470 431 et
493 402 540 439 u,
564 392 808 430 transeunt
832 382 878 427 in
904 379 1263 426 consonantium
1291 386 1589 440 potestatem,
1614 396 1722 424 cum
1749 387 1831 424 aut

384 464 499 524 ipsae
526 461 646 506 inter
671 478 718 505 se
743 454 1169 521 geminantur‚¹'aut
1193 471 1305 499 cum
1332 453 1432 498 aliis
1457 454 1696 500 vocalibus
1717 455 1830 516 jun-

343 553 362 582 8
383 546 572 599 guntur,
599 545 649 582 ut
666 535 816 588 szo,
840 540 986 580 vates.
1028 530 1402 578 Con-sonantium
1427 546 1534 575 vero
1558 539 1627 575 est
1651 530 1829 593 speeies

342 1009 360 1037 0

325 1238 361 1257 10

326 1544 356 1563 11

326 2454 360 2481 14

382 612 584 674 duplex:
621 621 730 656 sunt
752 610 876 655 enim
912 609 1012 654 aliae
1049 606 1366 661 semivocales,
1392 605 1492 651 aliae
1529 615 1687 652 mutae.
1747 605 1831 652 Se-

383 687 635 734 mivocales
659 696 768 731 sunt
792 703 896 748 quae
921 701 1003 748 per
1027 701 1075 729 se
1094 681 1282 744 quidem
1311 681 1623 745 proferuntur,
1643 681 1721 727 sed
1747 699 1832 744 pei·

384 782 431 809 se
458 764 685 825 syllabam
714 780 807 807 non
833 761 1038 807 faciunt:
1078 768 1186 805 sunt
1213 767 1371 804 autem
1396 775 1594 804 numero
1619 768 1829 821 septem:

364 836 449 901 fl
470 855 513 883 m
539 855 569 882 n
594 854 620 882 r
642 854 666 882 S
688 852 734 880 x.
803 836 878 881 Ex
912 835 981 880 his
1018 852 1111 880 una
1147 833 1323 897 duplex
1359 833 1528 890 littera,
1551 851 1607 880 x:
1645 842 1831 880 constat

383 913 508 957 enim
536 921 617 956 aut
642 928 700 956 ex
721 928 758 973 g
781 920 826 955 et
851 927 887 966 s,
915 920 965 955 ut
990 927 1077 956 rex
1094 910 1255 973 regis3
1284 920 1364 955 aut
1388 917 1471 955 cex
1498 927 1521 956 c
1545 920 1591 956 et
1615 927 1652 963 S,
1674 918 1724 955 ut
1742 910 1829 971 pix

375 988 522 1049 picis:
560 986 759 1047 ideoque
781 985 880 1031 baee
905 986 1058 1031 littera
1078 1004 1103 1031 a
1122 985 1406 1048 quibusdam
1426 995 1638 1048 negatur.
1676 985 1830 1032 Mutae

382 1071 490 1107 sunt
515 1071 671 1106 autem
698 1077 802 1122 quae
827 1078 980 1123 neque
1004 1079 1087 1124 per
1111 1079 1158 1106 se
1185 1061 1375 1124 proferri
1402 1071 1613 1124 possunt,
1638 1079 1724 1107 nec
1748 1078 1832 1124 per

382 1156 428 1183 se
465 1136 693 1199 syllabam
731 1135 934 1182 faciunt:
975 1146 1088 1182 sunt
1123 1147 1280 1183 autem
1318 1155 1518 1183 numero
1544 1156 1729 1194 novem,
1756 1138 1781 1184 b
1807 1155 1831 1184 c

382 1214 466 1276 (lg
491 1213 520 1258 lz
545 1213 626 1274 kp
651 1229 678 1275 q
704 1219 736 1258 t.
808 1212 885 1258 Ex
922 1213 994 1259 his
1032 1231 1329 1276 supervacuae
1355 1213 1638 1274 quibusdam
1665 1213 1831 1259 viden-

380 1299 455 1334 tur
491 1289 519 1334 li·
542 1298 587 1334 et
612 1306 656 1350 q,
683 1287 793 1349 quia
818 1306 841 1334 c
878 1289 1033 1335 littera
1059 1289 1223 1336 harum
1262 1290 1416 1336 locum
1444 1289 1592 1352 possit
1616 1289 1827 1352 implere.

382 1364 442 1409 H
461 1381 649 1426 quoque
674 1362 1030 1427 dadspirationis
1056 1376 1234 1422 notam,
1255 1384 1347 1411 non
1373 1366 1576 1412 litteram
1598 1366 1830 1412 eaestima-

382 1459 512 1494 mus3
543 1458 578 1503 y
604 1450 650 1486 et
675 1457 701 1485 z
727 1450 918 1504 propter
944 1442 1110 1488 Graeca
1135 1443 1327 1488 nomina
1353 1442 1662 1488 admittimus.

445 1517 625 1562 Littera
650 1527 720 1562 est
746 1517 968 1564 humanae
995 1519 1121 1565 vocis
1146 1537 1266 1582 pars.
1303 1519 1495 1564 Litterae
1517 1518 1746 1564 Romanae
1771 1517 1828 1564 ad

380 1594 692 1639 imitationem
723 1595 993 1640 Graecarum
1018 1595 1184 1641 factae:
1218 1613 1362 1640 novas
1382 1595 1522 1640 etiam
1554 1594 1744 1651 habent,
1761 1603 1829 1648 ut,

379 1670 405 1715 lz
433 1688 460 1732 q
486 1687 516 1715 u
535 1690 548 1715 :
583 1670 694 1716 item
724 1672 979 1734 superfluas
1004 1671 1231 1733 quasdam
1251 1671 1472 1717 videntur
1493 1671 1706 1726 retinere,
1731 1687 1764 1716 a:
1783 1679 1831 1716 et

379 1747 408 1792 If
443 1756 488 1791 et
524 1764 581 1809 q.-
619 1764 728 1791 nam
765 1764 801 1809 y
835 1755 881 1792 et
923 1764 951 1793 z
989 1757 1179 1811 propter
1215 1748 1381 1793 Graeca
1422 1747 1615 1792 nomina
1654 1746 1828 1793 additae

344 1850 358 1870 2
378 1833 500 1867 sunt.
547 1822 653 1869 Nee
678 1823 920 1869 dubitatur
946 1823 1017 1869 his
1044 1824 1208 1869 litteris
1234 1824 1455 1869 omnibus
1482 1824 1657 1885 absque
1683 1823 1780 1869 sola
1801 1841 1829 1870 v

379 1899 584 1956 remotis,
630 1900 815 1946 Latinae
856 1901 1031 1962 linguae
1078 1900 1279 1961 reliquas
1326 1898 1508 1945 fdecem
1552 1910 1599 1944 et
1646 1908 1828 1962 septem

346 1992 514 2037 3posse
551 1975 829 2022 satisfacere.
899 1976 1029 2022 Nam
1066 1994 1149 2039 pro
1181 1976 1225 2033 Ιι,
1260 1976 1587 2039 adspirationis
1619 1989 1744 2033 nota,
1777 1984 1831 2021 ut

379 2051 529 2096 Graeci
552 2051 745 2107 faciunt,
768 2052 880 2114 poni
902 2051 1171 2116 possetfet
1190 2071 1238 2114 p,
1263 2062 1309 2098 et
1327 2052 1491 2097 eadem
1512 2051 1831 2114 adspiratione

379 2126 708 2188 compleretur.
776 2127 1106 2174 Nihilominus
1143 2147 1226 2191 pro
1259 2129 1288 2174 ls
1323 2138 1369 2174 et
1404 2146 1445 2191 q,
1472 2145 1495 2174 C
1518 2128 1674 2174 littera
1698 2127 1830 2174 facil-

380 2202 490 2246 lime
518 2202 790 2249 haberetur:
817 2221 849 2249 ῑυ
874 2216 1029 2251 autem
1057 2222 1140 2267 per
1160 2223 1183 2251 c
1207 2215 1254 2250 et
1277 2222 1300 2250 s
1324 2221 1569 2268 possemus
1601 2204 1827 2250 scribere:

381 2277 445 2322 sic
475 2287 521 2322 et
556 2296 598 2334 z,
623 2279 659 2323 si
698 2280 837 2325 modo
861 2281 1036 2326 Latino
1061 2283 1263 2327 sermoni
1304 2281 1562 2326 necessaria
1588 2290 1722 2337 esset,
1747 2298 1830 2344 per

381 2354 481 2398 det
514 2371 538 2398 s
563 2354 736 2400 litteras
773 2356 1046 2411 faceremus,
1073 2357 1150 2403 sed
1183 2368 1236 2403 ut
1260 2375 1439 2413 omnes,
1462 2375 1564 2419 quae
1602 2358 1704 2402 usui
1739 2366 1830 2403 tra-

381 2428 488 2474 ditae
515 2440 638 2486 sunt,
663 2431 958 2494 recipiamus,
984 2445 1092 2479 sunt
1119 2434 1313 2496 &viginti
1340 2444 1445 2479 tres,
1514 2433 1590 2479 Ex
1623 2433 1692 2479 his
1727 2434 1829 2479 aliae

381 2514 490 2550 sunt
507 2507 707 2561 ven-ales,
726 2518 774 2552 ut
801 2526 937 2570 supra
959 2510 1194 2563 ‹liximus3
1233 2510 1336 2556 aliae
1357 2518 1696 2563 consonantes3
1727 2510 1829 2556 aliae

383 2590 538 2626 mutae.
609 2582 806 2628 Vocales
848 2595 954 2630 sunt
991 2603 1094 2647 quae
1137 2586 1326 2650 plenam
1370 2604 1534 2632 vocem
1572 2585 1830 2649 proferunt,

436 2754 454 2780 b
475 2764 536 2790 aut
557 2755 613 2801 in]
637 2765 695 2791 aut
719 2770 801 2791 cum
826 2759 865 2793 P.
1011 2767 1026 2785 c
1047 2775 1088 2796 cx
1111 2763 1143 2808 c]
1162 2776 1205 2798 ex
1226 2777 1243 2798 c
1262 2771 1298 2799 et
1318 2777 1334 2797 s
1356 2764 1395 2799 P.
1537 2760 1556 2787 d
1576 2760 1826 2811 aspirationis]

382 2808 640 2857 adspirationis
664 2810 701 2843 l’.
725 2819 761 2844 et
781 2811 833 2845 sic
855 2810 958 2847 iufra.
1096 2822 1111 2839 θ
1131 2815 1376 2863 aestinnunus]
1401 2815 1630 2851 admittimus
1650 2814 1714 2850 sed
1735 2814 1829 2850 aesti-

382 2874 525 2897 mamus
545 2862 585 2898 P.
701 2860 712 2888 s
729 2862 854 2898 decem
877 2872 914 2900 et
933 2868 1094 2914 septem]
1118 2880 1204 2903 xv11
1223 2869 1261 2905 P.
1353 2876 1374 2904 g
1395 2868 1522 2919 viginti
1544 2868 1634 2915 tres]
1657 2880 1765 2903 xxm
1787 2867 1827 2903 P.
