1962 3355
349 155 443 193 482
962 142 1211 190 Diomedis
1608 155 1704 186 Lm.
1725 152 1800 184 111.

351 284 478 321 cum,
504 274 816 330 anapaestum,
842 282 868 310 a
891 281 986 326 quo
1011 280 1188 309 nomen
1215 262 1399 308 meruit.
1459 260 1649 307 Horum
1675 276 1801 305 com-

351 343 523 407 positio
562 343 781 406 frequens
820 350 932 387 west
971 349 1208 403 anapaesto
1243 355 1326 402 per
1363 354 1507 400 quem
1540 335 1802 400 plurimum

351 429 550 474 constat,
594 418 674 465 sed
721 417 966 481 dactylum
1010 416 1055 461 in
1109 414 1323 460 Xdextris
1368 422 1556 459 tantum
1604 411 1805 475 pedibus

352 498 513 554 babet,
539 497 611 542 vel
638 495 902 558 quemlibet
937 510 994 539 ex
1033 492 1160 538 aliis:
1209 491 1257 537 in
1295 489 1492 536 sinistris
1528 506 1638 535 vero
1673 498 1807 535 extra

351 573 599 637 dactylum
637 571 901 633 quemlibet
938 586 998 615 ex
1037 568 1202 623 tribus,
1226 575 1367 630 prout
1403 584 1475 612 res
1511 565 1735 629 exegerit,
1760 565 1807 611 id

351 660 422 696 est
457 648 739 713 spondeum,
775 645 1097 708 rtribrachyn,
1131 644 1288 707 ipsum
1326 642 1592 689 dominum.
1662 642 1706 688 A
1737 641 1809 687 di-

352 739 504 772 metro
531 734 690 771 autem
717 724 765 769 in
793 731 1122 769 tetrametrum
1161 720 1417 784 ampliatur
1450 757 1459 766 .
1479 756 1488 766 .
1523 727 1680 765 autem
1707 727 1807 764 tam

352 804 567 866 dactylus
614 810 846 865 perpetuo
893 799 1072 856 dexter,
1119 808 1166 845 et
1207 796 1459 860 aliquando
1507 795 1809 859 subjungitur

354 896 473 924 unus
509 877 712 939 quilibet
748 893 804 921 ex
843 875 1008 921 tribus.
1098 873 1258 935 Hujus
1296 872 1506 919 clausula
1531 870 1738 935 spondeo
1763 880 1809 916 et

352 954 544 1017 dactylo
570 952 863 999 terminatur.

680 1116 805 1162 CAP.
831 1115 1026 1162 XXIX.
1076 1115 1157 1161 DE
1182 1131 1494 1163 ANTISPASTO.

419 1205 797 1269 Autispasticum
837 1214 1042 1250 metrum
1084 1204 1386 1268 componitur
1424 1204 1699 1268 antispasto,
1731 1203 1810 1250 ad-

353 1284 502 1330 mittit
541 1291 697 1329 autem
738 1291 816 1327 Zet
862 1281 1114 1327 iambicam
1166 1282 1297 1327 basin
1347 1300 1431 1345 per
1471 1280 1810 1345 sympathiam.

352 1360 418 1405 Et
446 1359 599 1422 prima
624 1359 817 1420 quidem
845 1358 973 1420 regio
1009 1358 1174 1421 primae
1208 1358 1460 1422 gressionis
1493 1357 1810 1420 antispasticae

352 1435 720 1498 amagnitudinis
755 1435 886 1480 omni
924 1453 1094 1498 genere
1131 1453 1157 1481 a
1191 1435 1342 1498 poetis
1380 1444 1609 1491 movetur,
1648 1435 1811 1497 longa-

353 1524 430 1558 tur
465 1520 621 1557 autem
659 1529 683 1556 a
712 1511 914 1557 dimetro
952 1529 1102 1573 usque
1135 1511 1225 1557 bad
1261 1520 1628 1575 pentametrum.
1700 1511 1813 1556 Per-

352 1588 666 1634 fectissimum
695 1597 852 1633 autem
891 1600 962 1633 est
1003 1589 1461 1643 Οὲκκαιῧεκασύλλαβιν
1497 1589 1812 1653 Sapphicum,

353 1677 400 1710 et
428 1665 516 1710 hoc
542 1663 736 1725 quidem
774 1665 1085 1710 acatalectum
1121 1675 1206 1720 est,
1231 1674 1277 1711 et
1303 1666 1446 1711 habet
1473 1665 1811 1713 dnovissimam

354 1740 488 1787 basin
526 1731 797 1787 iambicam.
883 1743 1237 1787 Tetrametrum
1279 1751 1438 1788 autem
1482 1743 1812 1790 catalecticum

408 1925 437 1943 w
451 1926 507 1954 est
523 1918 625 1965 cum]
646 1931 722 1954 cum
738 1931 811 1954 om.
827 1920 1025 1956 A.BXen.
1094 1921 1164 1955 xin
1184 1919 1320 1956 dextris
1341 1928 1486 1956 tantum
1509 1919 1665 1969 pedibus
1685 1922 1812 1960 habet.

354 1973 459 2008 Idem
481 1971 687 2020 quemlibet
707 1985 751 2008 ex
771 1972 887 2008 tribus
919 1981 1029 2021 prout
1055 1972 1235 2023 exegerit]
1260 1975 1293 2009 in
1315 1975 1449 2009 dextris
1470 1980 1610 2010 tanturn
1632 1976 1739 2011 habet
1758 1977 1815 2012 vel

355 2027 544 2074 quemlibet
571 2039 612 2061 ex
641 2026 752 2061 tribus
776 2031 885 2073 prout
913 2039 968 2061 res
987 2029 1099 2073 egerit
1119 2029 1161 2063 A.
1192 2033 1227 2062 et
1246 2027 1284 2063 in
1306 2040 1420 2077 marg.
1442 2041 1483 2063 ex
1503 2030 1585 2064 aliis
1607 2030 1641 2064 in
1661 2031 1815 2065 sinistris

354 2092 437 2114 vero
458 2085 560 2114 extra
588 2080 769 2127 dactylum
796 2081 1090 2126 quemlibet—in
1121 2082 1255 2115 dextris
1279 2082 1429 2128 pedibus
1458 2087 1597 2117 tantum
1629 2083 1734 2118 habet
1759 2084 1815 2119 vel

357 2134 547 2180 quemlibet
567 2145 608 2167 ca·
628 2134 718 2167 aliis.
753 2135 785 2167 in
806 2135 960 2168 sinistris
979 2146 1062 2169 ¹cero
1089 2140 1190 2169 extra
1217 2136 1389 2170 dactilum
1412 2136 1602 2182 quemlibet
1631 2148 1674 2170 ex
1701 2137 1815 2172 tribus

353 2191 464 2233 prout
494 2198 549 2221 res
569 2187 738 2232 exegerit.
800 2187 843 2221 Id
869 2192 919 2222 est
949 2189 1139 2234 spondeum
1163 2188 1208 2224 B.
1399 2195 1419 2221 Y
1439 2187 1664 2238 tribrachyn,
1687 2198 1814 2225 tamen

356 2239 522 2288 dactylus
555 2247 733 2288 perpetuo
769 2239 907 2281 dexter,
939 2248 975 2275 et
1010 2240 1211 2289 aliquando
1241 2240 1478 2290 subjungitur
1507 2255 1603 2277 unus
1635 2242 1809 2290 quilibet]

359 2293 563 2340 tribrachyn
593 2294 705 2339 ipsum
733 2294 912 2328 dominum
935 2306 957 2328 a
984 2295 1134 2328 dimetro
1167 2295 1373 2337 (dimetrum
1399 2295 1462 2340 B.)
1486 2300 1604 2330 autem
1637 2299 1671 2329 in
1704 2301 1814 2331 tetra-

358 2351 509 2380 metrum
529 2346 728 2392 ampliatur
748 2351 867 2381 autem
891 2352 963 2381 tam
984 2347 1148 2394 dactylas
1167 2353 1341 2394 perpetuo
1362 2349 1485 2383 dexter
1505 2353 1540 2383 et
1562 2353 1631 2383 tres
1653 2350 1814 2396 aliquam

361 2399 445 2443 (alii
465 2411 572 2445 quam
594 2399 660 2442 Β.)
683 2398 911 2444 subjungitur
931 2412 1022 2434 wius
1042 2401 1187 2446 quilibet
1207 2401 1303 2436 A.B.
1428 2407 1446 2426 Ζ
1465 2400 1665 2437 iambicam
1686 2402 1810 2450 basin]

358 2456 392 2486 et
414 2452 601 2486 iambicam
633 2452 727 2486 basin
754 2464 822 2498 per
841 2453 1057 2498 sinpatlziam
1080 2453 1170 2488 A.B.
1199 2454 1386 2489 iambicum
1418 2455 1545 2489 bassim
1566 2457 1624 2502 psi
1644 2456 1816 2503 patlziam

358 2505 452 2540 Ven.
565 2511 584 2529 a
605 2504 890 2553 magnitudinis]
917 2507 1180 2551 magnitudines
1200 2507 1243 2542 Β.
1340 2504 1360 2532 b
1381 2508 1426 2543 ad
1448 2511 1743 2556 pentametrum]
1768 2511 1816 2545 ad

358 2571 432 2593 om.
449 2558 545 2593 A.B.
561 2557 655 2592 Ven.
713 2564 729 2582 c
745 2557 1090 2607 hendecasyllabam
1107 2560 1346 2608 sapphicum]
1371 2562 1726 2609 haeccedecsyllabon
1740 2563 1813 2612 saf—

344 2611 459 2658 ficum
480 2611 573 2646 A.B.
624 2610 715 2645 Mox
739 2612 768 2645 si
795 2612 933 2657 quidem
956 2611 1051 2647 Ven.
1166 2611 1185 2638 d
1207 2613 1444 2650 novissimam
1473 2614 1652 2664 syllabam
1681 2615 1813 2652 iambi-

357 2677 453 2700 cam.
510 2664 544 2699 T
546 2670 784 2699 eti-ametrum
813 2672 935 2699 autem
971 2665 1227 2702 catalecticum
1266 2667 1579 2716 perfectissimum
1615 2677 1684 2712 est,
1715 2669 1816 2718 quod

358 2717 565 2766 appellatur
585 2716 803 2763 iambicum]
830 2720 1052 2753 novissimam
1076 2720 1174 2755 basin
1196 2721 1394 2757 iambicam.
1458 2722 1674 2758 Tetramctri
1693 2728 1816 2759 autem

358 2771 558 2806 catalectici
585 2769 878 2817 perfectissimam
901 2777 952 2806 est
980 2773 1074 2818 qnod
1100 2775 1308 2820 appellatur
1329 2776 1507 2822 priepium
1537 2777 1632 2822 quod
1651 2777 1816 2823 plyidam

361 2825 509 2871 (plyisla
531 2825 594 2869 A.)
626 2825 788 2858 admittit
822 2824 914 2859 A.B.
945 2837 979 2859 n.
1001 2837 1027 2860 s.
1050 2827 1073 2861 i.
1108 2826 1322 2863 Tetrametri
1350 2834 1471 2864 autem
1501 2830 1702 2865 catalectici
1727 2842 1816 2877 per-

346 2876 541 2924 fectissimi
561 2881 612 2912 est
632 2878 727 2924 quod
747 2877 954 2924 appellatur
969 2881 1157 2926 pampium
1171 2882 1300 2928 ploida
1320 2883 1481 2917 admittit
1502 2881 1597 2918 Ven.
