1962 3355
165 189 272 220 CAP.
290 182 368 220 34.
593 172 676 218 De
698 189 921 218 versuum
943 172 1211 234 generibus.
1520 178 1604 227 49]

569 291 686 332 Vides
706 296 754 330 ut
773 290 862 330 alta

162 366 256 413 tale
279 375 364 424 est,
388 365 527 429 quale
549 363 665 412 illud
691 363 736 409 in
765 361 986 419 iambico,

561 441 650 481 Ibis
671 439 888 480 Liburnis.

163 514 368 562 Inferius
393 514 525 572 illud,

559 590 652 631 Stet
670 590 766 630 nive
786 588 1026 638 candidum,

162 664 256 710 tale
281 673 366 719 est,
392 663 532 727 quale
557 662 673 709 illud
698 662 746 708 in
771 659 1101 724 Asclepiadeo,

561 739 690 780 Edite
710 738 897 794 regibus.

227 814 475 861 Alcaicum
501 812 660 860 Xaliud
686 812 731 858 in
762 810 965 857 Horatio
988 810 1082 856 tale
1107 818 1193 867 θεῖ,
1638 836 1677 858 20

390 890 526 930 Penes
546 889 694 929 iambis
715 889 1004 943 siveflamma.

161 963 293 1010 YHic
332 963 369 1009 si
408 962 550 1009 addas
586 962 784 1009 verbum
823 960 1023 1017 torrida,
1057 958 1145 1005 erit
1179 957 1348 1021 plenus
1381 957 1616 1005 iambicus

162 1040 244 1095 sic,

389 1116 525 1157 Poues
545 1116 694 1156 iambis
714 1116 802 1156 sive
805 1116 989 1171 flamma
1010 1111 1184 1154 torrida.

160 1189 292 1254 Ergo
313 1198 509 1254 apparet
529 1190 620 1236 hoc
639 1189 890 1236 Alcaicum
912 1189 971 1234 ab
995 1185 1201 1233 iambico
1226 1201 1327 1230 esse
1350 1183 1616 1248 praecisum.

227 1267 475 1313 Alcaicum
502 1265 627 1312 aliud
653 1266 701 1311 in
731 1265 932 1311 Horatio
956 1263 1049 1310 tale
1074 1271 1159 1316 est,
1636 1283 1673 1305 αι

394 1344 532 1398 Usque
551 1343 652 1382 meis
669 1342 916 1398 pluviosque
937 1346 1092 1380 ventos.

162 1414 287 1461 zHic
311 1432 371 1460 ne
397 1416 529 1461 fieret
554 1415 831 1461 hexameter
861 1413 981 1459 ultra
1007 1411 1220 1458 medium
1253 1410 1360 1457 duae
1386 1409 1617 1457 dictiones

160 1501 361 1539 exsectae
393 1502 518 1546 sunt,
543 1509 660 1554 quas
686 1491 722 1537 si
746 1490 861 1537 velis
892 1489 1101 1546 reddere,
1127 1487 1368 1553 supplebis
1395 1487 1620 1533 hexame-

159 1578 285 1616 trum
313 1568 394 1625 sic,

337 1645 474 1701 Usque
492 1646 594 1686 meis
610 1645 856 1701 pluviosque
876 1643 1023 1698 rapaci
1046 1641 1211 1682 turbine
1233 1646 1388 1681 ventos.

224 1718 590 1766 Archilochium
619 1716 773 1764 aaliud
799 1717 847 1762 in
873 1714 1079 1762 Horatio
1102 1714 1196 1760 tale
1219 1720 1304 1769 est,
1636 1732 1675 1753 22

330 1794 508 1835 Nullam
536 1796 639 1834 Vare
658 1807 781 1834 Sacra
802 1794 884 1834 vite
897 1793 1026 1848 pri-us
1047 1791 1204 1831 severis
1224 1789 1427 1829 arborem.

159 1868 343 1915 ³³Huic
377 1868 490 1914 tolle
527 1867 650 1914 bduo
688 1868 829 1913 verba
868 1866 1102 1930 disyllaba
1133 1863 1273 1926 juxta
1308 1860 1614 1925 principium,

159 1945 327 1992 cfacies
351 1943 737 2008 Asclepiadenm,
762 1942 844 1997 sic,

329 2021 506 2062 IVuZZam
526 2019 545 2048 d
557 2021 639 2061 vite
655 2020 779 2076 prius
799 2019 954 2060 sever-2¹3
974 2017 1177 2057 arborem.

160 2096 272 2143 Hoc
295 2096 421 2142 enim
448 2095 541 2141 tale
564 2102 649 2150 est,
672 2096 811 2156 quale
835 2091 969 2146 illud,

211 2268 232 2288 Χ
250 2260 359 2308 illud]
384 2261 485 2296 aliud
503 2260 596 2296 A.B.
618 2260 714 2295 Ven.
834 2264 854 2292 Y
874 2255 947 2293 Hic
967 2254 995 2291 εἰ
1016 2254 1129 2291 addas
1149 2254 1314 2296 verbum,
1336 2252 1476 2290 torrida
1494 2260 1611 2302 terga,

157 2314 351 2364 apparebit
381 2314 451 2350 hoc
482 2312 661 2350 alcaicum
691 2312 737 2348 ab
766 2311 908 2357 iambo]
943 2310 1057 2345 addas
1084 2308 1194 2344 verba
1224 2308 1364 2343 torrida
1393 2309 1461 2342 erit
1484 2307 1614 2354 plenus

157 2369 329 2404 iambicus
350 2369 411 2403 sic.
439 2379 549 2414 pones
572 2367 698 2402 iambis
725 2367 797 2400 sive
808 2364 967 2412 flamma
989 2363 1139 2398 torrida.
1170 2374 1254 2407 ergo
1282 2365 1435 2408 apparet
1465 2360 1530 2396 lzoc
1554 2360 1611 2395 al-

157 2423 296 2456 caicum
316 2421 361 2456 ab
381 2421 530 2456 iambico
551 2421 646 2456 Α.Β.
667 2422 859 2466 appareret
879 2417 974 2452 Ven.
1111 2421 1130 2440 Ζ
1153 2414 1227 2450 Hic
1249 2426 1295 2450 ne
1316 2414 1418 2449 fieret
1437 2413 1611 2449 hexame-

158 2481 214 2510 ter
242 2473 337 2509 ultra
365 2472 528 2509 medium
555 2473 638 2509 duae
664 2471 849 2508 dictiones
875 2476 1040 2518 exceptae
1069 2475 1170 2510 sunt,
1191 2480 1281 2516 quas
1301 2466 1330 2503 si
1353 2466 1440 2502 velis
1460 2465 1614 2502 reddere

159 2525 348 2575 supplebis
374 2527 644 2570 hexametrum,
665 2537 782 2574 usque
807 2523 900 2560 meis
927 2521 1142 2572 pluviosque
1161 2527 1310 2557 coercet
1336 2519 1492 2556 numine
1524 2531 1612 2555 ven-

158 2581 235 2627 tos]
262 2585 301 2615 ut
323 2580 379 2615 hic
401 2581 462 2625 (ne
482 2579 538 2615 hic
556 2579 622 2624 Β.)
642 2580 751 2627 fieret
775 2578 947 2614 exametri
976 2577 1075 2611 ultra
1102 2576 1257 2610 medium
1284 2579 1402 2610 erecte
1429 2574 1614 2619 (eaeaectae

158 2634 223 2681 Β.)
245 2638 329 2668 sunt
350 2645 438 2679 quas
452 2633 482 2667 si
495 2633 582 2668 velis
605 2636 695 2679 (qua
714 2632 814 2666 vellis
834 2631 894 2677 B.)
923 2631 1071 2666 reddere
1095 2641 1173 2664 sum
1187 2629 1303 2675 plevis
1323 2632 1545 2663 exametrum
1563 2627 1613 2660 sic

157 2699 268 2733 usque
296 2688 380 2721 meis
404 2686 591 2733 plaiosque
623 2685 809 2731 rapacitur
841 2685 921 2719 vine
955 2683 1186 2730 (pluviosque
1218 2682 1344 2728 rapaci
1373 2680 1514 2716 turbine
1544 2678 1608 2723 B.)

157 2744 280 2776 ventos
294 2739 384 2775 ΑΒ.
404 2743 446 2774 ut
461 2738 517 2773 hic
525 2738 636 2786 fieret
652 2738 849 2773 hexametri
867 2737 967 2771 ultra
982 2736 1137 2770 medium
1153 2739 1305 2782 excepta>
1327 2733 1419 2768 Ven.
1440 2730 1501 2780 qui
1524 2743 1611 2766 mox

153 2795 367 2841 pluviosque
386 2793 539 2839 rapiatis
557 2792 640 2827 vitce
659 2794 793 2826 ventos.
904 2795 923 2815 a
942 2789 1043 2824 aliud
1063 2793 1115 2823 est
1133 2788 1231 2824 Ven.
1332 2792 1372 2812 aa
1392 2784 1477 2820 hinc
1498 2782 1606 2829 tolle]

160 2847 242 2883 huic
263 2847 348 2882 totle
367 2846 459 2881 AB.
569 2842 589 2870 b
610 2843 684 2880 duo
704 2843 812 2878 verba
831 2839 990 2888 scilicet]
1015 2843 1086 2876 duo
1105 2841 1148 2877 A.
1169 2842 1300 2876 scilicet
1320 2851 1394 2875 om.
1414 2838 1461 2872 B.
1536 2842 1552 2861 ⁰
1573 2842 1611 2871 et

159 2898 290 2947 facies]
315 2903 350 2935 et
369 2911 445 2936 om.
466 2897 560 2934 A.B.
724 2893 743 2921 d
763 2894 834 2931 vite
854 2893 973 2943 prius]
992 2893 1095 2942 pejus
1113 2896 1195 2930 vitae
1215 2893 1308 2929 Ven.

808 2965 949 3003 31z2
