1962 3355
348 193 439 232 258
910 185 1070 232 Marii
1091 184 1248 233 Plotii

519 307 828 348 Grammaticus
848 308 921 348 dat
940 308 1028 347 hoec
1047 308 1237 346 carmina
1259 307 1385 346 tsicca
1405 306 1504 360 legi.

347 387 429 425 aut
453 378 719 442 spondeum
747 389 794 424 et
818 379 1079 442 dactylum,
1104 388 1156 424 ut
1180 387 1295 434 uest,

516 456 578 496 Et
599 461 636 496 te
657 456 851 495 Alsaoez'me
871 470 983 495 mmo
997 455 1160 510 gaudet
1179 454 1326 493 habere
1347 453 1470 493 Deos.

286 548 325 577 43
346 526 623 590 Elegiacum
659 535 861 573 metrum
900 527 1081 572 dictum
1116 535 1202 580 est,
1235 525 1363 587 quod
1400 534 1521 570 esset
1560 533 1694 570 sonat
1733 524 1803 570 in-

345 602 671 664 terjectionem
696 603 878 654 flentis;
918 612 965 647 et
995 602 1086 647 hoc
1113 610 1263 646 metro
1288 601 1486 647 mortuis
1512 601 1647 646 fletus
1673 618 1802 646 com-

345 679 587 742 ponebant
635 678 834 739 antiqui,
875 678 946 723 vel
996 677 1339 740 epigrammata
1380 678 1803 731 consecrationum,

346 755 468 800 sieut
493 754 723 800 Horatius
749 754 889 800 docet
914 753 972 799 de
996 753 1113 799 Arte
1138 753 1325 817 poetica
1351 753 1444 799 sie:

523 830 711 870 Versibus
734 829 1129 883 impariterjunctis
1150 829 1409 883 querimonia
1427 829 1583 883 prima,

515 898 616 936 Post
636 898 759 936 etiam
783 897 943 936 inclusa
965 902 1025 935 est
1046 897 1128 936 voti
1149 898 1353 936 sententia
1374 910 1544 951 compos.

343 978 606 1022 Auctorem
631 992 738 1019 vero
760 973 900 1035 hujus
921 973 1133 1029 metu-istd
1154 983 1223 1019 est
1242 973 1454 1037 elegiaci,
1471 972 1694 1035 Xquidam
1716 973 1805 1036 Py-

343 1052 609 1113 thagoram,
637 1050 714 1095 alii
743 1050 974 1112 Ortugen‚
994 1050 1209 1096 nonnulli
1226 1051 1603 1096 zMimnermum
1624 1049 1802 1095 dicunt.

282 1148 324 1176 44
345 1127 488 1174 Unde
513 1126 572 1172 de
598 1127 778 1172 incerto
806 1136 995 1172 auctore
1021 1127 1259 1189 eleganter
1286 1126 1515 1172 Horatius
1541 1126 1652 1171 lusit
1677 1125 1767 1171 sie:

281 1647 320 1676 45

517 1203 622 1249 Quis
644 1208 779 1242 tamen
800 1204 978 1258 eoez'gzmS
1000 1202 1134 1258 elegos
1155 1204 1338 1242 emiserit
1357 1208 1501 1242 auctor

507 1270 781 1310 Grammatici
804 1276 979 1319 certant,
1001 1276 1040 1310 et
1059 1270 1194 1310 adhuc
1214 1270 1445 1325 subjudice
1465 1270 1518 1309 lis
1539 1275 1608 1309 est.

343 1346 489 1393 Nunc
514 1347 775 1394 secundum
803 1348 1149 1394 ordinationem
1178 1365 1316 1410 supra
1342 1347 1562 1411 positam,
1586 1355 1801 1408 quartam

344 1423 548 1486 speciem
589 1424 913 1470 hexametram
953 1425 1089 1470 metri
1130 1424 1353 1488 dactylici
1392 1423 1662 1479 doceamus,
1698 1439 1804 1484 quae

343 1507 414 1544 est
440 1498 669 1562 Priapeia.

409 1629 494 1674 De
518 1635 668 1675 metro
691 1629 924 1692 Priapeia
950 1631 1422 1678 amonosclzematisto
1448 1630 1736 1676 lzeoeametro.

408 1728 696 1791 Priapeium
723 1738 927 1775 metrum
956 1728 1496 1776 bmonosehematistum
1525 1738 1610 1774 est.
1677 1727 1803 1772 Con-

342 1814 433 1850 stat
471 1805 599 1850 enim
646 1804 872 1868 sponde0‚
908 1805 1093 1851 duobus
1135 1805 1386 1868 cdactylis,
1430 1804 1656 1868 sponde0‚
1694 1803 1803 1850 dae*

341 1881 441 1943 tylo
467 1891 513 1927 et
539 1882 765 1946 sponde0‚
792 1891 844 1928 ut
870 1893 940 1928 est
966 1883 1090 1946 apud
1119 1883 1391 1929 Homerum
1421 1899 1578 1927 versus
1604 1881 1697 1936 ille,

506 1957 737 2020 ἀΚουρῆ-τές
761 1958 795 2004 τ’
822 1960 1017 2021 ἐμάχοντο
1042 1958 1109 2005 καὶ
1133 1958 1305 2006 Αἰτωλοὶ
1328 1960 1595 2021 μενεχάρμαι.

342 2043 507 2090 Inveni
533 2054 581 2091 et
606 2045 730 2109 apud
756 2046 1014 2109 Virgilium
1044 2047 1131 2093 hac
1155 2046 1399 2100 divisione,
1426 2045 1498 2091 ein
1526 2062 1619 2107 qua
1643 2054 1804 2091 tamen

394 2234 408 2260 t
428 2234 541 2280 sicca]
559 2237 609 2270 sic
630 2235 673 2271 L.
775 2243 793 2262 ¹²
813 2242 865 2272 est
884 2249 946 2271 om
968 2237 1010 2272 L.
1115 2243 1135 2261 X
1156 2236 1234 2282 alii]
1259 2239 1403 2284 quidam
1426 2237 1471 2273 L.
1575 2244 1593 2263 Ζ
1614 2236 1802 2273 Mimner-

343 2288 462 2334 mum]
487 2289 691 2324 Minervam
712 2289 757 2324 L.
901 2296 920 2315 a
942 2289 1317 2336 monoschematisto]
1342 2290 1402 2326 Sic
1421 2290 1467 2326 L.
1488 2291 1802 2326 monoschematis-

341 2343 410 2376 tico
431 2340 640 2377 Putschius.
763 2339 783 2367 b
807 2341 1222 2388 monoschetnatistum]
1247 2342 1307 2378 Sic
1329 2343 1373 2378 L.
1396 2343 1803 2379 monoschematisticum

341 2393 551 2430 Putschius.
627 2403 643 2422 C
665 2395 821 2444 dactylis
841 2395 1025 2444 spondeo]
1050 2396 1110 2431 Sic
1128 2395 1172 2430 L.
1192 2397 1346 2443 dactylis
1365 2403 1399 2432 et
1417 2398 1571 2443 spondeo
1592 2396 1801 2433 Putschius.

341 2445 361 2473 d
379 2447 538 2495 κουρῆτές]
562 2462 702 2495 potam-teg
721 2448 767 2484 L.
879 2456 896 2475 θ
916 2449 954 2483 in
975 2449 1066 2497 qua]
1093 2450 1127 2483 in
1148 2461 1210 2484 om
1231 2448 1278 2484 L.

394 2598 460 2634 43.
491 2587 585 2634 quod
611 2592 700 2621 esset
724 2587 846 2633 sonat]
880 2588 974 2634 quod
995 2587 1010 2620 ἒ
1030 2587 1044 2620 ἒ
1101 2583 1160 2620 siti
1183 2584 1258 2620 sint
1279 2586 1505 2635 Pythagoras
1525 2594 1563 2621 et
1583 2586 1758 2635 Ortyges,
1772 2584 1802 2621 si

342 2653 414 2676 esse
450 2645 590 2675 constat
646 2639 846 2675 Santenius
886 2639 930 2675 ad
968 2639 1042 2675 Te·
1101 2638 1183 2686 quis
1204 2638 1324 2680 fuerit,
1347 2639 1403 2674 vel
1428 2639 1598 2688 OrtageS‚
1622 2648 1662 2675 ut
1690 2639 1803 2675 habet

343 2701 436 2729 rent.
458 2693 581 2729 Maur.
605 2706 642 2741 p.
661 2704 751 2740 305.
780 2691 842 2741 qui
869 2705 940 2728 esse
967 2705 1042 2728 non
1101 2692 1215 2726 codex
1255 2691 1525 2742 Scaligeranus,
1556 2691 1666 2728 iidem
1702 2692 1801 2728 vide-

341 2752 429 2782 esset
460 2745 533 2796 legi
568 2754 700 2782 monet
728 2747 767 2781 in
799 2745 909 2782 codd.
943 2745 1039 2781 Scal.
1103 2745 1176 2780 rint
1198 2744 1345 2787 librarii,
1368 2746 1431 2794 qui
1454 2744 1492 2781 in
1506 2746 1638 2782 eodem
1660 2745 1800 2786 codice,

341 2800 452 2835 Voss.
1095 2807 1132 2834 et
1171 2799 1366 2841 vossiano,
1399 2812 1465 2847 pro
1491 2797 1656 2835 Putschii
1689 2798 1800 2834 Mim-

395 2851 944 2899 ib.Pythag0rc1m—Ortugen]
964 2852 1040 2887 Cur
1094 2864 1215 2888 nermo
1275 2851 1524 2889 exhibuerunt
1582 2852 1799 2888 Minervam.

341 2919 408 2954 pro
429 2905 577 2942 Callino
597 2914 634 2942 et
650 2904 877 2942 Archilocho
898 2918 1037 2954 suppo-
1096 2905 1319 2942 SANTEN.
1341 2906 1426 2942 Ter.
1447 2906 1570 2942 Maur.
1593 2918 1629 2954 p.
1650 2904 1737 2953 285.
