1962 3355
115 236 222 268 CAP.
242 230 284 267 1.
318 221 402 268 De
426 222 643 268 connexis
666 222 792 267 inter
813 238 863 266 se
886 228 1031 284 atque
1055 221 1326 266 inconnexis
1352 222 1433 282 850.
1473 231 1566 277 209

113 343 279 405 plebis,
305 343 352 388 in
377 360 473 404 quo
498 343 552 388 fit
574 342 756 405 primus
794 341 1047 405 spondeus,
1071 341 1306 388 secundus
1332 349 1379 386 et
1402 340 1566 386 tertius

113 418 305 482 dactyli,
351 427 543 480 quartus
591 417 843 482 spondeus,
890 418 1084 480 quintus
1130 417 1362 480 dactylus,
1407 424 1566 461 sextus
1588 425 1627 459 79

112 495 378 559 spondeus:
416 512 544 551 nam,

380 571 472 618 Cui
494 588 586 617 non
611 571 766 616 dictus
790 570 956 634 Hylas
975 588 1100 633 puer

112 665 196 711 par
219 655 290 692 est
316 647 442 704 huic,

379 723 531 768 Hunc
556 722 713 768 lucum
740 723 827 768 tibi
851 722 1028 779 dedico,

111 799 415 859 octasyllabo,
456 799 536 860 qui
581 798 903 845 choi-iambica
941 798 1269 861 conpositione
1312 797 1565 843 formatur:

112 891 310 937 sequens
337 892 458 937 pars,

401 950 469 996 Et
496 950 712 996 Latonia
739 951 909 1007 Delos,

111 1027 442 1091 heptasyllabo
462 1027 544 1083 illi,

447 1103 771 1165 Consecroque
795 1103 993 1165 Priape,

111 1197 216 1240 quae
264 1180 472 1241 spondeo
509 1188 554 1224 et
590 1179 779 1241 dactylo
820 1188 866 1224 et
902 1178 1111 1224 trochaeo
1148 1176 1375 1222 subsistit.
1446 1175 1569 1221 Cum
1592 1185 1635 1216 80

112 1274 223 1318 ergo
249 1255 522 1316 hujusmodi
554 1254 730 1318 pedum
768 1254 1034 1317 conpositio
1065 1253 1317 1309 concurrit,
1342 1254 1397 1298 fit
1423 1253 1574 1298 ambi-

110 1349 217 1393 gua,
247 1339 299 1376 ut
331 1330 641 1387 ostendimus,
672 1330 969 1387 versificatio,
1003 1340 1054 1376 ut
1079 1339 1152 1375 ret
1191 1329 1248 1375 ad
1280 1329 1568 1392 dactylicum

115 1406 350 1453 transduci
387 1406 552 1470 possit,
578 1415 625 1452 et
653 1406 709 1452 ad
747 1407 847 1453 haec
872 1425 977 1469 quae
1002 1407 1212 1453 diximus
1237 1406 1572 1461 choriambica,

112 1486 397 1531 continuatis
423 1485 607 1532 duobus
633 1485 770 1548 epodi
797 1484 1115 1532 commatibus
1134 1484 1309 1529 elatum
1339 1482 1385 1527 in
1411 1500 1463 1528 ea
1484 1481 1572 1527 ode

114 1561 246 1623 cujus
271 1561 458 1607 initium
486 1571 571 1619 est,

319 1637 443 1687 Quis
466 1639 619 1685 multa
642 1637 850 1702 gracilis
877 1644 922 1683 te
940 1654 1064 1699 puer
1087 1637 1136 1682 in
1159 1652 1283 1681 rosa.

113 1713 240 1760 Nam
285 1715 548 1778 praepositis
595 1715 779 1761 duobus
821 1715 1033 1760 versibus
1081 1712 1259 1776 duplici
1301 1710 1578 1756 choriambo
1597 1725 1633 1754 81

115 1790 496 1846 subsistentibus,
524 1792 715 1853 subjicit
751 1790 915 1854 ἐπῳδοὺς
940 1790 1072 1845 duas,
1098 1806 1203 1851 quae
1243 1796 1441 1843 mutato,
1467 1803 1577 1831 con-

114 1875 184 1910 tra
219 1883 361 1927 quam
405 1878 566 1914 auctor
604 1868 853 1931 disposuit,
884 1865 1063 1921 ordine,
1097 1865 1347 1927 Priapeum
1386 1880 1571 1908 versum

116 1942 424 2005 conplebunt,
452 1943 528 1999 ita,

387 2019 543 2065 Grato
571 2019 739 2082 Pyrra
764 2019 850 2064 snb
876 2025 1018 2063 antro

384 2094 677 2160 Cuiflswam
703 2094 884 2159 religas
910 2110 1102 2139 comam.

119 2171 305 2216 Horum
334 2182 668 2234 praeposterato
695 2172 784 2218 situ
814 2171 1064 2217 memorati
1090 2187 1249 2215 versus
1281 2169 1434 2214 forma
1457 2186 1575 2232 praea

117 2247 333 2303 stabitur,
359 2247 440 2304 sic,

155 2322 448 2387 Caiflavam
473 2322 658 2386 religas
684 2340 880 2377 comam,
901 2329 1047 2386 grato
1074 2323 1239 2384 Pyrra
1264 2321 1351 2367 snb
1375 2326 1514 2366 antro
1531 2339 1544 2365 .-

115 2407 378 2459 tamquam,

184 2475 332 2520 Heme
355 2474 513 2521 lactem
538 2476 624 2521 tibi
652 2476 829 2532 dedico,
856 2492 1168 2538 consecroque
1191 2474 1391 2535 Priape.

118 2550 312 2596 Dehinc
338 2560 491 2597 cetera
515 2553 708 2597 asmatis
734 2552 991 2598 decurrunt
1015 2552 1177 2598 eadem
1208 2551 1415 2614 strophe.
1459 2551 1581 2595 Sane
1601 2567 1639 2603 83

120 2627 238 2672 nihil
267 2627 342 2673 hic
369 2628 519 2674 oberit
546 2630 580 2674 si
608 2629 749 2692 primi
778 2629 1028 2674 commatis
1055 2628 1224 2674 ultima
1250 2626 1430 2689 syllaba
1456 2625 1583 2689 posi-

119 2703 247 2748 tione
273 2702 333 2748 sit
357 2703 514 2766 longa,
540 2714 593 2750 ut
618 2714 690 2751 est
725 2713 930 2751 Scomam
946 2712 1093 2768 grato
1113 2705 1299 2767 Pyrra,
1325 2721 1433 2749 nam
1461 2702 1586 2748 exci-

406 2808 421 2826 r
441 2810 478 2837 et
498 2802 561 2849 ad]
586 2803 629 2838 ad
651 2816 725 2839 om.
748 2804 789 2839 P.
903 2810 917 2829 s
937 2816 1084 2839 comam
1108 2816 1184 2838 om.
1205 2803 1244 2839 P.

184 2893 244 2929 80.
267 2892 389 2940 epocli]
413 2893 524 2939 Epici
545 2895 698 2931 Samen,
719 2895 806 2930 Ter.
826 2895 948 2931 Maur.
970 2908 1006 2944 p.
1029 2894 1120 2941 366.
1161 2893 1252 2929 Mox
1275 2893 1409 2928 clatum
1429 2890 1584 2927 mendo-

124 2959 205 2981 sum
228 2946 380 2982 videtur.
411 2946 469 2981 An
491 2945 515 2982 l.
539 2948 589 2981 ita
612 2948 684 2981 ut?

834 3014 913 3043 Ee
