1962 3355
124 229 231 259 CAP.
256 223 327 260 10.
595 213 679 259 De
700 213 930 259 ,Poeonico
955 219 1116 259 metro.
1488 224 1569 261 131

122 343 341 397 quartum
369 336 636 398 paeonicum
666 335 944 398 plerumque
969 333 1202 380 solutione
1229 333 1378 396 longae
1399 335 1579 390 transit,

124 410 397 472 hujusmodi
423 420 510 468 est,

317 487 520 533 Amicos
542 487 768 534 vocantis.

120 561 489 624 Trirliythmum
518 581 705 625 quoque
729 562 1057 618 acatalectum,
1084 562 1162 616 ita,

262 639 327 685 Ut
350 640 516 685 aEcho
540 640 627 686 sub
651 639 806 685 antris
831 638 1046 684 canebat.

122 715 549 778 Tetrarliytlimum
577 717 716 761 etiam
744 715 1055 760 acatalectum
1083 715 1175 761 tale
1201 725 1287 767 est,

258 792 466 838 Volabat
488 793 718 855 super-bees
734 809 827 854 per
851 808 998 837 auras
1026 790 1225 853 Cupido.

123 868 478 914 Pentametrum
500 887 608 914 vero
633 869 959 921 acatalectum,
986 867 1276 928 hujusmodi,

254 946 323 1000 Io,
349 947 455 1008 quis
481 946 672 992 deorum
693 963 781 1007 per
805 944 928 990 altos
955 944 1121 1006 Lyccz‘i
1143 944 1331 1007 gradus
1355 960 1442 989 me.

177 1021 463 1066 Observabis
480 1021 666 1083 bitaque
693 1021 986 1084 singulorum
1007 1020 1289 1066 differentias
1310 1029 1356 1064 et
1375 1019 1574 1065 ctaliter:
1595 1049 1615 1075 4

122 1105 203 1142 aut
226 1097 352 1142 enim
380 1115 437 1142 ex
463 1098 706 1157 paeonibus
733 1107 842 1142 sunt
866 1106 1137 1159 temporum
1164 1096 1391 1158 quinque,
1413 1105 1493 1141 aut
1518 1113 1576 1141 ex

122 1172 330 1218 bacchiis
356 1172 549 1234 adaeque
574 1184 843 1236 temporum
872 1172 1087 1228 totidem,
1114 1182 1194 1217 aut
1219 1172 1361 1217 etiam
1395 1189 1453 1216 ex
1480 1189 1577 1217 cre-

119 1247 223 1293 ticis
247 1265 364 1310 quos
390 1249 741 1311 ampliimacros
767 1247 1018 1303 ddiximus,
1045 1249 1126 1309 qui
1164 1259 1211 1294 et
1241 1249 1328 1310 ipsi
1365 1248 1575 1310 quinque

118 1333 388 1386 temporum
440 1325 719 1387 proceritate
767 1325 996 1380 nituntur,
1032 1324 1159 1386 quod
1203 1324 1310 1369 ideo
1351 1323 1575 1379 diximus,

119 1418 178 1445 ne
205 1400 249 1446 in
275 1401 523 1464 partiendo
555 1418 755 1446 errorem
795 1401 1106 1445 incurramus.
1182 1399 1279 1445 Ubi
1318 1400 1443 1444 enim
1480 1417 1572 1444 non
1597 1422 1612 1450 5

118 1477 293 1540 pedum
322 1477 401 1522 sed
427 1494 730 1522 numerorum
758 1477 876 1522 ratio
903 1476 1132 1532 subsistit,
1158 1494 1251 1521 non
1279 1475 1420 1538 pedes
1446 1476 1577 1538 pedi-

120 1553 206 1599 bus
247 1571 381 1616 pares
422 1555 749 1606 restituuntur,
787 1553 866 1598 sed
910 1563 1126 1614 tempora
1162 1552 1458 1614 temporibus
1496 1551 1575 1596 ad-

118 1639 379 1692 aequantur.
418 1630 624 1682 Quidam
653 1629 909 1693 trisyllabis
934 1639 981 1674 et
1005 1629 1323 1691 tetrasyllabis
1350 1627 1575 1674 admixtis

117 1705 316 1769 pedibus
343 1705 433 1750 hoc
459 1723 607 1769 genus
632 1724 852 1752 versuum
879 1717 928 1752 et
951 1715 1338 1769 composuerunt,
1364 1716 1410 1751 et
1435 1706 1575 1751 indif-

118 1782 320 1827 ferenter
344 1781 431 1827 ista
457 1783 804 1845 compositione
830 1783 898 1828 usi
926 1793 1052 1828 suut.
1123 1782 1250 1828 Nam
1286 1793 1366 1828 aut
1390 1782 1574 1828 creticis
1594 1799 1613 1829 6

120 1870 201 1905 aut
224 1877 387 1906 eorum
414 1861 744 1917 solutionibus,
762 1861 808 1906 id
835 1870 905 1905 est
930 1860 1180 1922 paeonibus
1206 1870 1286 1905 aut
1314 1860 1469 1922 primo
1495 1869 1575 1905 aut

120 1945 302 1997 quarto,
328 1936 645 1982 indifferenter
680 1938 859 1993 mixtis,
891 1954 1080 1982 carmen
1118 1936 1379 1990 ediderunt,
1411 1937 1490 1982 sed
1528 1950 1574 1982 et

120 2012 384 2058 bacchiacis
409 2022 456 2058 et
481 2013 662 2059 creticis
688 2013 1104 2076 conjugationibus
1130 2012 1323 2075 adaeque
1352 2013 1422 2058 usi
1451 2024 1574 2071 sunt,

117 2097 170 2133 ut
195 2098 266 2133 est
293 2089 396 2145 boc,

317 2165 479 2221 Acuta
485 2164 632 2229 falce
654 2167 697 2212 si
720 2167 928 2212 virentes
953 2165 1148 2212 esculos,

118 2241 312 2304 Recipit
353 2251 508 2287 autem
550 2243 692 2288 etiam
734 2243 995 2288 trocliaeum
1038 2251 1084 2288 et
1121 2242 1419 2305 pariambum
1462 2260 1575 2288 con-

119 2336 281 2375 nexos,
306 2319 387 2365 sed
413 2328 459 2364 et
484 2337 592 2365 cum
621 2319 779 2365 iambo
804 2320 1104 2383 pariambum
1130 2319 1179 2364 in
1216 2319 1427 2383 syzygia,
1453 2328 1573 2381 equa

118 2394 318 2441 efficitur
358 2412 496 2458 paeon
541 2405 750 2458 quartus,
787 2396 955 2442 ultima
994 2396 1173 2441 scilicet
1204 2394 1372 2442 fiambi
1417 2396 1573 2459 longa,

117 2470 265 2516 tribus
287 2471 505 2517 brevibus
525 2472 815 2536 antepositis,
833 2490 976 2535 quem
996 2482 1092 2518 tam
1121 2489 1178 2517 ex
1204 2472 1403 2518 bacchio
1428 2489 1569 2535 quam

117 2564 174 2592 ex
219 2547 392 2593 cretico
441 2548 677 2594 solutione
720 2548 984 2610 longarum,
1031 2548 1077 2593 id
1121 2557 1191 2593 est
1233 2548 1385 2611 prima
1433 2549 1572 2611 longa

117 2624 277 2670 cretici
311 2634 357 2670 et
383 2625 589 2671 secunda
621 2626 822 2682 bacchii,
847 2626 905 2670 ab
941 2624 1111 2670 ultima
1143 2624 1265 2670 effici
1302 2625 1486 2670 cunctis
1525 2624 1567 2669 in

172 2780 191 2799 a
209 2773 545 2821 Eeho—canebat]
569 2775 910 2812 Echos—canebas
930 2776 970 2810 P.
1044 2772 1064 2801 b
1086 2774 1216 2821 igitur]
1239 2776 1364 2824 itaque
1385 2776 1424 2810 P.
1482 2782 1498 2801 ⁰
1519 2783 1571 2811 ta-

116 2825 220 2873 liter]
245 2826 351 2862 aliter
370 2827 410 2862 P.
542 2825 561 2853 d
581 2827 756 2875 diximus]
780 2828 951 2871 diximus,
973 2828 1036 2877 qui
1057 2836 1093 2863 et
1115 2827 1184 2876 ipsi
1204 2827 1334 2876 quinq.
1358 2837 1567 2875 temporum

117 2879 340 2927 proceritate
362 2879 544 2925 nituntur,
560 2882 659 2930 quod
682 2883 764 2918 ideo
784 2881 942 2918 diximus
959 2882 998 2917 P.
1055 2888 1071 2907 e
1092 2882 1179 2930 qua]
1196 2894 1276 2929 quae
1293 2882 1333 2917 P.
1392 2879 1406 2906 f
1422 2881 1563 2926 izunbo]

118 2931 229 2968 iambi
251 2933 290 2969 P.

821 3008 894 3042 s2
