1962 3355
146 232 250 264 cAP.
276 226 347 263 15.
431 216 512 263 De
535 216 787 278 Anapaesti
806 216 951 261 metri
968 216 1229 279 generibus
1254 215 1336 277 ἅμ’.
1502 223 1585 260 181

144 337 365 384 trochaeis
393 355 473 384 seu
504 336 747 401 syzygiam
775 335 876 397 ejus
911 334 1198 396 adjunxeris,
1229 333 1590 381 aProsodiacum

144 422 347 460 metrum
386 413 574 470 efficies,
611 411 769 474 bquod
809 428 994 474 semper
1032 429 1056 457 a
1092 411 1326 474 disyllabo
1365 410 1594 472 quolibet,

144 499 211 545 ut,

277 565 392 613 Heu
417 566 507 612 heu
533 566 641 612 date
665 581 789 611 nunc
810 564 993 610 sonitus
1016 564 1126 609 date
1152 562 1275 609 bella
1300 562 1412 609 tela.

146 642 266 687 Item
295 659 351 687 ex
378 643 537 699 heroo,

282 717 510 765 Carmina
527 718 734 781 pulchra
759 717 875 764 mihi
898 734 924 763 0
951 717 1057 762 boni
1079 716 1281 762 sodales.

146 793 346 840 Accedit
372 794 443 839 his
467 795 609 841 etiam
646 795 725 840 illa
750 793 1139 856 anapaesticorum
1166 791 1343 856 species
1374 789 1432 836 de
1467 790 1597 836 fonte
1618 803 1638 833 8

146 870 367 933 dactylici
394 888 550 917 versus
575 871 783 926 veniens,
808 879 915 933 apta
946 868 1203 915 admodum
1229 867 1438 923 comicis,
1462 865 1598 929 dquae

145 948 456 1008 Ἀριστοφάνειος
503 955 775 1011 nuncupata
810 955 894 1001 est,
942 963 1037 991 non
1086 944 1196 1008 quia
1233 943 1449 990 conditor
1497 943 1599 1004 ejus

147 1022 514 1086 eAristophanes
540 1023 644 1079 fuit,
676 1041 785 1069 nam
812 1033 859 1068 et
883 1021 1083 1085 Eupolis
1109 1030 1156 1066 et
1181 1020 1402 1066 Cratinus
1436 1019 1600 1083 priscae

147 1098 395 1144 comoediae
422 1097 688 1161 fscriptores
714 1117 763 1145 ea
791 1099 860 1144 usi
888 1107 1012 1155 sunt,
1037 1097 1116 1143 sed
1141 1097 1251 1159 quia
1282 1096 1514 1159 plurimus
1550 1095 1597 1141 in

148 1174 238 1220 hoc
263 1183 412 1220 metro
436 1174 778 1237 Aristophanes
814 1174 1065 1219 invenitur.
1137 1171 1287 1232 Cujus
1313 1171 1491 1234 species
1516 1170 1602 1216 du-
1619 1187 1639 1218 9

145 1249 272 1313 plex‚
296 1250 511 1313 paeonica
543 1260 589 1294 et
621 1249 916 1312 anapaestica.
985 1249 1114 1294 Nam
1141 1266 1299 1294 versus
1324 1247 1603 1311 Aristopha-

147 1326 252 1372 nius
291 1326 532 1389 paeonicus
572 1334 759 1371 constat
799 1343 824 1371 e
865 1325 1014 1371 tribus
1054 1325 1218 1388 primis
1255 1323 1519 1388 paeonibus,
1556 1331 1604 1368 et

148 1402 490 1466 amphimacrO,
517 1411 570 1448 ut
593 1410 677 1458 est,

279 1478 397 1524 Jam
433 1478 634 1542 Tyberis
660 1495 715 1524 en
729 1477 959 1540 placidus
982 1477 1031 1523 in
1054 1478 1211 1524 maria
1237 1476 1434 1523 labitur.

149 1554 291 1612 Item,

281 1631 508 1694 Egregia
530 1630 767 1692 percoluit
790 1630 988 1693 ingenia
1012 1629 1217 1676 Masice.

151 1707 341 1758 Quibus
367 1707 402 1752 si
427 1707 620 1753 ultimas
648 1707 808 1751 breves
832 1723 1054 1769 paeonum
1079 1706 1313 1763 detrahas,
1337 1704 1425 1751 erit
1448 1705 1604 1751 omnis
1628 1726 1667 1747 10

150 1783 443 1846 gdactylicus
468 1792 768 1828 tetrametrus
789 1782 1120 1845 anapaesticus,
1136 1781 1250 1844 hqui
1267 1789 1453 1827 constat
1475 1779 1607 1827 iana-

150 1859 308 1923 paestis
334 1868 515 1922 septem
541 1868 588 1904 et
613 1858 869 1921 semipede,
895 1858 975 1920 qui
1002 1868 1073 1904 est
1097 1857 1379 1911 octonarius,
1397 1856 1589 1911 kveluti,

207 1936 330 1976 Alius
350 1935 511 1975 cithara
533 1935 750 1989 sonituque
761 1940 910 1988 potens
932 1935 1115 1974 volucres
1130 1933 1382 1988 pecudesque
1403 1946 1574 1972 movere.

152 2006 300 2070 Cujus
326 2008 456 2070 origo
481 2006 586 2052 talis
618 2016 714 2053 est:
751 2006 922 2052 Omnis
954 2024 1036 2070 pes
1074 2006 1122 2052 in
1159 2006 1434 2052 hexametro
1460 2005 1606 2051 heroo
1630 2023 1662 2043 1¹

152 2085 353 2149 primam
393 2083 621 2147 syllabam
659 2084 851 2146 longam
892 2082 1063 2128 habeat
1093 2099 1283 2128 necesse
1315 2090 1400 2139 est,
1425 2091 1472 2127 et
1505 2081 1607 2128 lhic

151 2178 308 2206 versus
335 2160 394 2205 sit
418 2159 592 2223 pedum
621 2177 718 2216 sex,
739 2160 1149 2223 mAristophanius
1175 2168 1350 2216 autem,
1367 2159 1478 2221 quia
1504 2177 1608 2222 sep-

152 2244 249 2281 tem
286 2234 486 2298 pedibus
526 2244 572 2280 et
608 2235 849 2299 semipede
885 2235 1112 2290 subsistit,
1149 2235 1411 2281 necessario
1443 2234 1610 2296 adjun-

207 2360 225 2379 a
244 2352 525 2400 Prosodiacum]
549 2351 900 2401 Prosodipodiacum
922 2353 962 2388 P.
1122 2350 1142 2377 b
1163 2351 1281 2400 quod]
1307 2364 1388 2400 quae
1408 2352 1449 2389 P.
1471 2363 1514 2387 ex
1535 2363 1608 2387 em.

153 2403 173 2431 d
191 2406 463 2453 Ἀριστοφάνειος]
483 2412 506 2454 (j
526 2404 798 2454 aristophanius
816 2406 854 2441 P.
939 2412 953 2427 ⁶
966 2403 1250 2453 Aristophanes]
1273 2403 1552 2454 Aristiphaneos
1566 2405 1607 2440 P.

152 2458 252 2496 Dedi
273 2471 359 2494 mox
384 2459 532 2506 Eupolis
550 2471 617 2507 pro
637 2459 845 2506 AEschylus.
1012 2457 1029 2484 f
1045 2457 1244 2507 scriptores
1265 2470 1307 2494 ea
1328 2457 1399 2505 usi]
1431 2457 1610 2506 scriptore

154 2512 209 2548 usi
235 2512 277 2548 P.
414 2518 435 2546 g
465 2512 686 2561 dactylicus]
721 2512 877 2548 dactilus
906 2512 946 2547 P.
1091 2509 1111 2537 h
1132 2510 1194 2560 qui
1213 2511 1376 2557 constat]
1400 2519 1547 2546 constat
1567 2511 1607 2546 P.

152 2563 162 2590 i
182 2565 396 2614 anapaestis]
422 2564 655 2614 anapaesticis
675 2566 716 2601 P.
865 2563 887 2590 k
904 2564 1032 2611 veluti]
1057 2564 1155 2600 velut
1175 2565 1214 2600 P.
1361 2562 1372 2589 1
1390 2564 1467 2611 hic]
1492 2563 1547 2599 his
1568 2564 1608 2598 P.

155 2625 185 2643 ¹¹¹
206 2618 508 2666 Aristophanius]
532 2618 800 2667 Aristophanes
822 2619 863 2654 P.

210 2725 243 2761 7.
286 2713 568 2760 Prosodiacum]
612 2715 853 2762 Prosopodia-
909 2719 932 2733 “
955 2713 1084 2756 Deest,
1106 2722 1148 2749 ut
1168 2714 1312 2762 opinor,
1336 2711 1562 2749 inchoatur.'’

154 2779 232 2802 cum
279 2767 335 2802 ed.
372 2767 537 2816 Tubing.
591 2767 824 2803 Camerarius
841 2781 848 2802 ι
960 2766 1010 2802 ib.
1025 2765 1208 2815 quolibet]
1227 2767 1383 2803 Videtur
1397 2767 1458 2802 hic
1472 2764 1607 2814 aliquid

156 2824 179 2839 “
201 2820 327 2855 Scribe
345 2822 595 2867 prosodiacum
614 2828 772 2856 metrum
789 2820 852 2855 ἀπὸ
906 2820 1045 2856 deesse.
1076 2820 1250 2855 COMM.
1299 2820 1394 2855 Mox
1424 2819 1459 2854 iu
1482 2830 1607 2853 exem-

156 2877 179 2892 “
200 2875 255 2916 τῆς
269 2875 453 2920 προσῳδίας,
468 2872 504 2908 id
519 2881 585 2915 est,
601 2875 711 2918 ὕμνων.
742 2873 850 2914 Mox,
907 2872 969 2922 plo
1001 2873 1204 2908 secundum
1238 2875 1323 2908 date
1350 2873 1388 2908 in
1421 2871 1529 2907 metri
1556 2869 1606 2905 le-

157 2929 180 2944 “
201 2927 295 2971 quod
310 2937 445 2972 semper
457 2938 478 2961 α
492 2927 667 2973 disyllabo
681 2927 849 2972 quolibet.
906 2938 990 2976 gem
1013 2934 1154 2975 peccat.
