1962 3355
125 231 231 262 CAP.
256 224 329 262 15.
401 214 484 259 De
507 211 761 275 Anapaestz'
785 211 926 257 metri
945 212 1204 275 generibus
1229 211 1315 271 &a
1485 219 1573 257 183

126 335 382 398 ¹”Adempta
406 335 534 381 enim
572 334 724 398 prima
760 332 926 379 initiali
953 341 999 378 et
1024 332 1162 378 tertia
1187 332 1356 378 ultima
1379 331 1577 394 syllaba,

125 413 222 467 fiet,

262 487 396 533 Tuba
422 486 685 533 terribilem
709 486 913 532 sonitum
938 484 1068 530 dedit
1090 501 1187 530 oere
1210 492 1393 530 8εκινυο.

126 564 405 620 percutitur,
441 576 492 609 ut
525 562 669 618 vides,
704 560 953 624 anapaestis
992 569 1230 622 quattuor,
1267 560 1437 606 ultimo
1474 561 1580 606 bac·
1603 576 1638 608 ι7

125 640 237 687 chio
262 658 286 686 a
313 640 440 685 brevi
466 638 737 701 incipiente.
808 639 949 692 Item,

257 715 355 762 Ast
380 732 466 778 ego
475 714 588 779 jam
612 714 810 760 Bromio
834 712 1027 775 thyasos
1051 711 1294 758 celebrabo
1317 716 1519 758 trenato.

127 793 202 839 Ex
228 809 323 854 quo
348 790 658 854 anapaesticus
685 789 805 844 talis,

260 867 384 931 Ego·
389 866 491 929 jam
517 866 714 912 Bromio
739 865 932 929 thyasos
957 864 1201 911 celebrabo
1226 871 1351 911 nato.

129 945 311 990 Rursus
338 943 646 1007 anapaesticus
674 943 718 988 in
742 942 939 988 heroum
961 941 1296 1004 commigrabit
1317 941 1408 987 boc
1428 940 1585 999 modo,
1607 953 1643 982 18

267 1020 373 1066 Tibi
396 1019 615 1066 nascitur
639 1036 773 1065 omne
794 1035 951 1080 pecus,
977 1018 1064 1064 tibi
1088 1018 1258 1064 crescit
1283 1017 1458 1063 lzoedus.

131 1096 263 1142 Huic
288 1096 325 1142 si
351 1095 557 1157 adjicias,
582 1112 686 1156 quae
724 1094 866 1140 heroo
890 1094 1172 1149 detraxeras,
1198 1094 1243 1140 id
1269 1103 1355 1147 est,
1381 1093 1585 1157 primam

130 1181 175 1218 et
201 1172 387 1217 tertiam
415 1172 662 1234 syllabam,
688 1172 767 1216 fiet
793 1187 951 1216 versus
978 1170 1164 1224 herous,
1190 1170 1268 1223 ita,

164 1248 296 1294 IVam
321 1248 409 1293 tibi
432 1247 650 1292 nascitur
672 1263 807 1292 omne
827 1262 987 1307 pecus,
1013 1245 1100 1291 tibi
1124 1245 1293 1291 crescit
1318 1252 1363 1291 et
1387 1245 1563 1291 haedus.

199 1322 272 1367 Ita
293 1339 350 1367 ex
378 1339 425 1367 se
445 1339 527 1384 per
546 1321 859 1383 adjectionem
882 1320 1324 1383 detractionemque
1350 1331 1587 1384 parantur.
1614 1343 1649 1373 19

133 1398 343 1459 Ideoque
384 1415 408 1443 a
444 1397 729 1459 quibusdam
770 1407 1034 1460 anapaestus
1077 1396 1394 1460 antidactylus
1435 1397 1590 1444 dictus

133 1484 218 1530 cst,
243 1491 350 1520 cum
379 1473 591 1535 ejusdem
617 1473 916 1536 cognationis
944 1472 1052 1534 jure
1084 1472 1286 1536 proximi
1314 1473 1365 1519 in
1390 1473 1590 1519 eandem

134 1562 401 1614 temporum
435 1550 587 1612 legem
623 1567 972 1612 numerumque
998 1558 1295 1595 concurrant.
1368 1549 1466 1596 Hic
1490 1568 1587 1596 ver·
1613 1570 1652 1592 20

135 1645 213 1673 sus
239 1628 297 1673 ab
318 1627 592 1673 Archebulo
612 1627 931 1673 Archebulius
952 1626 1105 1672 dictus
1131 1636 1216 1682 est,
1241 1644 1336 1672 non
1356 1627 1459 1690 ipso
1485 1645 1594 1674 auc-

135 1714 235 1750 tore
267 1703 436 1757 editus,
469 1702 549 1749 sed
588 1704 646 1749 ab
687 1722 743 1749 eo
773 1704 1043 1766 frequenter
1076 1713 1356 1767 usurpatus:
1395 1722 1503 1750 nam
1548 1714 1595 1751 et

139 1780 315 1842 Ibycus
341 1789 387 1825 et
413 1778 639 1825 Pindarus
665 1791 712 1826 et
737 1780 1007 1826 Simonides
1038 1780 1129 1826 hoc
1155 1798 1289 1826 versu
1315 1781 1454 1844 longe
1488 1790 1596 1826 ante

141 1856 210 1902 usi
245 1856 573 1902 ostenduntur.
645 1856 891 1920 Proprium
930 1866 1089 1902 autem
1127 1856 1477 1903 Archebulium
1510 1867 1650 1914 est‚21

140 1931 296 1994 vquod
324 1940 511 1977 constat
541 1931 696 1977 ionico
718 1931 794 1977 ἀπὸ
815 1932 1003 1993 μείζονος,
1029 1932 1386 1994 insequentibus
1411 1933 1596 1979 duobus

140 2008 340 2070 dactylis
366 2018 412 2053 et
437 2007 621 2054 duobus
647 2008 878 2055 trochaeis.
941 2008 1134 2071 Recipit
1158 2017 1205 2054 et
1229 2019 1520 2071 anapaestum
1547 2009 1595 2055 in

140 2086 235 2129 fine
260 2094 305 2129 et
332 2083 593 2147 spondeum
623 2102 706 2147 pro
731 2084 954 2140 trochaeo,
974 2084 1052 2130 sed
1080 2093 1128 2130 et
1153 2085 1402 2131 bacchium
1425 2103 1450 2131 a
1470 2086 1595 2131 brevi

140 2160 475 2223 incipientem:
514 2161 655 2221 hujus
681 2161 954 2223 exemplum
983 2170 1068 2217 est,

273 2237 392 2282 Jam
410 2253 499 2298 pes
522 2254 668 2283 novus
692 2244 838 2300 atque
861 2243 1046 2283 metron
1061 2236 1228 2299 placet
1252 2237 1529 2284 Archebuli.

144 2313 562 2375 WNonnumquam
605 2313 650 2358 in
684 2314 775 2359 hoc
808 2331 892 2377 pro
925 2313 1079 2376 prima
1117 2313 1295 2377 syllaba
1325 2314 1464 2377 longa
1495 2314 1599 2361 duae
1618 2339 1654 2360 22

142 2392 308 2435 breves
334 2399 600 2453 ponuntur:
640 2400 705 2446 ut,

281 2466 388 2513 Tibi
411 2467 626 2512 nascitur
649 2483 784 2512 omne
802 2483 965 2528 pecus,
990 2467 1077 2513 tibi
1102 2466 1273 2512 crescit
1298 2465 1458 2512 herba.

144 2542 265 2587 Item
293 2542 618 2589 Archebulion
645 2543 797 2606 prima
823 2543 1003 2605 syllaba
1029 2542 1225 2604 adjecta,

275 2618 422 2664 ZVune
437 2619 644 2682 pangite
670 2618 808 2665 dulce
831 2619 976 2665 melos
1000 2618 1139 2666 Jovis
1162 2618 1290 2664 alma
1306 2618 1485 2681 proles.

144 2693 273 2739 Nam
319 2695 598 2758 sesquipede
643 2696 754 2742 huic
796 2697 997 2752 sublato,
1035 2696 1079 2742 id
1122 2705 1192 2742 est
1232 2713 1358 2742 nunc
1385 2697 1603 2760 pangite,

144 2770 232 2814 erit
255 2769 607 2834 decasyllabum
634 2772 903 2829 Alcaicum‚
927 2772 1009 2826 sic,

200 2875 215 2893 ¹·
235 2868 399 2916 ademta]
424 2869 641 2918 adulempta
661 2871 700 2906 P.
865 2877 879 2896 ³
900 2871 1028 2917 curvo]
1048 2883 1199 2906 recurvo
1220 2870 1259 2905 P.
1420 2872 1434 2897 ‘t
1454 2871 1599 2917 renato]

150 2937 238 2965 nato
258 2929 299 2966 P.
413 2937 432 2956 v
452 2932 569 2980 quod]
596 2932 656 2981 qui
678 2933 721 2969 P.
830 2941 859 2959 w
878 2935 1182 2984 Nonnunquam]
1203 2925 1540 2983 —N‘ampnumquam
1561 2935 1603 2970 P.
