1962 3355
335 188 432 237 316
806 190 956 237 Atilii
979 192 1324 239 Fortunatiani
1621 207 1730 238 PAR.
1755 208 1788 237 1.

566 313 705 353 Castae
726 313 915 353 Pierides
936 327 1034 353 meae
1057 314 1277 354 Camoence.

337 386 568 432 Detracto
597 387 722 432 enim
766 385 1016 443 Camoeme,
1054 388 1109 432 fit
1144 385 1525 432 iAnacreonteon
1568 395 1791 443 metrum,

337 462 624 524 syllabarum
645 474 768 519 octo,
789 462 916 525 quod
937 461 1103 508 musici
1123 460 1410 508 kbacchicon
1431 471 1617 518 vocant,
1637 479 1792 524 gram-

337 539 499 585 matici
524 538 930 592 lehoriambicon3
967 538 1047 601 qui
1074 538 1250 601 duplex
1278 547 1462 584 constat
1491 555 1549 584 ex
1580 539 1720 600 longa
1744 546 1792 583 et

337 615 519 661 duabus
556 616 776 662 brevibus
807 625 853 660 et
888 615 1042 676 longa,
1066 613 1112 660 id
1139 624 1225 670 est,
1250 632 1308 661 ex
1344 615 1516 661 choreo
1540 624 1587 660 et
1616 614 1790 660 iambo.

338 692 449 738 Hoc
485 699 686 736 metrum
722 691 1072 736 incrementum
1109 690 1297 753 accipit,
1321 699 1368 736 et
1391 700 1547 737 totum
1581 691 1640 736 ab
1665 689 1790 736 mAl-

300 784 316 815 5
338 785 437 814 eaeo
476 776 681 813 tractum
734 777 804 812 est
850 767 909 812 ab
958 766 1161 813 Horatio
1211 777 1387 813 nostro.
1455 767 1616 814 nNam
1663 766 1790 829 quod

337 854 421 901 est,

567 910 704 949 Castae
724 908 915 948 Pierides
936 923 1048 959 mese,

337 992 411 1038 ⁰id
436 1002 505 1038 est
530 991 655 1056 apud
682 992 955 1047 Horatium,

565 1087 815 1127 Intermissa
843 1088 975 1127 Venus
995 1087 1084 1126 diu.

337 1176 524 1223 Demus
561 1176 628 1222 illi
666 1176 1028 1231 incrementum,
1059 1175 1104 1222 id
1135 1186 1207 1222 est
1242 1193 1327 1240 pro
1356 1193 1452 1222 uno
1487 1175 1606 1222 duos
1642 1174 1793 1221 chori-

339 1253 518 1311 ambos,
543 1254 640 1310 fiet,

566 1330 813 1369 Intermissa
833 1329 908 1369 diu
930 1330 1083 1369 Pmissa
1104 1329 1177 1369 diu
1203 1331 1346 1369 Venus.

337 1396 399 1443 et,

568 1452 705 1492 Castae
725 1451 931 1499 Pierides,
953 1451 1144 1491 Pierides
1165 1464 1275 1491 meae.

338 1526 450 1572 huic
475 1525 628 1571 simile
653 1525 783 1581 (ierit,

564 1618 622 1657 M
622 1631 777 1657 oecenas
797 1618 937 1657 atavis
956 1617 1061 1657 edite
1081 1617 1268 1672 regibus,

568 1685 604 1724 Ο
623 1691 661 1725 et
672 1685 925 1740 prcesidium
947 1691 985 1725 et
1005 1684 1120 1724 dulce
1141 1684 1261 1724 decas
1282 1697 1429 1723 meum.

299 1794 318 1825 6
339 1778 436 1825 Hic
483 1778 656 1824 etenim
701 1779 784 1840 qui
826 1778 1060 1843 disyllabo
1102 1778 1244 1824 verbo
1281 1777 1498 1823 absoluto
1538 1776 1716 1834 finitur,
1756 1777 1793 1822 si

339 1854 549 1901 amiserit
573 1855 920 1909 choriambum,
945 1855 1033 1900 erit
1065 1853 1132 1900 illi
1160 1863 1310 1900 metro
1335 1870 1419 1917 par
1442 1853 1600 1915 reujus
1634 1870 1796 1900 exem-

338 1932 488 1996 plum,

567 1998 706 2037 Castae
726 1997 918 2037 Pierides
938 2011 1051 2037 meae.

338 2071 420 2115 fiet
444 2069 588 2125 enirn,

566 2146 626 2185 SO
645 2151 683 2185 et
695 2146 948 2200 praesidium
968 2160 1116 2186 meum.

339 2246 496 2275 rursus
522 2228 760 2274 adcrescat
784 2228 1103 2286 choriambus,
1127 2229 1225 2286 fiet,

570 2317 708 2356 Castce
729 2316 919 2356 Pierides
940 2317 1133 2356 Pierides
1154 2330 1283 2363 meae,-

341 2383 401 2429 et,

571 2438 606 2477 0
625 2444 663 2477 et
674 2439 925 2493 prcesidium
946 2443 984 2478 et
999 2438 1114 2478 dulce
1134 2438 1254 2479 decus
1276 2452 1407 2478 meum
1424 2455 1437 2485 ,-

340 2516 402 2561 et,

565 2571 814 2611 Intermissa
843 2572 975 2611 Venus
996 2572 1123 2611 missa
1151 2572 1282 2611 Venus
1303 2571 1392 2611 diu.

395 2720 407 2747 i
426 2719 721 2767 anacreontium]
744 2726 1005 2756 anacreontem
1026 2720 1075 2757 V.
1097 2721 1201 2757 Med.
1287 2719 1308 2746 k
1329 2721 1514 2767 bacchion]
1539 2721 1727 2757 bacclzicon
1748 2721 1794 2756 V.

344 2775 570 2811 bacchiacum
590 2774 687 2810 Mar.
710 2772 895 2809 victorin.
917 2773 983 2808 IV.
1011 2785 1041 2816 1,
1065 2774 1128 2821 63.
1278 2773 1289 2800 l
1309 2775 1557 2821 choriambon]
1583 2775 1795 2810 choriambi-

344 2841 407 2864 con
428 2829 476 2864 V.
640 2834 671 2852 m
691 2827 823 2873 altero]
847 2828 945 2863 alceo
965 2827 1012 2863 V.
1178 2834 1198 2852 n
1228 2829 1426 2875 namquod]
1453 2840 1604 2874 namque
1625 2827 1668 2863 V.
1689 2827 1794 2862 Med.

344 2890 363 2909 0
382 2883 419 2917 icl
439 2881 507 2928 est]
530 2882 621 2916 idem
640 2881 688 2917 V.
799 2887 819 2914 P
841 2882 944 2915 missa
965 2881 1027 2916 diu
1047 2892 1122 2916 orn.
1141 2881 1186 2915 V.
1297 2888 1317 2915 q
1337 2883 1404 2916 erit
1425 2894 1500 2918 om.
1524 2881 1570 2917 V.
1681 2887 1696 2906 r
1716 2880 1791 2927 cui]

343 2934 444 2981 cnjus
463 2935 510 2970 V.
532 2934 635 2970 Med.
778 2942 791 2961 S
810 2935 840 2968 O
854 2934 1079 2981 prce-sidium]
1098 2940 1131 2969 et
1146 2936 1355 2981 prce-sidium
1372 2934 1416 2970 V.
