1962 3355
151 234 256 265 CAP.
289 227 358 265 13.
641 217 718 264 De
742 218 943 264 dimetro
965 234 1119 265 versu.
1512 229 1598 278 175

149 340 537 403 heptasyllabum
584 343 914 386 hexametrum
963 339 1180 394 heroum,
1228 339 1303 386 cui
1347 340 1599 404 Priapeum

147 434 324 463 nomen
349 426 433 476 est,
458 417 708 481 figurabis:
746 424 812 472 ut,

193 493 274 541 Sic
298 502 343 541 te
368 495 476 542 diva
494 501 665 557 potens
695 492 861 556 Cypri.
912 491 1066 538 Grato
1091 492 1295 555 Pyrrha
1319 492 1406 539 suh
1431 499 1586 540 antra

146 571 240 623 Qui
290 580 474 617 constat
519 588 577 617 ex
624 569 848 634 spondeO,
895 568 1082 615 duobus
1140 568 1355 632 dactylis,
1401 577 1600 630 Xquarto

146 646 373 709 spondeo,
399 647 567 709 quinto
591 646 798 709 dactle,
825 653 958 691 sexto
984 645 1207 709 spondeo.
1279 645 1420 700 Item,

352 723 485 769 Οἶνον
502 723 734 786 pauperis
759 722 894 785 Ibyci

146 798 436 861 Glyconium
460 817 469 844 :

346 874 468 921 Cras
493 874 741 921 donaberis
765 874 893 920 hceclo

143 951 490 997 Pherecration.
561 951 748 1004 Quibus
774 950 1041 1012 conjunctis
1073 951 1349 996 hexameter
1373 950 1596 1014 Priapeus

142 1027 356 1083 efficitur,
382 1028 462 1084 sic,

281 1105 417 1151 Uxor
433 1106 665 1167 pauperis
688 1105 838 1168 Ibyci..
903 1104 1024 1151 Cras
1048 1102 1299 1148 donaberis
1323 1102 1463 1148 hoedo.

141 1181 423 1228 Memin‘eris
449 1191 608 1228 autem
634 1199 728 1227 non
759 1199 953 1227 omnem
978 1197 1168 1226 versum
1199 1179 1451 1241 Priapeum
1490 1195 1597 1240 pro-

141 1258 345 1303 babilem
372 1258 485 1314 fore,
505 1257 623 1303 ynisi
649 1275 757 1303 eum
784 1257 863 1320 qui
892 1274 950 1302 ex
971 1254 1210 1318 Glyconio
1228 1264 1275 1299 et
1297 1255 1596 1300 Pherecratio

138 1334 203 1380 ita
228 1343 298 1380 est
323 1336 631 1398 compositus,
661 1343 714 1381 ut
738 1342 935 1394 utraque
961 1332 1061 1393 ejus
1088 1330 1190 1376 cola
1225 1348 1248 1375 a
1286 1330 1499 1393 spondeo
1527 1331 1596 1376 in-

138 1410 399 1465 choentur3
435 1411 492 1457 de
518 1429 612 1474 quo
638 1428 722 1456 suo
748 1410 852 1455 loco
876 1408 1063 1472 plenius
1089 1407 1315 1453 dicemus.

409 1562 545 1612 CAP.
569 1560 733 1611 XIII.
792 1560 876 1610 De
903 1559 1127 1610 dimetro
1155 1576 1327 1609 versa.

203 1661 409 1707 Memini
452 1660 509 1707 de
550 1660 752 1706 dimetro
800 1669 910 1705 znos
950 1658 1163 1721 superius
1212 1658 1299 1703 sub
1345 1658 1591 1704 occasione

135 1738 393 1784 tetrametri
422 1737 559 1784 metri
587 1738 810 1801 pleraque
846 1735 1036 1791 dixisse,
1062 1734 1215 1796 aquod
1242 1743 1312 1780 est
1337 1734 1480 1780 veluti
1508 1752 1591 1780 na-

133 1814 347 1860 turaliter
372 1814 534 1878 epodis
563 1824 742 1878 aptum,
768 1813 952 1859 etiamsi
986 1812 1182 1876 Sappho
1218 1828 1406 1857 carmen
1439 1829 1498 1856 ex
1534 1829 1589 1857 eo

135 1890 414 1937 continuum
462 1891 716 1948 induxerit,
754 1889 913 1952 bquod
950 1888 1215 1952 appellatur
1249 1886 1416 1950 δίμοιρον
1446 1888 1588 1943 ἐπικὸν,

134 1967 258 2013 idem
310 1977 356 2012 et
401 1968 801 2030 pcntasyllabum,
849 1966 960 2028 quia
1006 1966 1279 2028 frequenter
1325 1964 1590 2010 cinvenitur

134 2061 243 2090 cum
271 2043 371 2089 aliis
397 2044 466 2089 sui
493 2045 691 2106 generis,
717 2042 928 2106 depodus
956 2041 1220 2088 habebitur.
1290 2041 1427 2086 Nihil
1457 2041 1583 2087 enim

132 2119 190 2165 de
216 2137 270 2165 eo
296 2137 437 2181 quam
466 2119 646 2165 dictum
674 2128 744 2164 est
764 2118 963 2180 majores
984 2117 1292 2174 tradiderunt,
1308 2117 1434 2163 unde
1460 2135 1586 2164 nunc

132 2195 188 2242 ad
215 2214 282 2253 ea,
307 2214 414 2258 quae
439 2196 496 2242 de
523 2196 800 2242 hexametro
828 2195 927 2258 pari
964 2194 1146 2240 ratione
1179 2202 1437 2257 propagata
1463 2204 1587 2252 sunt,

129 2282 358 2319 revertem
369 2291 433 2318 ur.

132 2405 273 2457 CAP.
305 2406 460 2457 XIV.
536 2408 621 2458 De
648 2406 834 2457 metris
861 2422 977 2474 quse
1001 2423 1067 2456 eoe
1092 2404 1511 2474 penthemimere
1537 2414 1588 2456 et

351 2490 792 2561 hephtlzemz'mere
819 2499 952 2541 tome
969 2497 1364 2559 propagantur.

197 2579 347 2625 Heroi
373 2597 533 2625 versus
558 2579 760 2642 primam
794 2578 1088 2635 incisionem,
1113 2586 1281 2639 equam
1319 2582 1586 2641 πευθημιμερῆ

128 2666 289 2703 tomen
334 2666 517 2711 vocant,
559 2656 605 2701 in
649 2673 742 2718 qua
789 2655 916 2719 prior
954 2654 1013 2700 sit
1060 2654 1311 2718 spondeUS,
1350 2654 1583 2700 secundus

127 2733 361 2795 dactylus,
398 2732 574 2779 dehinc
616 2733 812 2795 syllaba,
851 2733 888 2778 si
927 2732 1112 2778 duobus
1153 2731 1370 2795 pedibus,
1412 2732 1581 2795 integri

180 2854 200 2873 X
221 2848 368 2896 quarto]
393 2855 543 2896 quartus
562 2848 602 2883 P.
811 2855 829 2882 y
849 2848 929 2895 sed]
954 2847 1024 2884 nisi
1044 2848 1086 2884 P.
1306 2854 1324 2873 Ζ
1348 2847 1432 2893 nos]
1454 2848 1521 2883 hos
1542 2848 1580 2883 P.

128 2907 148 2926 a
166 2900 266 2950 quod
287 2901 361 2947 est]
387 2913 497 2949 quem
520 2902 558 2937 P.
669 2900 689 2927 b
709 2901 827 2950 quod]
853 2902 915 2950 qui
937 2902 976 2937 P.
1089 2907 1105 2926 c
1125 2899 1332 2947 invenitur]
1354 2901 1522 2935 inventus
1541 2901 1580 2936 P.

127 2951 147 2979 d
167 2954 325 3002 epodus]
348 2953 477 3002 epodis
498 2955 536 2990 P.
648 2961 663 2980 e
684 2955 811 3003 qnam]
835 2959 907 3003 que
930 2954 972 2989 P.

1617 1198 1654 1227 23
