1962 3355
139 171 242 202 CAP.
259 165 336 214 39.
643 153 761 201 Ὠὃαὶ
786 153 898 200 libri
920 154 1088 217 quinti.
1492 158 1582 196 523

253 275 366 322 Quid
385 275 469 328 tibifi
493 274 557 313 vis
577 273 738 327 mulifler
758 270 917 327 nilgrz's
938 270 1244 326 kdiflgmz'ssimafl
1267 270 1420 309 barris.

203 357 503 405 Duodecima
542 355 631 402 ode
668 364 872 402 metrum
912 354 1070 409 habet,
1088 353 1099 383 ¹
1119 352 1245 416 quod
1285 353 1343 398 ab
1384 351 1586 397 Horatio
1608 372 1644 392 12

136 434 452 497 compositum
479 432 665 488 dicitur,
690 441 737 478 et
767 449 850 496 per
883 431 1020 477 binos
1055 447 1215 476 versus
1250 427 1504 483 scanditur,
1529 444 1587 472 ex

136 511 308 573 quibus
334 528 455 556 unus
482 509 755 555 hexameter
779 507 995 554 heroicus
1021 515 1105 560 est,

254 597 459 651 Horrida}
483 595 708 651 tempelstas
730 595 885 649 coellum
906 592 1126 645 conltraoeit
1145 591 1361 645 etlimbres.

137 680 271 725 Alter
294 696 353 725 ex
378 678 658 742 mdactylico
681 687 729 724 et
752 678 911 724 iambo
936 676 1252 740 componitur.
1304 674 1432 720 Nam
1454 682 1589 736 quat-

141 763 249 801 tuor
272 754 415 818 pedes
450 755 633 800 iambos
660 754 817 807 habet,
842 753 915 798 vel
939 752 1074 809 duos,
1100 752 1136 798 si
1164 751 1451 815 compositos
1476 759 1591 813 npo-

141 848 250 876 nere
277 830 511 886 malueris,
536 838 582 876 et
607 829 725 876 duos
750 829 977 892 dactylos,
1002 838 1047 874 et
1073 827 1379 892 semipedem.
1447 827 1591 873 Scan-

139 907 266 953 ditur
291 915 450 952 autem
477 906 558 962 sic,

224 981 448 1037 Niveslque
469 981 695 1036 delclucuntl
718 980 898 1036 0J0veml
920 995 1032 1020 nunc
1052 983 1176 1035 mare}
1197 994 1309 1020 nunc
1328 979 1485 1034 sylvlae.

205 1066 410 1112 Decima
434 1065 573 1111 tertia
603 1064 692 1110 ode
717 1081 850 1127 aeque
875 1065 934 1109 ab
961 1063 1164 1110 Horatio
1189 1063 1455 1126 composita
1479 1061 1593 1108 dici-
1615 1081 1650 1111 13

139 1153 230 1199 tur,
255 1152 300 1187 et
325 1159 408 1205 per
433 1141 566 1186 binos
591 1158 750 1186 versus
777 1139 1032 1194 scanditur,
1057 1148 1143 1185 Pex
1170 1139 1342 1201 quibus
1368 1149 1438 1185 est
1470 1155 1592 1184 unus

142 1219 417 1264 hexameter
451 1217 729 1281 dactylicuS,
763 1217 879 1262 alter
914 1225 1186 1262 tetrameter
1218 1216 1465 1269 iambicus,
1490 1215 1592 1260 ‘lvel

140 1296 357 1351 dimeter,

309 1371 456 1411 Mollis
476 1370 651 1425 {mertia}
673 1385 750 1410 cur
769 1368 941 1421 multam
960 1367 1230 1424 dif1fuderz't1
1253 1367 1363 1407 imis.

205 1455 408 1501 Decima
448 1464 614 1517 quarta
654 1453 757 1511 ode,
795 1453 884 1500 hoc
930 1453 1055 1499 idem
1103 1461 1306 1498 metrum
1350 1451 1509 1506 habet,
1547 1458 1595 1496 et
1618 1469 1656 1498 14

141 1531 357 1577 similiter
383 1530 638 1586 scanditur,

310 1618 413 1658 Nooe
432 1621 531 1672 eratl
553 1623 591 1657 et
611 1616 950 1673 coelloficllgebatl
973 1617 1076 1657 luna
1095 1616 1263 1668 selreno.

208 1702 412 1748 Decima
436 1702 601 1764 quinta
636 1701 725 1748 ode
756 1718 814 1747 ex
850 1700 1036 1747 duobus
1075 1699 1360 1746 hexametris
1394 1705 1594 1753 constat,
1618 1719 1651 1750 ¹5

142 1778 379 1842 dactylico
403 1787 450 1824 et
473 1778 694 1832 iambico,

311 1853 571 1908 Alteraiyam
594 1855 757 1905 terifltur
777 1852 902 1904 beluis
920 1851 1133 1904 cilvz'lz'busl
1156 1856 1275 1891 aetas.

209 1938 413 1984 Decima
438 1946 570 1984 sexta
594 1936 683 1982 ode
716 1936 974 1982 iambicum
1011 1943 1215 1980 metrum
1253 1932 1412 1989 habet,
1435 1940 1482 1977 et
1512 1947 1596 1994 per
1618 1949 1654 1979 16

142 2015 351 2079 singulos
376 2032 534 2060 versus
561 2013 817 2068 scanditur,

311 2102 515 2156 Jamjam
537 2101 740 2156 fflficalci
761 2098 985 2153 doimaozusl
1009 2097 1235 2150 rscz‘enltiae.

144 2186 243 2232 Hic
278 2202 451 2241 versus,
486 2185 566 2245 qui
595 2201 788 2229 carmen
827 2182 1036 2228 seculare
1074 2180 1354 2244 appellatur,
1391 2176 1595 2241 Sapphi-

142 2279 253 2308 cum
294 2269 500 2307 metrum
544 2259 702 2314 habet,
741 2258 884 2321 quod,
927 2266 978 2304 ut
1018 2274 1158 2320 supra
1199 2255 1424 2311 diximus,
1461 2270 1596 2300 scan—

143 2337 284 2392 ditur,

370 2416 527 2472 Phoebe!
548 2417 863 2472 sylvalrumque}
883 2415 1037 2471 potens}
1059 2414 1220 2453 Diana.

199 2594 219 2621 k
239 2592 456 2644 dignissima
481 2593 613 2640 barris]
637 2594 817 2629 dinissima
840 2594 958 2628 bardis
978 2593 1022 2628 A.
1199 2589 1210 2616 ¹
1230 2589 1328 2638 quod
1349 2589 1395 2625 ab
1417 2588 1594 2634 Horatio]

146 2650 309 2696 quodque
329 2647 374 2681 ab
394 2647 514 2681 oracio
530 2647 575 2681 A.
687 2652 717 2671 m
738 2645 922 2694 dactylico
943 2653 982 2681 et
1000 2644 1144 2691 iambo]
1167 2643 1312 2690 dactylo
1333 2647 1367 2677 et
1388 2641 1537 2676 iambico
1551 2641 1595 2675 A.

147 2709 166 2727 ¹¹
188 2712 326 2751 ponere
354 2697 537 2739 malueris,
558 2706 595 2733 et
620 2698 714 2733 duos
734 2698 898 2746 dactylos
928 2706 966 2733 et
991 2696 1236 2746 semipedem]
1270 2695 1439 2729 malueris
1465 2705 1598 2739 ponere

147 2756 235 2790 duos
254 2758 288 2789 et
307 2752 482 2799 dactylico
503 2755 536 2786 et
555 2752 729 2798 semipede
748 2751 791 2785 A.
885 2756 904 2775 0
924 2750 1073 2795 Jovem]
1096 2762 1218 2785 novem
1242 2749 1286 2782 A.
1410 2752 1430 2780 P
1451 2757 1495 2780 ex
1515 2743 1597 2792 qui-

150 2807 233 2853 bus]
257 2819 299 2841 ex
317 2805 442 2852 quibus
460 2808 511 2838 est
531 2803 574 2838 A.
697 2810 716 2836 q
738 2801 792 2838 vel
812 2800 985 2850 dimeter]
1009 2803 1065 2838 vel
1085 2804 1244 2837 trimeter
1262 2801 1307 2835 A.
1445 2803 1461 2822 Υ
1480 2795 1596 2832 scien-

149 2858 228 2906 tiae]
253 2859 399 2895 cientiae.
442 2856 550 2902 Expl.
573 2868 633 2891 ars
653 2856 740 2891 liber
762 2856 960 2890 Diomedis.
997 2856 1048 2890 Hi
1066 2866 1198 2890 versus.

806 2924 947 2962 3x2
