1962 3355
274 616 314 655 36

271 1330 311 1362 37

334 186 429 222 400
966 177 1172 242 Rufinus

335 305 362 323 ‘⁴
385 315 442 344 an
481 298 622 361 longa
645 298 717 346 sit.
775 300 888 345 Jam
924 299 1111 363 kpaean,
1136 299 1262 362 quod
1297 302 1452 362 plures
1479 299 1622 345 habet
1646 300 1783 363 sylla-

334 380 362 399 “
388 375 485 429 bas,
521 391 745 421 numerus
783 393 808 420 a
843 374 1144 436 quibusdam,
1180 392 1274 420 non
1313 391 1392 436 pes
1429 373 1783 421 ¹existimatur.”

334 447 470 494 Idem
494 447 661 495 Cicero
687 449 732 494 in
759 449 973 511 Dialogis
1004 449 1061 494 de
1096 448 1360 511 Republica
1388 449 1535 494 multa
1559 449 1688 505 dicit,
1715 468 1783 496 re-

333 524 484 570 ferens
510 525 709 571 Asianos
745 533 949 570 oratores
982 523 1238 569 ditrochaeo
1263 523 1492 570 clausulas
1517 525 1782 571 terminare.

398 601 710 647 Terentianus
730 600 787 646 de
808 600 997 655 cretico,
1014 600 1105 645 hoc
1124 607 1194 644 est
1217 597 1275 644 de
1295 600 1622 662 amphimacro
1646 602 1781 665 pede,

334 679 398 723 sic
422 677 536 723 dicit
555 696 564 723 z

392 765 582 819 Optimus
599 777 672 818 pes
688 769 726 803 et
744 763 911 802 melodis
931 768 969 803 et
990 771 1023 790 m
1026 762 1212 817 pedestri
1227 763 1396 818 glorice.

389 832 626 870 Plurimum
648 836 813 870 orantes
832 830 997 880 decebit,
1016 829 1179 884 quando
1201 838 1221 857 ¹¹
1231 843 1336 884 pene
1354 831 1400 869 z‘n
1421 829 1564 870 ultimo

392 899 555 938 Obtinet
574 898 706 938 sedem
727 898 899 945 beatam,
923 898 1113 937 terminet
1132 898 1169 937 sz'
1190 897 1418 936 clausulam

388 966 609 1020 Dactylus,
630 965 834 1020 spondeus
854 966 1021 1012 offlam,
1044 978 1115 1003 uec
1137 963 1355 1004 troclcoeum
1376 978 1538 1018 respuo.

389 1033 590 1073 Bacchios
611 1039 804 1087 utrosque
804 1033 978 1088 flagito,
1000 1045 1071 1071 uec
1092 1031 1256 1085 refellas
1278 1031 1565 1085 ptr-ibraclzyn.

389 1100 504 1139 Nam
524 1099 622 1139 solet
641 1099 811 1153 longam
832 1098 1032 1138 trochaeus
1053 1098 1236 1138 qsolvere
1256 1099 1302 1137 in
1322 1098 1428 1138 duas
1449 1099 1599 1139 breves.

394 1167 511 1208 Unde
531 1173 568 1207 et
587 1167 796 1222 appellant
818 1166 1056 1214 trochoeum‚
1079 1179 1195 1220 quem
1217 1179 1409 1206 vocamus
1431 1166 1687 1222 tribrachyn,

391 1236 564 1275 Plenius
585 1240 791 1275 tractatur
811 1233 925 1274 islud
946 1238 1055 1273 farte
1075 1238 1112 1272 et
1127 1246 1258 1287 prosa
1278 1232 1499 1273 rhetorum.

398 1318 651 1381 Pompeius
689 1317 976 1363 Messalinus
1002 1316 1059 1362 de
1091 1317 1299 1362 numeris
1325 1326 1372 1362 et
1406 1316 1606 1380 pedibus
1630 1324 1783 1362 orato-

331 1411 435 1439 rum
456 1394 521 1439 sic
538 1393 679 1438 dicit:
707 1393 909 1438 “Cicero
930 1392 1191 1456 spondeum
1213 1392 1370 1438 incisis
1390 1393 1613 1439 idoneum
1633 1401 1782 1456 putat,

333 1477 361 1495 ‘⁶
387 1469 465 1532 qui
496 1471 593 1531 (sut
618 1470 700 1528 ait)
728 1469 1012 1532 paucitatem
1053 1469 1226 1532 pedum
1259 1469 1485 1532 gravitate
1516 1487 1597 1515 sua
1623 1478 1668 1514 et
1693 1478 1783 1514 tar-

333 1552 361 1571 “
386 1545 533 1591 ditate
568 1556 858 1608 compensat.
928 1545 1223 1591 Dochmium
1263 1554 1426 1609 aptum
1467 1545 1582 1591 dicit
1618 1545 1782 1606 quovis

334 1627 361 1645 “
388 1621 491 1666 loco
522 1638 620 1666 esse
650 1620 763 1666 dum
803 1622 948 1667 semel
987 1630 1199 1684 ponatur,
1233 1623 1459 1684 quoniam
1498 1620 1783 1667 continuitas

334 1704 362 1721 “
389 1713 638 1742 numerum
696 1714 913 1760 asperum
975 1697 1176 1743 efficiat:
1231 1697 1543 1744 ditrochaeum
1595 1714 1784 1759 quoque

334 1780 361 1798 “
388 1773 607 1835 praeclare
643 1773 839 1819 cadere:
893 1774 1100 1836 palmam
1138 1774 1196 1819 de
1233 1775 1454 1819 omnibus
1494 1773 1667 1819 cretico
1702 1774 1786 1819 tri-

333 1855 361 1874 “
387 1849 529 1894 buit.’'
565 1848 687 1894 Item
710 1849 767 1894 de
787 1848 1069 1895 Sallustiana
1094 1850 1439 1913 compositione
1465 1849 1560 1896 sive
1585 1867 1784 1895 numero

332 1935 378 1970 et
403 1934 637 1971 structura
656 1924 721 1970 sic
740 1924 880 1971 dicit:
920 1933 948 1951 “
976 1928 989 1953 t
1006 1925 1150 1972 Nunc
1176 1926 1212 1972 si
1238 1926 1466 1983 videatur,
1490 1926 1784 1972 Sallustianae

333 2001 564 2064 “periodi
599 2019 820 2047 numeros
845 2001 1169 2066 inspiciamus.
1229 2004 1327 2050 Res
1357 2021 1501 2066 popu,
1537 2003 1782 2066 dactylus:

331 2085 359 2104 ‘⁶
387 2078 490 2133 liro,
516 2078 658 2135 marti,
682 2077 868 2134 Marco,
895 2088 986 2124 tres
1012 2079 1222 2142 spondei.
1263 2079 1463 2141 Lepido,
1489 2088 1782 2143 anapaestus:

334 2161 362 2179 “
393 2154 576 2203 Quinto
605 2153 791 2209 Catulo,
817 2155 1053 2217 spondeus
1090 2165 1136 2202 et
1171 2164 1462 2220 anapaestus:
1501 2155 1784 2211 consulibus,

334 2237 362 2255 “
388 2247 520 2293 paean
549 2231 755 2293 primus:
792 2248 848 2276 ac·
872 2231 1048 2285 deinde,
1074 2231 1319 2278 dichoreus
1353 2231 1448 2276 sive
1472 2230 1782 2276 ditrochaeus:

333 2314 361 2332 “
387 2305 544 2361 militi,
564 2305 806 2369 dactylus:
845 2324 880 2352 (ε
902 2306 1040 2362 domi,
1065 2307 1263 2353 creticus
1285 2326 1295 2352 ε
1328 2312 1495 2369 gestas
1519 2305 1782 2369 spondeus:

333 2391 361 2409 “
388 2383 638 2444 composui,
663 2382 966 2428 choriambus
992 2399 1049 2427 ex
1087 2382 1226 2445 longa
1251 2391 1296 2427 et
1331 2381 1473 2437 brevi,
1498 2391 1543 2427 et
1577 2383 1701 2427 brevi
1736 2391 1783 2428 et

334 2466 361 2484 “
387 2458 565 2520 longa.”

397 2534 594 2579 vCicero
642 2533 700 2579 de
741 2535 1085 2597 compositione
1138 2533 1478 2579 Demosthenis
1531 2533 1596 2579 sic
1643 2533 1779 2578 dicit:

387 2637 408 2664 k
427 2639 551 2688 paean]
576 2651 681 2687 paeon
704 2638 798 2675 Ven.
923 2636 934 2663 l
954 2639 1201 2686 existimatur]
1227 2638 1428 2675 aestimetur
1449 2638 1542 2674 Ven.
1665 2644 1694 2662 m
1715 2650 1781 2686 pe-

338 2692 468 2740 destri]
493 2691 672 2740 pedestris
692 2691 788 2727 Ven.
897 2698 915 2717 ¹¹
937 2704 1032 2741 pene
1052 2691 1087 2728 in
1110 2690 1242 2728 ultimo
1263 2691 1424 2737 obtinet]
1453 2690 1619 2736 penultio
1639 2689 1783 2739 optinet

338 2745 432 2781 Ven.
597 2753 614 2771 0
633 2743 764 2791 imam]
790 2756 862 2780 una
884 2744 976 2780 Ven.
1153 2752 1172 2779 P
1192 2744 1418 2794 tribrachyn]
1441 2743 1666 2780 tribrachum
1686 2743 1781 2778 Ven.

337 2806 357 2833 (1
377 2798 534 2845 solvere]
557 2810 630 2833 0111.
651 2797 749 2833 Ven.
862 2805 876 2824 r
896 2805 973 2833 arte
992 2805 1029 2833 et
1048 2811 1122 2833 0111.
1144 2799 1238 2834 Ven.
1260 2803 1293 2833 et
1312 2810 1387 2833 om.
1408 2796 1493 2833 Ald.
1614 2802 1629 2821 s
1650 2803 1689 2831 ut
1710 2795 1777 2842 ait]

336 2860 399 2887 aut
419 2852 514 2887 Ven.
638 2850 652 2875 t
672 2862 772 2886 nunc
791 2849 838 2897 si]
866 2863 1018 2887 numero
1038 2852 1089 2886 sic
1110 2851 1203 2886 Ven.
1329 2857 1346 2875 v
1366 2849 1514 2897 Cicero]
1538 2849 1643 2885 Orat.
1663 2861 1694 2885 c.
1718 2858 1780 2896 70.

336 2902 609 2941 Cicero—dicit
629 2915 703 2939 om.
724 2903 820 2939 Ven.
