1962 3355
157 184 262 215 CAP.
281 178 327 227 9.
574 168 657 214 De
673 168 911 231 poematis
930 167 1202 231 generibus.
1512 175 1605 214 453

157 299 247 345 tur,
272 288 384 350 quia
408 288 502 334 fere
539 305 702 351 regum
742 287 813 332 vel
855 285 1236 348 magistratuum,
1261 284 1341 347 qui
1379 293 1610 348 praetexta

156 373 370 421 utuntur,
395 364 442 410 in
466 363 721 426 lejusmodi
746 362 918 408 fabulis
945 370 1048 407 acta
1072 361 1558 424 comprehenduntur.

223 440 441 487 Secunda
481 440 659 504 species
697 447 980 501 togatarum,
1007 454 1112 499 quae
1137 437 1416 483 tabernariae
1441 437 1608 484 dicun-

157 525 249 571 tur,
268 525 358 562 met
376 517 647 562 humilitate
671 531 975 580 personarum
998 521 1045 559 et
1070 522 1456 577 argumentorum
1478 514 1609 560 simi-

156 593 356 639 litudine
396 593 645 640 comoediis
687 610 836 656 pares,
874 591 920 636 in
959 591 1131 654 quibus
1171 608 1264 636 non
1305 590 1608 654 magistratus

156 678 394 732 '‘regesve,
420 669 499 716 sed
536 669 742 716 humiles
780 667 998 714 homines
1031 676 1077 713 et
1109 667 1300 730 privatae
1332 667 1501 713 domus
1538 667 1610 713 in-

156 746 422 801 ducuntur3
461 756 592 810 ⁰quae
618 746 743 809 quod
781 746 894 791 olim
932 743 1104 790 tabulis
1142 752 1426 807 tegerentur,
1452 752 1610 790 Pcom-

157 824 366 870 muniter
388 824 663 870 tabernariae
688 823 991 869 vocabantur.

222 900 381 946 Tertia
407 899 585 963 species
610 908 681 945 est
704 898 972 945 fabularum
998 897 1294 954 Latinarum,
1319 915 1424 960 quae
1449 915 1475 943 a
1499 897 1610 944 civi-

157 984 253 1022 tate
278 977 511 1021 Oscorum
537 975 740 1031 ‘lAtella‚
767 975 811 1019 in
847 992 940 1036 qua
965 973 1174 1037 primum
1208 982 1422 1037 rcoeptae,
1448 975 1611 1037 appel-

157 1053 263 1099 latae
301 1062 409 1099 sunt
434 1052 681 1107 Atellanae,
722 1050 1012 1113 argumentis
1051 1050 1284 1112 dictisque
1313 1049 1610 1111 jocularibus

158 1129 334 1175 similes
361 1128 572 1192 satyricis
598 1126 768 1172 fabulis
795 1126 988 1172 Graecis.

224 1206 404 1257 Quarta
447 1203 624 1267 species
661 1212 732 1248 est
761 1202 1045 1265 planipedis,
1086 1201 1191 1264 squi
1234 1202 1400 1248 Graece
1438 1201 1613 1248 dicitur

158 1281 356 1327 Mimus.
427 1279 541 1326 Ideo
579 1287 737 1325 autem
781 1278 953 1325 Latine
995 1278 1239 1342 tPlanipes
1278 1278 1448 1334 dictus,
1483 1278 1612 1340 quod

157 1367 337 1404 actores
374 1356 525 1420 planis
564 1355 780 1419 pedibus,
817 1355 864 1401 id
905 1363 975 1401 est
1012 1354 1165 1411 nudis,
1201 1354 1501 1418 proscenium
1543 1354 1614 1400 in—

155 1434 367 1488 troirent,
392 1451 486 1479 non
525 1441 576 1478 ut
612 1432 776 1495 tragici
811 1441 988 1479 actores
1022 1449 1132 1478 cum
1170 1431 1432 1488 cothurnis,
1457 1449 1613 1495 neque

157 1520 208 1558 ut
245 1510 415 1557 comici
452 1527 563 1556 cum
600 1509 764 1566 socciS,
795 1509 920 1555 Vsive
959 1507 1086 1571 quod
1125 1507 1240 1554 olim
1280 1525 1373 1554 non
1412 1508 1459 1554 in
1504 1526 1614 1572 sug-

157 1596 291 1651 gestu
341 1604 494 1633 seenae
537 1586 616 1632 sed
662 1586 709 1632 in
759 1586 901 1649 plano
938 1584 1190 1631 orchestrae
1233 1584 1399 1648 positis
1441 1585 1614 1632 instru-

158 1664 333 1710 mentis
371 1662 575 1709 mimicis
607 1663 921 1708 Wactitabant.
991 1661 1138 1723 Cujus
1175 1660 1442 1725 planipedis
1468 1661 1614 1707 XAtta

158 1749 422 1803 togatarum
451 1739 648 1801 scriptor
672 1739 736 1784 ita
763 1739 809 1784 in
834 1738 1055 1784 AEdilitia
1078 1737 1238 1783 fabula
1262 1737 1497 1793 meminit,

330 1815 556 1855 yDaturin'
577 1816 675 1855 estis
695 1829 862 1863 (mrum,
885 1814 1044 1854 emaltat
1058 1814 1269 1869 planipes.

160 1889 210 1935 Si
236 1906 352 1950 quas
378 1897 536 1933 tamen
571 1904 629 1933 ex
662 1887 810 1934 soccis
834 1886 1015 1932 fabulas
1039 1887 1264 1943 fecerant,
1290 1885 1467 1949 palliati
1505 1905 1613 1950 pro-

158 1966 459 2012 nuntiabant.

224 2041 406 2104 Togata
451 2049 509 2086 za
557 2048 836 2103 praetextata
872 2038 1104 2102 tragoedia
1144 2037 1313 2095 differt,
1352 2038 1512 2101 aquod
1565 2039 1611 2085 in

212 2172 223 2199 l
244 2172 471 2223 hujusmodi]
496 2171 666 2218 ejusmodi
686 2172 825 2208 A.B.C.
937 2178 968 2197 m
991 2170 1214 2218 humilitate]
1239 2176 1273 2207 et
1293 2171 1499 2207 humilitate
1517 2171 1612 2207 ΑΒ.

158 2234 177 2253 ¹²
199 2227 394 2276 regesque]
419 2239 561 2273 regesve
580 2226 718 2262 A.B.C.
896 2231 915 2250 0
935 2237 1016 2273 quae
1037 2238 1072 2273 q.
1094 2223 1202 2270 olim]
1232 2226 1395 2272 quaedam
1415 2225 1499 2260 olim
1519 2225 1613 2271 quod

160 2281 296 2316 A.B.C.
319 2294 352 2328 q.
375 2281 459 2315 olim
480 2280 575 2315 Ven.
712 2286 731 2313 Ρ
751 2277 1018 2324 communiter]
1042 2279 1188 2313 comiter
1208 2279 1251 2314 C.
1415 2284 1435 2312 q
1455 2277 1609 2324 Attella]

159 2334 308 2369 Atlzella
330 2333 372 2369 C.
393 2334 517 2368 Atella
538 2333 582 2369 B.
703 2339 718 2357 r
737 2340 854 2380 ceptae
876 2331 1072 2367 Attellanae
1093 2329 1200 2367 dictae
1221 2331 1324 2378 sunt]
1348 2335 1465 2378 caeptae
1486 2332 1612 2378 appel-

161 2388 244 2422 latoe
264 2392 346 2421 sunt
367 2387 546 2421 Atellanoe
567 2386 791 2432 (Athellanoe
812 2386 872 2432 C.)
896 2385 1037 2421 A.B.C.
1199 2391 1214 2410 s
1236 2384 1381 2430 Graece]
1406 2385 1467 2431 qui
1492 2384 1614 2419 Groece

160 2440 205 2475 Β.
238 2441 331 2486 quod
364 2440 484 2475 Graece
514 2441 647 2476 dicitur
676 2440 793 2475 minus
825 2437 879 2483 (in
910 2451 1025 2488 marg.
1055 2437 1101 2474 al.
1129 2439 1288 2485 mimus)
1313 2439 1425 2473 latine
1445 2437 1547 2473 deest
1568 2438 1610 2473 C.

159 2492 174 2518 t
194 2491 376 2540 Planipes‚
391 2491 491 2540 quod
507 2500 649 2529 actores
670 2492 791 2541 planis
811 2491 985 2540 pedibus]
1005 2492 1172 2539 planipes
1191 2494 1307 2527 dictus
1324 2492 1418 2538 quod
1440 2492 1528 2538 (quo
1544 2491 1609 2537 B.)

160 2551 298 2581 actores
315 2546 461 2591 pedibus
479 2546 596 2592 planis
615 2546 708 2581 ΑΛΒ.
726 2547 875 2593 pedibus
890 2546 1009 2592 planis
1031 2546 1075 2581 C.
1271 2552 1290 2570 V
1309 2544 1397 2580 olim
1420 2545 1515 2591 non]
1539 2545 1612 2579 sive

160 2600 255 2646 qaod
275 2599 357 2633 olim
380 2611 448 2632 non
468 2598 610 2633 A.B.C.
719 2605 748 2623 W
766 2597 975 2647 agitabant]
999 2599 1202 2634 actitabant
1223 2599 1313 2634 B.C.
1419 2604 1439 2623 Χ
1458 2596 1608 2643 Accius]

161 2654 250 2688 Atta
271 2652 315 2687 A.
338 2656 421 2686 acta
440 2655 646 2697 togatorum
666 2651 756 2686 B.C.
809 2652 948 2687 Vectius
968 2652 997 2686 I.
1015 2652 1065 2687 N.
1082 2650 1241 2687 Loensis
1262 2649 1442 2700 Epiphill.
1464 2651 1535 2686 IX.
1550 2662 1562 2685 Ι
1575 2650 1608 2685 8.

160 2713 176 2736 5
197 2706 338 2741 Datum
366 2712 424 2740 est
452 2704 598 2749 aurum]
630 2705 738 2738 (latur
766 2705 855 2739 inest
886 2716 1016 2740 aarum
1037 2706 1078 2740 A.
1108 2707 1279 2741 daturine
1306 2706 1388 2740 estis
1413 2715 1542 2738 aarum.
1567 2704 1608 2739 B.

160 2760 270 2794 datur
290 2759 325 2793 in
344 2769 511 2793 scaurum
531 2757 670 2791 exaltat
696 2757 870 2804 planipes.
899 2760 928 2792 si
948 2770 1035 2804 quas
1057 2763 1131 2793 tum
1152 2759 1195 2794 C.
1224 2770 1389 2793 scaurum
1411 2757 1468 2792 Sc.
1518 2755 1609 2790 Mox

161 2814 317 2847 exoticas
335 2823 403 2859 pro
425 2822 466 2845 ex
481 2811 588 2845 soccis
607 2810 793 2845 Reuvens.
815 2810 838 2845 l.
856 2822 887 2845 c,
908 2823 943 2858 p.
958 2811 1022 2856 64.
1106 2818 1124 2836 z
1146 2818 1362 2859 praetextata
1381 2822 1402 2844 a
1421 2806 1611 2857 tragoedia

161 2865 295 2901 differt.
311 2863 347 2899 in
365 2861 554 2912 tragoedia
569 2863 698 2898 heroes
714 2861 1019 2910 introducuntur]
1038 2876 1060 2899 a
1075 2868 1293 2911 proetextata
1310 2863 1475 2909 tragedia
1489 2861 1611 2908 differt

162 2919 256 2966 qaod
276 2919 311 2952 in
333 2918 520 2965 tragoedia
540 2916 661 2951 heroes
680 2916 899 2952 inducuntur
920 2916 962 2952 B.
984 2924 1033 2960 et,
1056 2918 1092 2953 ni
1114 2916 1233 2959 fallor,
1246 2917 1292 2964 A.
1421 2920 1440 2940 fl
1460 2915 1555 2962 qaod
1574 2915 1611 2949 in

163 2976 257 3019 trag.
279 2971 322 3007 C.

1628 456 1669 477 20

1629 920 1665 941 21

1631 1221 1670 1243 22

1634 2063 1672 2094 23
