1962 3355
347 199 440 237 288
903 190 1061 238 Marii
1082 190 1240 238 Plotia·

291 330 327 352 12
378 312 464 359 De
486 318 766 359 tetrametro
791 311 1067 359 catalectico
1091 312 1413 359 Anacreontio
1438 311 1765 358 choriambico,

417 399 799 447 Choriambicum
823 399 1199 446 Anacreontium
1231 404 1563 444 tetrametrum
1599 398 1800 444 catalec-

347 476 491 523 ticum
515 478 569 522 fit
592 476 734 539 primi
767 475 1030 522 choriambi
1064 475 1216 520 soluta
1253 474 1408 537 prima
1444 474 1624 536 syllaba
1660 475 1800 537 longa

346 552 395 599 in
420 552 536 598 duas
562 553 740 609 breves,
768 560 820 597 ut
844 551 903 596 sit
926 568 1008 614 pes
1033 550 1213 614 primus
1251 567 1309 595 ex
1343 550 1586 613 tribrachy
1611 560 1658 596 ct
1683 551 1800 597 iam-

347 629 423 687 bo,
449 629 521 674 vel
547 646 604 674 cx
631 626 908 691 pyrrhichio
933 635 980 671 et
1005 635 1258 688 anapaesto,
1283 625 1468 671 duobus
1496 626 1662 672 mediis
1687 627 1799 672 cho-

346 705 553 762 riambis,
577 712 744 766 quarto
768 701 902 766 pede,
928 701 973 747 id
1005 711 1076 748 est
1101 701 1372 756 novissimo,
1404 702 1798 765 Ppalimbacchio‚

345 791 415 837 ut,

517 845 681 886 Atavus
701 857 795 884 eras
816 843 932 883 dulce
951 843 1072 884 decus
1088 844 1417 899 praesidiumque
1430 844 1568 899 genti.

292 1007 327 1036 13
413 983 495 1029 De
519 988 799 1029 tetrametro
825 981 1100 1028 catalectico
1125 981 1382 1044 Eupolidio
1408 981 1734 1028 choriambico.

417 1069 801 1117 Cleoriamhicum
835 1068 1150 1131 Eupolidium
1174 1075 1504 1116 tetrametrum
1528 1068 1801 1115 qcatalecti-

348 1165 452 1195 cum
479 1149 531 1193 fit
562 1146 716 1210 primo
749 1145 869 1209 pede
906 1146 1128 1202 trochaeo,
1153 1145 1361 1192 secundo
1396 1145 1686 1200 choriambo,
1711 1153 1801 1190 ter-

346 1225 413 1270 tio
437 1224 710 1280 ditrochaeo,
734 1232 916 1286 quarto,
942 1223 987 1269 id
1013 1233 1084 1269 est
1108 1223 1380 1278 novissimo,
1405 1223 1755 1285 amphimacro:

517 1301 597 1341 Dii
618 1301 711 1340 boni
733 1306 896 1341 servate
915 1300 1164 1341 sacerdotem
1185 1314 1256 1340 vos
1275 1300 1466 1339 colentem
1489 1313 1571 1339 vos.

293 1464 330 1493 14
541 1440 625 1485 De
642 1445 943 1501 pentametro
968 1438 1244 1485 catalectico
1276 1436 1602 1485 Callimachio.

419 1525 801 1573 Choriambicum
829 1525 1159 1571 catalecticum
1190 1531 1541 1587 pentametrum
1570 1524 1802 1570 Callima-

348 1603 503 1649 chium
527 1605 583 1649 fit
608 1612 830 1665 quattuor
854 1601 1156 1658 choriambis,
1181 1601 1348 1663 quinto
1380 1600 1501 1664 pede
1533 1600 1802 1664 amphibra-

347 1680 457 1743 chy,

410 1756 501 1795 IVec
519 1756 737 1810 babylones
757 1768 950 1795 numeros
970 1760 1017 1794 ut
1037 1754 1183 1793 melius
1203 1752 1407 1808 quidquid
1427 1753 1519 1792 ferit
1534 1764 1743 1806 geremus.

293 1919 329 1949 15
629 1893 711 1939 De
734 1893 1008 1939 hexametro
1034 1889 1308 1937 catalectico
1335 1889 1538 1937 Philico.

406 1980 762 2027 Heoeametrum
789 1979 1118 2026 catalecticum
1144 1978 1520 2035 choriambicmn,
1538 1976 1666 2039 quod
1689 1976 1804 2022 Phi-

350 2057 493 2103 licum
517 2056 705 2112 dicitur,
731 2065 917 2102 constat
942 2055 1152 2117 quinque
1177 2055 1479 2112 choriambis,
1505 2063 1638 2100 sexto
1668 2052 1802 2117 pede,

350 2134 396 2180 id
422 2142 491 2179 est
517 2133 791 2188 novissimo,
817 2132 1180 2195 amphibmchy,

409 2212 458 2246 Te
472 2212 578 2258 posui
599 2210 740 2245 Bacche
756 2210 871 2244 Pater
892 2213 995 2255 teque
1014 2210 1138 2244 decens
1157 2214 1264 2245 canto
1283 2209 1397 2244 Venus
1413 2210 1473 2256 qui
1491 2209 1644 2244 modicos
1659 2208 1802 2243 amatis.

296 2376 333 2406 15
700 2353 783 2399 De
807 2352 1119 2398 choriambico
1142 2350 1474 2413 Asclepiadeo.

421 2441 801 2489 Choriambicum
826 2439 1193 2502 Asclepiadeum
1224 2439 1292 2493 fit,
1328 2455 1439 2483 cum
1475 2437 1656 2500 primus
1691 2445 1804 2500 Spcs

405 2636 425 2664 P
446 2625 733 2678 palimbacchio]
759 2625 820 2662 Sic
841 2626 884 2661 L.
909 2626 1052 2661 bacchio
1072 2623 1282 2661 Putschius.
1407 2631 1427 2658 q
1446 2623 1723 2671 catalecticum]
1747 2623 1806 2659 Sic

353 2683 399 2720 L.
421 2682 636 2717 catalectum
656 2678 866 2715 Putscbius.
983 2686 999 2705 r
1019 2681 1231 2725 erigeremus
1252 2677 1296 2713 L.
1408 2683 1422 2703 s
1438 2690 1501 2725 pes
1520 2690 1594 2713 om.
1617 2677 1662 2714 L.

412 2812 472 2849 15.
503 2800 697 2846 Philia-um]
726 2799 935 2834 Philiscium
957 2799 1050 2834 San·
1107 2796 1167 2846 qui
1187 2810 1271 2832 mox
1287 2798 1428 2832 melicos
1444 2809 1509 2845 pro
1523 2798 1687 2832 modicos.
1717 2795 1805 2830 Ter*

354 2855 478 2892 tenius
507 2853 552 2890 ad
577 2854 728 2900 Terent.
751 2853 874 2889 Maur,
906 2865 940 2901 p.
959 2863 1049 2900 325,
1107 2851 1240 2886 haerius
1263 2851 1468 2886 Philiciam.
