1962 3355
117 192 221 223 CAP.
244 189 285 224 2.
690 177 774 222 De
792 178 1005 239 pedibus.
1472 188 1565 226 305

181 299 570 362 Ampliibraclzgss
595 315 652 343 ex
683 299 826 355 brevi,
856 299 1012 361 longa,
1045 307 1092 344 et
1128 299 1273 356 brevi,
1298 307 1566 363 temporum
1589 318 1608 348 9

116 385 354 436 quattuor,
391 384 442 420 ut
478 374 670 421 cle‘caris.
720 374 868 420 Hunc
914 375 989 420 alii
1038 375 1248 429 mesiten,
1297 375 1373 420 alii
1414 374 1571 421 stolon

117 451 484 514 appellaverunt.

189 527 409 573 Creticus
441 544 497 573 ex
526 527 679 589 longa,
711 526 857 582 brevi,
882 535 928 571 et
958 527 1112 588 longa,
1136 534 1405 589 temporum
1433 527 1573 588 quin-

115 620 223 665 que,
249 613 299 649 ut
323 605 537 656 sanitas3
576 614 623 649 et
655 603 783 649 hunc
809 603 884 649 alii
912 603 1292 665 amphimacrum
1317 603 1569 666 appellant.

181 679 495 743 Tetrasyllabi
522 678 665 742 pedes
690 695 890 724 numero
915 678 1169 726 sexdecim.
1208 679 1572 726 Proceleusma-

114 755 252 810 tii-us,
285 757 366 818 qui
402 758 457 802 fit
492 773 549 802 ex
592 755 776 801 duobus
813 755 1116 818 pyrrhichiis,
1150 754 1199 800 id
1233 763 1305 800 est
1340 773 1399 801 ex
1435 764 1573 817 quat-

113 840 220 877 tuor
259 833 477 878 brevibus
512 831 719 895 syllabis,
751 841 797 877 et
833 840 904 877 est
934 839 1204 894 temporum
1246 840 1485 893 quattuor,
1519 842 1572 877 ut

114 907 332 953 habilior.

181 983 507 1046 Dispondezcs‘,
533 984 613 1046 qui
651 986 706 1030 fit
738 1002 795 1030 ex
831 983 1016 1030 duobus
1054 983 1290 1047 spondeis,
1325 984 1371 1030 id
1408 992 1478 1030 est
1512 1001 1571 1030 ex

113 1069 336 1122 quattuor
383 1060 535 1122 longis
577 1061 785 1123 syllabis,
822 1070 1091 1123 temporum
1135 1069 1259 1115 octo,
1301 1068 1355 1106 ut
1393 1060 1571 1107 Maece-

113 1144 262 1183 vates.

178 1213 370 1259 Ionicus
404 1213 572 1265 minor,
597 1212 676 1274 qui
717 1213 769 1258 fit
804 1228 861 1257 ex
897 1211 1174 1275 pyrrhichio
1199 1222 1246 1258 et
1272 1212 1497 1275 spondeo,
1523 1212 1570 1259 id
1593 1232 1604 1251 1

113 1297 184 1334 est
219 1305 276 1333 ex
311 1288 494 1334 duabus
534 1288 755 1333 brevibus
793 1296 839 1333 et
869 1286 1052 1333 duabus
1095 1287 1264 1351 longis,
1298 1296 1568 1352 temporum

113 1381 208 1420 sex,
232 1373 285 1410 ut
309 1364 583 1410 Diomedes.

178 1440 369 1486 Ionicus
403 1439 571 1504 major,
596 1440 676 1502 qui
710 1441 764 1485 fit
796 1456 855 1485 ex
892 1439 1102 1504 spondeo
1125 1448 1173 1487 et
1205 1441 1497 1504 pyrrhichio,
1523 1442 1571 1488 id

111 1525 198 1573 est,
223 1534 279 1562 ex
307 1515 490 1562 duabus
516 1516 670 1579 longis
697 1516 889 1579 syllabis
915 1526 962 1563 et
986 1516 1170 1563 duabus
1189 1518 1427 1573 brevibus,
1452 1528 1572 1565 tem-

111 1610 281 1656 porum
308 1610 406 1650 sex,
432 1602 485 1639 ut
507 1593 764 1640 szonius.

179 1669 509 1731 Antispastus,
534 1669 614 1731 qui
653 1670 707 1714 fit
742 1686 801 1714 ex
830 1669 989 1715 iambo
1014 1678 1061 1715 et
1095 1670 1318 1727 trochaeo,
1344 1670 1390 1715 id
1416 1678 1487 1716 est
1511 1687 1570 1716 ex

111 1745 239 1791 brevi
265 1745 447 1791 duabus
484 1745 638 1808 longis
665 1753 712 1790 et
735 1745 882 1801 brevi,
914 1745 960 1791 id
989 1754 1060 1792 est
1084 1755 1356 1809 temporum
1395 1763 1492 1803 sex,
1518 1756 1571 1792 ut

116 1820 482 1885 Clytemnestra.

182 1897 511 1954 Clzoricmzbus,
537 1897 617 1959 qui
640 1899 694 1943 fit
713 1915 771 1943 ex
797 1897 1004 1943 trochaeo
1024 1897 1120 1942 sive
1140 1898 1302 1943 chorio
1321 1907 1368 1944 et
1393 1899 1569 1956 iambo,

111 1975 158 2021 id
189 1985 260 2022 est
284 1993 342 2021 ex
378 1976 531 2037 longa,
556 1974 737 2020 duabus
776 1973 1009 2030 brevibus,
1034 1982 1080 2019 et
1116 1973 1272 2036 longa,
1298 1983 1568 2038 temporum

111 2068 207 2109 sex,
233 2061 284 2097 ut
309 2050 547 2097 nobilitas.

175 2127 478 2182 cDiiacmbzcs,
504 2126 582 2188 qui
611 2128 665 2172 fit
690 2143 747 2172 ex
767 2126 952 2172 duobus
979 2126 1163 2180 iambis,
1189 2125 1235 2171 id
1261 2134 1331 2171 est
1355 2143 1413 2172 ex
1441 2127 1569 2173 brevi
1593 2147 1603 2166 1

109 2213 157 2250 et
192 2205 348 2267 longa,
384 2213 432 2250 et
468 2204 582 2249 item
623 2203 750 2249 brevi
790 2212 835 2249 et
875 2203 1016 2266 longa
1054 2202 1262 2267 syllabiS,
1298 2211 1567 2267 temporum

111 2298 207 2336 sex,
233 2290 284 2326 ut
302 2281 655 2344 propinquitas.

175 2357 495 2414 Ditroclzcczcs,
521 2357 601 2419 qui
627 2365 675 2403 et
700 2357 952 2413 dichorius,
978 2356 1058 2419 qui
1085 2357 1139 2402 fit
1164 2373 1222 2402 ex
1255 2356 1441 2403 duobus
1478 2366 1571 2403 tro-

111 2433 268 2490 chaeis,
293 2433 389 2480 sive
413 2433 602 2489 choriis,
628 2433 674 2479 id
695 2442 765 2480 est
790 2451 846 2480 ex
873 2433 1030 2497 longa,
1055 2433 1200 2488 brevi,
1221 2441 1268 2479 et
1287 2433 1400 2479 item
1426 2434 1571 2497 longa

110 2517 158 2556 et
181 2510 325 2563 brevi,
350 2518 620 2573 temporum
651 2528 746 2568 sex,
772 2510 1093 2574 utdim-icare.

176 2586 422 2649 Epitritus
453 2587 652 2648 primus,
685 2588 764 2649 qui
804 2588 858 2633 fit
888 2603 946 2633 ex
986 2586 1144 2632 iambo
1179 2595 1226 2632 et
1261 2585 1490 2649 spondeo,
1522 2585 1569 2631 id

109 2672 181 2710 est
205 2680 263 2709 ex
300 2662 427 2708 brevi
460 2671 506 2708 et
538 2663 687 2709 tribus
725 2663 879 2726 longis
916 2662 1125 2726 syllabis,
1151 2671 1423 2726 temporum
1463 2679 1568 2724 sep-

108 2749 224 2794 tem,
248 2748 302 2786 ut
324 2740 562 2786 venenati.

175 2816 427 2879 Epitritzcs
450 2815 700 2872 secundus,
725 2816 805 2877 qui
843 2817 897 2861 fit
927 2833 987 2861 ex
1023 2816 1230 2862 trochaeo
1259 2824 1305 2860 et
1343 2813 1566 2877 spondeo,

655 2928 671 2945 ⁰
695 2920 903 2955 Disiambus
923 2921 1027 2956 Med.

812 2987 842 3016 R
869 2989 890 3016 1·

1594 545 1632 566 10

1594 698 1628 718 11

1594 1001 1631 1023 12

1593 1460 1631 1489 14

1594 1689 1629 1719 Ι5

1592 1906 1631 1939 16

1593 2372 1629 2402 18

1591 2609 1627 2639 Ι9

1588 2836 1625 2856 20
