1962 3355
385 167 446 203 20
892 157 1052 206 Marii
1080 159 1318 207 Victorini
1677 175 1724 205 LI
1733 174 1774 205 B.
1802 174 1834 205 1.

384 288 697 326 consonantes
733 279 854 325 inter
886 298 960 327 se:
999 280 1079 327 sed
1117 281 1303 346 proprie
1337 290 1448 328 sunt
1479 290 1706 344 cognatae,
1731 299 1836 344 quae

385 354 526 401 simili
555 356 834 419 figuratione
859 356 950 402 oris
975 356 1211 412 dicuntur,
1232 366 1284 403 ut
1307 366 1379 404 est
1404 355 1572 422 bfmr
1594 375 1638 404 m
1657 375 1707 420 p,
1733 357 1837 419 qui—

383 432 470 478 bus
496 432 660 479 Cicero
683 432 875 494 nadjicit
903 451 946 490 v,
970 451 1065 480 non
1097 451 1218 490 eam,
1246 451 1351 497 quae
1384 434 1611 497 accipitur
1642 451 1729 498 pro
1752 450 1836 479 vo-

383 508 486 562 cali,
511 509 589 554 sed
616 527 718 555 eam
746 527 850 572 quae
886 509 1188 556 consonantis
1225 510 1408 556 obtinet
1431 510 1601 566 vicem,
1626 520 1672 555 et
1705 519 1837 555 ante-

381 584 533 648 posita
561 585 709 631 vocali
747 587 800 631 fit
834 595 887 631 ut
923 586 1022 632 aliae
1056 595 1276 648 ⁰quoque
1310 595 1634 631 consonantes.
1705 586 1838 637 Quo-

382 660 501 706 tiens
525 661 668 724 igitur
690 662 1044 725 praepositiones
1070 670 1375 724 Psequeretur
1399 679 1504 715 vox,
1525 660 1657 721 cujus
1682 661 1837 724 prima

380 735 535 783 littera
559 738 726 802 incipit
751 756 774 784 a
799 737 1078 802 supradictis
1103 737 1286 794 litteris,
1313 737 1358 783 id
1384 746 1469 793 est,
1495 736 1646 801 bfqr
1670 754 1715 782 m
1732 753 1769 798 p
1794 754 1834 790 v,

380 830 484 874 quae
519 831 611 859 vox
649 813 903 874 conjuncta
939 813 1264 876 praepositioni
1298 813 1694 874 significationem
1735 813 1835 874 ers

380 888 657 945 confundat,
682 907 762 934 vos
799 907 987 951 quoque
1022 889 1370 952 praepositionis
1403 889 1604 934 litteram
1643 898 1836 946 mutate,

380 974 430 1010 ut
455 974 539 1021 est,
565 964 796 1018 combibit,
824 965 1071 1017 comburit,
1099 963 1310 1027 conffert,
1338 962 1618 1027 comfundit,
1645 982 1837 1011 comme-

377 1047 548 1094 morat,
593 1041 879 1095 comminuit,
923 1047 1183 1103 comparat,
1227 1040 1475 1096 comvellit,
1523 1041 1836 1096 comvalescit,

379 1118 629 1181 compellit,
656 1125 922 1165 conwocat:
960 1136 1054 1164 non
1089 1118 1304 1174 conbibit,
1330 1118 1545 1164 conburit
1580 1128 1627 1163 et
1651 1118 1836 1164 similia.

379 1194 457 1240 Sic
482 1194 623 1240 etiam
651 1194 1100 1258 praepositiojuncta
1115 1194 1308 1240 vocibus
1331 1212 1435 1256 quae
1461 1195 1693 1258 incipiunt
1715 1212 1739 1239 a
1761 1212 1836 1240 su-

376 1270 599 1335 pradictis
625 1270 791 1316 litteris
818 1288 847 1316 n
867 1279 1157 1316 rcommutat
1177 1270 1222 1316 in
1245 1288 1304 1327 m,
1329 1279 1406 1316 Sut
1433 1271 1630 1327 imbibit,
1651 1271 1834 1327 imbuit,

377 1344 557 1411 imfert,
599 1345 783 1410 imficit,
825 1347 1082 1404 immemor,
1119 1347 1308 1409 impias,
1342 1347 1554 1402 immitis,
1593 1348 1834 1409 impotens.

318 1465 359 1496 6-
377 1424 458 1480 At,
483 1423 582 1478 sub,
616 1423 686 1478 ob,
712 1441 815 1486 quae
843 1423 1071 1469 finiuntur
1106 1423 1153 1468 in
1188 1423 1213 1468 b
1249 1422 1469 1480 litteram,
1497 1423 1544 1469 id
1579 1434 1665 1480 est,
1690 1440 1832 1469 unam

344 1487 355 1507 l
378 1517 435 1546 ex
463 1500 672 1562 quinque
704 1499 984 1563 supradictis
1010 1499 1236 1562 cognatiS,
1261 1500 1480 1562 quotiens
1515 1500 1709 1545 verbum
1745 1503 1835 1545 tse-

378 1586 599 1639 queretur
632 1576 757 1639 quod
791 1577 982 1622 initium
1016 1576 1190 1623 habeat
1225 1595 1250 1622 a
1283 1576 1576 1640 supradictis,
1604 1577 1650 1622 in
1677 1593 1780 1621 eam
1809 1575 1834 1621 b

376 1655 677 1708 Vmutabunt,
704 1671 726 1699 a
753 1671 846 1715 qua
871 1671 961 1699 vox
988 1653 1170 1716 incipit,
1208 1663 1275 1709 ut,
1299 1652 1489 1718 szffert,
1514 1651 1704 1717 szgfficit,
1729 1650 1835 1715 3sz-

358 1728 568 1794 fundit:
607 1747 699 1775 non
734 1730 937 1794 subfert,
968 1729 1191 1793 szcbficit:
1230 1731 1297 1776 sic
1329 1740 1376 1776 et
1405 1736 1655 1792 suppurat,
1687 1737 1836 1790 u'sup-

369 1822 581 1867 pressus,
613 1805 678 1850 sic
708 1805 930 1860 suc-oluit,
965 1806 1200 1852 snoertit:
1240 1806 1311 1852 Ob
1347 1815 1502 1852 autem
1543 1814 1751 1850 mutatur
1787 1804 1833 1850 in

377 1892 599 1944 cognatas
624 1881 830 1937 casdem,
855 1891 922 1937 ut,
947 1880 1109 1946 offert,
1131 1879 1294 1946 officit,
1320 1891 1367 1927 et
1391 1887 1632 1938 ommovet,
1657 1898 1836 1927 ommu-

377 1959 527 2015 tescit,
552 1968 598 2004 et
632 1959 874 2020 oppandit,
900 1959 1160 2021 opperitur,
1188 1968 1234 2004 et
1270 1959 1485 2015 ovvertit,
1523 1958 1701 2005 obvius.
1770 1957 1836 2003 Et

317 2043 358 2075 68
377 2043 535 2080 tamen
562 2035 780 2097 quotiens
817 2035 1011 2080 verbum
1050 2052 1251 2096 sequens
1288 2034 1454 2097 incipit
1485 2035 1543 2080 ab
1578 2033 1608 2090 l,
1633 2042 1714 2080 aut
1738 2051 1766 2080 r
1788 2051 1834 2089 n,

377 2119 541 2156 xsuam
572 2120 838 2156 commutat
869 2111 919 2156 in
953 2128 1074 2167 eam,
1105 2128 1129 2156 a
1166 2128 1257 2173 qua
1291 2127 1491 2172 sequens
1525 2127 1616 2156 vox
1649 2109 1834 2173 incipit,

377 2194 444 2241 ut,
470 2183 709 2240 collatum,
737 2185 998 2241 collectum,
1023 2184 1187 2242 illinit,
1212 2184 1416 2242 illectus,
1442 2184 1640 2243 collinit,
1660 2185 1836 2233 illudit.

379 2262 438 2308 In
472 2279 499 2307 r
524 2272 697 2319 autem,
723 2272 789 2317 ut,
815 2262 1039 2316 corrodit,
1066 2262 1280 2324 corripit,
1307 2262 1531 2319 corrodit,
1556 2263 1834 2325 corrumpit,

319 2353 361 2396 69
381 2347 433 2384 ut
458 2338 643 2400 irrepit,
669 2340 871 2402 irrogat,
899 2338 1046 2385 irruit
1065 2357 1078 2384 .·
1116 2338 1270 2402 perdit
1294 2356 1402 2384 vero
1427 2357 1458 2384 n
1483 2339 1702 2394 litteram,
1722 2357 1830 2386 cum

380 2431 578 2476 sequens
604 2416 799 2460 verbum
828 2433 852 2460 a
871 2404 1019 2461 vocali
1048 2415 1232 2479 incipit,
1251 2424 1271 2453 δ’
1283 2415 1464 2470 coemit,
1484 2423 1706 2479 coaequat,
1726 2417 1833 2474 coit,

318 1237 360 1269 66

432 2614 463 2633 m
482 2608 518 2654 r]
543 2620 559 2642 s
579 2607 618 2642 P.
811 2614 828 2631 Π
851 2606 993 2655 adijcit]
1018 2607 1130 2644 adicit
1149 2609 1188 2644 P.
1393 2615 1411 2634 0
1431 2609 1601 2657 quaeque]
1625 2621 1773 2657 quoque
1793 2610 1831 2645 P.

378 2667 398 2695 P
417 2661 608 2708 sequetur]
634 2667 847 2708 sequeretur
867 2661 905 2695 P.
926 2660 1213 2709 iuconsequetur
1233 2662 1383 2698 Putsch.
1485 2668 1504 2696 q
1526 2675 1543 2696 r
1560 2674 1591 2696 nz
1605 2662 1647 2709 p]
1665 2674 1682 2696 s
1696 2674 1722 2708 p
1741 2675 1773 2697 m
1792 2662 1831 2697 P.

378 2720 394 2739 Υ
413 2713 637 2759 commutat]
660 2714 826 2748 con-uitat
847 2714 887 2749 P.
1006 2720 1020 2739 ⁵
1041 2713 1206 2760 imbibit]
1232 2723 1272 2750 ut
1293 2714 1441 2751 imbibit
1463 2715 1508 2750 P.
1624 2714 1638 2740 t
1657 2725 1833 2762 sequetur

378 2766 496 2815 quod]
520 2774 732 2815 sequeretur
752 2778 831 2814 quae
853 2766 891 2801 P.
1025 2773 1045 2791 V
1065 2768 1280 2814 mutabunt]
1305 2768 1502 2803 mutabant
1522 2768 1559 2803 P.
1696 2774 1725 2792 W
1743 2780 1830 2816 sup-

377 2821 542 2868 pressus]
567 2831 795 2869 suppraessus
816 2819 853 2854 P.
1028 2825 1047 2844 X
1067 2832 1170 2855 suam
1193 2822 1417 2867 commutat]
1441 2833 1516 2856 non
1538 2833 1640 2856 suam
1661 2832 1831 2856 commu-

378 2881 457 2908 tant
478 2874 517 2908 P.
626 2879 646 2907 Υ
665 2871 802 2908 coemit
821 2873 1005 2920 coaequat]
1029 2880 1197 2921 coaequat
1217 2872 1354 2909 coemit
1374 2874 1414 2909 Ρ.
