1962 3355
118 208 224 239 cAP.
244 203 289 240 3.
592 191 672 237 De
696 188 930 252 dactylico
954 195 1118 235 metro,
1477 188 1566 235 261

115 314 390 367 Trochaeus,
415 321 637 374 quattuor
661 310 853 373 dactyli,
879 319 932 356 ut
957 318 1043 366 est,

287 391 422 430 pCore
442 402 602 444 magna
623 388 757 427 Deum
775 387 973 442 genitrioe
994 385 1234 441 Phrygiam
1255 386 1380 441 regit.

117 463 195 508 De
236 463 475 527 Sapphico
512 462 729 508 qAEolico
767 470 1062 525 pentametro
1104 460 1215 505 satis
1253 459 1436 505 dictum
1475 468 1572 513 est3

116 556 246 584 nunc
271 539 328 584 ad
352 538 831 601 penthemimericum
859 536 1036 600 duplex
1063 536 1427 583 Archilochium
1459 553 1575 599 pen-

117 623 372 660 tametrum
401 631 603 660 veniam.

165 756 246 801 De
268 762 414 802 metro
438 755 873 818 rpenthemimerico
891 753 1204 801 Archilochio
1225 759 1538 815 pentametro.
1589 773 1628 804 52

183 842 546 889 Archilochium
564 842 1079 905 dipenthemimericum
1091 846 1447 903 pentametrum
1464 857 1575 885 con-

118 928 210 965 stat
240 936 297 965 ex
334 918 516 964 duabus
556 918 866 963 divisionibus
903 916 1341 980 penthemimericis
1377 924 1575 961 S’mono-

119 994 449 1041 schematistis.
521 994 719 1057 Semper
750 995 877 1040 enim
914 994 1038 1040 binis
1071 993 1273 1056 dactylis
1298 1000 1498 1047 constan
1524 1000 1575 1037 ut

118 1080 188 1117 est
213 1071 513 1133 texemplum
541 1070 780 1125 Graccum,

316 1146 386 1191 Ἐν
411 1147 450 1191 δὲ
475 1146 766 1201 Βατουσιάῧης,
793 1146 828 1191 ἐν
853 1146 892 1190 δὲ
921 1145 1210 1199 Βατουσιάῧης.

117 1223 289 1268 Latine
315 1222 380 1268 sic
401 1241 409 1267 :

291 1298 486 1352 Simplici
506 1311 662 1337 summe
684 1297 837 1345 virum,
859 1297 1053 1336 Maxime
1073 1308 1229 1335 summe
1250 1295 1403 1335 virum.

121 1370 230 1416 Hoc
281 1379 482 1415 metrum
523 1368 887 1415 Archilochium
942 1376 964 1396 u
982 1376 1334 1430 pentametrum
1377 1366 1578 1430 dactyli-

119 1464 228 1493 cum
276 1445 809 1509 dipenthemimericum
864 1446 922 1491 ab
970 1444 1244 1507 wElegiaco
1293 1452 1445 1489 metro
1488 1445 1577 1489 hoc

118 1523 286 1580 differt,
329 1522 456 1585 quod
505 1522 621 1568 illud
674 1523 817 1569 habet
853 1522 1060 1586 primum
1105 1540 1291 1568 versum
1336 1521 1576 1567 heroicum

120 1599 467 1656 hexametrum,
491 1599 750 1645 secundum
791 1617 900 1645 vero
939 1599 1193 1645 dimetrum
1229 1597 1578 1661 penthemime-

120 1675 287 1733 ricum‚
313 1676 403 1721 hoc
436 1693 545 1721 vero
584 1676 736 1721 solum
774 1674 1335 1739 dipenthemimericun13
1378 1683 1424 1719 et
1448 1672 1576 1735 quod

121 1751 234 1797 illud
269 1752 471 1815 primam
498 1769 725 1798 caesuram
766 1751 1274 1798 Xtetraschematistam
1304 1750 1461 1804 habet,
1488 1749 1578 1794 hoc

120 1845 230 1874 vero
268 1837 516 1890 utramque
554 1828 1074 1874 monoschcmatistam.
1146 1826 1224 1872 De
1266 1826 1577 1889 pentametris

121 1904 366 1966 dactylicis
404 1905 650 1967 speciebus
687 1913 911 1967 quattuor
941 1904 1051 1949 satis
1082 1902 1279 1948 dictum.
1350 1901 1494 1947 Nunc
1521 1901 1577 1947 ad

122 1989 417 2026 tetrametras
454 1980 632 2043 species
670 1980 929 2035 veniamus,
957 1996 1061 2041 quae
1098 1989 1206 2024 sunt
1243 1994 1441 2024 numero
1473 1978 1579 2024 duae

122 2057 243 2103 sicut
268 2074 408 2120 supra
432 2056 653 2120 praemisi.

212 2199 296 2243 De
319 2206 338 2236 ,v
350 2204 628 2244 tetrametro
654 2198 926 2244 hexametro
953 2197 1158 2244 bucolico
1181 2196 1259 2244 vel
1280 2197 1479 2243 heroico.

197 2284 550 2331 Tetramett‘um
582 2282 821 2330 bucolicon
856 2290 963 2328 octo
1000 2282 1243 2327 schemata
1279 2281 1450 2327 habet:
1490 2291 1581 2327 tres

122 2361 247 2407 enim
292 2360 436 2424 pedes
478 2360 619 2424 primi
666 2360 921 2406 variantur.
990 2359 1118 2405 Nam
1160 2368 1354 2421 quartus
1396 2375 1583 2422 semper

123 2437 339 2501 dactylus
365 2437 425 2483 sit
450 2454 640 2482 necesse
664 2449 734 2482 est
758 2437 804 2482 in
831 2437 1049 2484 bucolico
1072 2445 1360 2483 tetrametro.
1417 2436 1472 2482 In
1502 2435 1583 2480 he-

178 2615 197 2643 Ρ
219 2608 332 2653 Coi-e]
358 2607 444 2643 Cere
461 2607 507 2643 L.
528 2607 590 2656 qui
611 2620 698 2643 mox
723 2609 900 2655 Phrygia.
1053 2616 1073 2643 q
1092 2606 1263 2654 AEolico]
1287 2608 1434 2643 AEolico
1449 2612 1580 2654 penta-

125 2666 238 2697 metro
258 2660 304 2696 L.
325 2665 376 2695 est
395 2673 470 2696 om.
490 2660 536 2696 L.
606 2667 622 2686 ¹·
641 2660 995 2709 penthemimerico]
1016 2663 1316 2709 pentamemerico
1335 2660 1383 2697 L.
1464 2666 1478 2685 s
1501 2672 1581 2695 mo-

126 2712 444 2759 noschematistis]
469 2712 529 2748 Sic
548 2713 594 2749 L.
614 2715 989 2750 monoschematistz'cis
1008 2714 1218 2751 Putschius.
1334 2713 1350 2740 ’ί
1369 2713 1579 2761 exemplum

125 2768 318 2814 Graecum]
343 2765 405 2802 Sic
426 2766 472 2802 L.
494 2768 692 2814 exemplum
711 2780 786 2804 om.
806 2767 1014 2804 Putschius.
1116 2774 1137 2793 u
1159 2775 1434 2817 pentametrum
1455 2766 1582 2812 dacty-

125 2820 257 2866 licum]
281 2820 342 2856 Sic
362 2819 408 2854 L.
426 2824 692 2865 pentametrum
713 2833 787 2856 om.
808 2820 1015 2857 Putschius.
1181 2827 1210 2845 w
1234 2818 1427 2869 Elegiae-o]
1451 2817 1513 2853 Sic
1534 2817 1579 2853 L.

127 2875 273 2909 AEolz'co
291 2871 502 2909 Putschius.
625 2878 645 2898 Χ
666 2871 1046 2920 trischematisticain]
1070 2874 1430 2909 tetraschematistam
1450 2871 1496 2906 L.
1518 2870 1579 2918 qui

128 2939 213 2961 mox
233 2926 604 2961 monoschematistam
624 2937 690 2974 pro
711 2927 1124 2962 monoschematisticam.
1332 2932 1351 2958 y
1373 2928 1582 2960 tetrametro

125 2992 199 3016 oni.
221 2979 266 3015 L.

1600 2215 1639 2245 53
