1962 3355
355 182 385 227 6
863 179 1020 226 ,Marii
1049 178 1293 225 Victorini
1648 193 1743 223 LIB.
1770 193 1802 222 1.

355 302 606 365 wophonos,
630 302 740 365 quia
764 301 881 346 nulli
918 299 1063 345 vocali
1092 298 1313 360 jungitur
1343 297 1430 343 nisi
1468 297 1551 343 soli
1586 314 1616 343 a
1648 297 1803 344 brevi:

355 387 402 424 et
439 378 529 424 hoc
565 378 629 424 ita
660 387 713 424 ut
745 378 803 422 ab
832 394 885 421 ea
921 393 1024 438 pars
1061 373 1284 419 orationis
1320 372 1530 436 incipiat,
1555 373 1688 419 aliter
1723 391 1805 419 au-

298 478 337 507 24
355 463 450 499 tem
479 471 573 499 non
597 463 720 500 recte
746 451 976 498 scribitur.
1047 452 1167 495 Item
1196 457 1422 494 vocantur
1445 448 1688 510 spiritales
1710 457 1803 494 tres

357 547 380 575 c
408 547 444 591 p
481 536 514 584 t,
540 529 651 590 quia
684 529 755 574 his
793 527 822 573 h
856 527 1011 571 littera
1047 524 1257 585 subjecta
1291 524 1455 570 inserit
1489 524 1723 587 spiritum,
1753 533 1806 569 ut

299 625 336 656 25
361 605 555 659 Chiron,
582 604 774 660 Philon,
805 602 974 648 Thoas.
1042 600 1108 645 Et
1145 599 1248 645 ideo
1285 600 1479 646 residuae
1505 601 1530 646 b
1556 601 1638 664 dg
1657 619 1684 664 q
1721 618 1806 646 no-

356 681 596 726 minantur
619 679 804 742 rigidce,
828 677 938 739 quia
962 675 1141 721 nullam
1167 692 1328 721 earum
1355 675 1518 721 eadem
1546 676 1574 721 k
1600 675 1656 722 ad
1694 675 1807 720 reci-

353 756 576 820 piendam
611 754 974 819 adspirationem
1001 752 1172 807 flectat,
1201 751 1325 813 quod
1360 753 1560 814 contigit
1583 751 1805 797 omnibus

356 832 716 877 semivocalibus
743 832 918 892 absque
946 828 1042 874 sola
1066 845 1106 882 ν,
1133 826 1213 872 sed
1239 844 1292 873 ea
1317 827 1578 890 plurimum
1604 827 1651 872 in
1676 844 1807 890 pere-

299 926 337 956 26
355 907 497 970 grinis
524 906 795 952 nominibus
821 904 1040 967 adspirat.
1109 904 1287 950 Addita
1323 915 1478 950 autem
1506 904 1657 949 fuerat
1681 921 1707 949 a
1732 921 1808 949 ve-

355 983 532 1029 teribus
570 999 663 1027 non
701 982 872 1027 frustra
911 981 1040 1025 velut
1081 981 1135 1035 F,
1170 998 1312 1042 quarn
1354 979 1524 1025 musici
1565 978 1807 1041 digamma

300 1079 336 1109 27
355 1068 541 1105 vocant.
581 1057 672 1104 Sed
698 1075 782 1121 pro
809 1057 897 1102 hac
923 1057 938 1102 i
963 1067 1043 1102 aut
1067 1073 1099 1102 u
1119 1057 1321 1102 litteram
1346 1056 1610 1102 scribimus.
1648 1055 1809 1116 Atque

358 1136 420 1181 ita
445 1137 499 1180 fit
524 1144 575 1180 ut
599 1134 761 1180 eadem
789 1151 916 1178 nunc
947 1150 978 1178 u
1004 1133 1177 1178 vocalis
1204 1132 1278 1188 sit,
1305 1142 1356 1178 ut
1385 1149 1522 1186 umis,
1548 1149 1674 1177 nunc
1699 1148 1810 1177 con-

358 1229 545 1268 sonans,
564 1222 615 1256 ut
640 1209 804 1257 ¹vivus.
842 1210 919 1255 Sic
939 1220 986 1255 et
1010 1210 1027 1255 z·
1045 1228 1171 1255 nunc
1194 1209 1366 1255 vocalis
1387 1218 1471 1263 est,
1490 1220 1543 1254 ut
1561 1208 1663 1264 iris,
1683 1225 1810 1253 nunc

302 1303 340 1333 28
359 1306 638 1344 consonans,
664 1288 948 1352 utjejjzmns‘.
1019 1286 1235 1332 Finitivae
1268 1286 1412 1331 literae
1437 1284 1808 1330 masculinorum

360 1365 609 1410 nominum
630 1373 738 1409 sunt
757 1372 955 1426 septem,
975 1380 1003 1409 α
1024 1362 1085 1408 ln
1104 1380 1128 1408 0
1146 1380 1172 1408 r
1186 1380 1208 1408 s
1222 1379 1268 1418 sc,
1284 1371 1338 1407 ut
1355 1360 1508 1424 Sylla,
1522 1359 1810 1422 sakpecten,

367 1442 499 1497 Cato,
519 1442 718 1496 Hector,
739 1438 1025 1504 (leus‚felioe:
1051 1439 1386 1484 femininorum
1404 1455 1513 1482 vero
1527 1436 1810 1482 Latinorum

362 1530 470 1563 sunt
496 1526 693 1580 septem,
719 1533 747 1562 a
771 1534 802 1562 η
827 1534 851 1561 ο
877 1534 902 1561 r
924 1534 947 1561 s
970 1533 1001 1561 ιτ
1026 1533 1085 1572 m,
1110 1524 1162 1560 ut
1188 1515 1356 1571 Roma,
1385 1530 1635 1577 aspergen,
1659 1513 1812 1575 virgo,

362 1592 704 1650 miilier,.‹›·alus,
720 1593 817 1649 nix,
833 1602 879 1638 et
896 1592 939 1637 in
953 1591 1123 1637 Atticis
1142 1590 1429 1646 nominibus,
1448 1599 1498 1635 nt
1514 1588 1811 1652 Glycerium.

305 1693 343 1722 29
364 1671 419 1716 In
446 1670 622 1715 neutris
655 1678 810 1714 autem
840 1677 949 1713 sunt
973 1676 1170 1730 septem,
1198 1684 1221 1712 e
1241 1667 1320 1713 lm
1339 1684 1367 1712 η
1388 1684 1415 1712 r
1432 1684 1455 1711 s
1472 1683 1518 1722 x,
1543 1675 1594 1711 ut
1614 1666 1814 1728 pingue,

364 1744 591 1800 tribunal,
616 1762 874 1801 scamnum,
901 1743 1070 1798 lumen,
1089 1761 1316 1801 marmor,
1342 1761 1520 1800 nemus,
1546 1742 1719 1790 amlaoe.

304 1845 345 1873 30
496 1822 542 1867 B
566 1838 827 1867 consonans
853 1831 986 1866 muta
1010 1820 1176 1883 rigida.

501 1898 544 1943 C
564 1914 827 1943 consonans
853 1906 984 1942 muta
1010 1895 1244 1958 spiritalis.

497 1974 553 2018 D
578 1990 839 2019 consonans
866 1972 999 2018 hasta
1017 1971 1073 2033 (τ)
1101 1981 1232 2017 muta
1258 1971 1420 2035 rigida.

498 2050 547 2095 E
569 2050 741 2095 vocalis
767 2050 995 2095 biformis

499 2125 824 2170 Fconsonans
850 2125 1142 2171 semivocalis
1168 2124 1290 2189 apud
1318 2124 1545 2187 quosdam
1573 2123 1764 2188 duplex.

506 2199 553 2246 G
577 2218 840 2246 consonans
868 2210 997 2247 muta
1022 2201 1183 2264 rigida.

499 2275 572 2321 H
590 2294 852 2322 consonans
880 2286 1011 2323 muta
1036 2278 1236 2323 infirma.

500 2354 739 2411 Ivocalis,
763 2354 996 2400 interdum
1026 2372 1303 2400 consonans.

502 2430 556 2475 K
575 2447 838 2476 consonans
864 2440 995 2476 muta
1021 2432 1369 2494 monophonos.

502 2505 546 2551 L
569 2523 831 2551 consonans
857 2507 1150 2552 semivocalis
1176 2505 1502 2553 immutabilis.

502 2582 570 2628 M
587 2599 848 2627 consonans
874 2581 1164 2628 semivocalis
1188 2581 1517 2628 immutabilis.

502 2659 560 2705 Ν
577 2676 840 2704 consonans
866 2659 1161 2705 semivocalis
1188 2657 1514 2704 immutabilis.

506 2735 551 2781 Ο
573 2735 746 2781 vocalis
776 2734 1004 2781 biformis.

504 2811 554 2857 P
572 2829 834 2857 consonans
861 2820 993 2856 muta
1019 2810 1254 2874 spiritalis.

926 2903 936 2929 1
959 2903 1077 2950 vivus]
1101 2917 1196 2940 unns
1218 2905 1256 2939 P.
