1962 3355
330 198 357 236 3
369 198 385 234 1
396 199 427 235 O
862 186 1044 234 Ccesz‘us
1068 189 1253 235 Bassus

270 327 308 356 41
397 309 475 355 Ex
500 307 710 373 spondeo
735 317 782 355 et
805 309 994 373 epitrito
1020 309 1188 372 primo,
1210 308 1258 354 id
1284 315 1356 353 est
1390 322 1447 351 ex
1483 305 1634 368 longis
1669 305 1783 352 dua-

332 387 434 441 bus,
460 398 506 431 et
531 385 658 431 brevi
685 402 792 441 una,
817 393 864 430 et
887 384 1041 447 longis
1066 384 1276 429 duabus:
1303 380 1499 427 Bellum
1521 381 1782 427 suscitavit.

270 474 309 503 42
395 460 472 506 Ex
507 461 767 523 trisyllabo,
793 460 926 521 cujus
953 458 1108 505 media
1132 458 1284 504 brevis
1321 457 1395 514 sit,
1419 456 1465 502 id
1499 465 1570 502 est
1594 456 1782 513 cretico,

331 546 378 582 et
401 537 590 600 epitrito
622 535 792 599 prium,
830 536 919 580 hoc
955 543 1026 580 est
1052 534 1189 596 longa
1224 551 1332 590 una,
1357 542 1404 578 et
1439 532 1567 578 brevi
1602 550 1712 590 una,
1736 542 1783 578 et

329 613 471 676 longa
496 631 606 669 una,
630 621 675 658 et
700 611 828 657 brevi
851 628 960 667 una,
985 619 1032 656 et
1055 610 1208 672 longis
1233 609 1409 656 tribus:
1446 608 1682 655 Hostibus
1709 626 1783 655 re-

329 690 560 735 sistentes.

271 782 311 811 43
397 767 475 810 Ex
501 763 761 827 trisyllab0‚
788 761 921 823 cujus
958 761 1114 808 media
1140 762 1291 808 brevis
1328 762 1402 818 sit,
1429 761 1474 807 id
1501 771 1570 807 est
1595 761 1783 818 cretico,

331 851 378 886 et
401 840 592 903 epitrito
617 838 840 892 secundo,
866 837 911 883 id
938 847 1010 883 est
1034 856 1091 884 ex
1130 839 1270 901 longa
1296 856 1387 884 una
1406 837 1534 883 brevi
1562 854 1654 883 una
1676 838 1783 883 lon-

329 918 400 980 gis
425 916 623 972 duabus,
648 925 694 961 et
720 914 848 961 brevi
873 932 981 971 una,
1005 923 1050 960 et
1075 915 1227 978 longis
1252 914 1461 960 duabus:
1498 913 1783 960 Exercitum

330 992 672 1055 cortzpulerunt.

270 1085 310 1114 44
394 1069 470 1115 Ex
496 1070 670 1123 iambo,
697 1078 743 1114 et
768 1068 958 1131 epitrito
981 1068 1152 1132 primo,
1178 1067 1220 1114 id
1248 1077 1319 1114 est
1343 1084 1400 1112 ex
1438 1066 1565 1112 brevi
1604 1083 1712 1122 una,
1737 1074 1783 1111 et

329 1146 469 1208 longa
493 1163 603 1201 una,
630 1154 676 1191 et
705 1144 833 1190 brevi
872 1162 977 1202 una,
1002 1155 1049 1190 et
1080 1143 1232 1207 longis
1270 1143 1445 1190 tribus:
1481 1142 1670 1207 Fugam
1708 1159 1783 1189 ca-

321 1223 590 1285 pessebaut.

269 1320 307 1350 45
394 1299 471 1346 Ex
508 1299 667 1345 iambo
703 1307 750 1344 et
782 1298 971 1362 epitrito
997 1297 1218 1353 secundo,
1243 1297 1290 1343 id
1324 1306 1394 1343 est
1430 1314 1487 1342 ex
1524 1296 1649 1342 brevi
1688 1313 1782 1340 una

328 1386 377 1422 et
413 1376 566 1439 longis
604 1375 803 1431 duabus,
828 1384 874 1421 et
911 1375 1037 1420 brevi
1072 1393 1180 1430 una,
1206 1375 1358 1437 longis
1383 1374 1594 1420 duabus:
1634 1372 1782 1418 Faces

328 1452 643 1499 sustulerunt.

268 1544 310 1582 46
393 1528 469 1574 Ex
495 1528 705 1592 spondeo
730 1538 776 1574 et
795 1527 1138 1592 pentasyllabo‚
1159 1526 1291 1588 cujus
1312 1526 1416 1571 duae
1435 1524 1598 1588 primae
1619 1525 1780 1570 breves

329 1614 453 1663 sunt,
475 1605 652 1651 Justus
683 1605 952 1661 rationalis,
977 1603 1021 1650 id
1049 1612 1118 1649 est
1140 1603 1244 1648 duae
1279 1602 1444 1665 primae
1480 1601 1648 1664 longae,
1672 1599 1780 1646 duae

327 1691 574 1744 sequentes
615 1682 792 1738 breves,
824 1690 871 1726 θῖ
906 1690 998 1726 tres
1039 1679 1217 1725 ultimae
1254 1679 1421 1741 longae,
1449 1677 1584 1738 eujus
1619 1694 1781 1723 exem-

326 1758 461 1822 plum
488 1775 690 1804 sursum.

269 1857 307 1888 47
391 1834 469 1880 Ex
506 1833 715 1898 spondeo
750 1841 797 1878 et
833 1833 1176 1896 pentasyllabo‚
1213 1833 1346 1894 cujus
1383 1830 1589 1878 secunda
1630 1829 1781 1875 brevis

327 1911 401 1967 sit,
426 1909 645 1957 [Wultum
663 1907 1106 1974 prceferebant(ur)‚
1132 1909 1179 1955 id
1205 1918 1275 1955 est
1298 1918 1390 1954 tres
1419 1907 1585 1971 primae
1611 1907 1780 1969 longae,

326 1995 492 2048 quarta
517 1985 685 2040 brevis,
710 1994 802 2031 tres
826 1985 1008 2031 ultimae
1033 1985 1202 2048 longae,
1221 1984 1356 2046 cujus
1382 1983 1656 2047 exemplum
1683 2001 1782 2029 sur-

326 2079 446 2108 sum.

267 2153 309 2191 48
392 2138 469 2183 Ex
504 2137 750 2200 trisyllabo
774 2136 908 2197 cujus
946 2136 1102 2183 media
1129 2138 1280 2184 brevis
1318 2138 1392 2194 sit,
1418 2137 1464 2183 id
1500 2145 1571 2183 est
1594 2136 1781 2193 cretico,

325 2222 374 2260 et
407 2213 751 2276 pentasyllabo,
777 2212 909 2272 cujus
947 2213 1152 2259 secunda
1185 2214 1351 2268 brevis,
1376 2212 1513 2258 tertia
1543 2221 1590 2258 et
1615 2220 1780 2274 quarta

326 2290 494 2352 longae,
526 2289 692 2351 quinta
724 2289 891 2345 brevis,
927 2297 974 2334 et
1004 2289 1153 2336 tribus
1191 2288 1373 2335 ultimis
1412 2288 1580 2351 longis,
1618 2306 1780 2335 exem·

325 2366 460 2429 plum
487 2383 688 2412 sursum.

268 2465 309 2497 49
391 2442 469 2488 Ex
505 2442 749 2505 trisyllabo
774 2442 907 2503 cujus
946 2441 1100 2488 media
1125 2440 1276 2487 brevis
1313 2441 1388 2496 sit,
1417 2440 1464 2486 id
1495 2450 1565 2486 est
1589 2441 1779 2497 cretico,

326 2527 374 2564 et
418 2518 762 2582 pentasyllabo‚
803 2517 938 2579 cujus
986 2516 1191 2564 secunda
1226 2517 1379 2564 brevis
1422 2517 1495 2573 sit,
1538 2518 1780 2564 [nstantia

328 2594 679 2657 comprobatur,
699 2594 744 2639 id
766 2603 836 2640 est
856 2611 913 2640 ex
939 2595 1089 2658 prima
1109 2594 1265 2658 longa,
1291 2594 1497 2641 secunda
1521 2595 1665 2650 brevi,
1690 2604 1780 2641 ter-

327 2673 390 2719 tia
426 2672 580 2734 longa,
606 2680 770 2733 quarta
797 2671 939 2726 brevi,
965 2681 1012 2718 et
1037 2672 1185 2718 tribus
1222 2672 1401 2718 ultimis
1439 2672 1608 2735 longis,
1644 2671 1777 2733 cujus

326 2748 601 2811 exemplum
629 2765 782 2811 supra.

267 2846 309 2878 50
390 2824 467 2871 Ex
492 2824 649 2870 iambo
678 2834 725 2869 et
747 2823 1090 2886 pentasyllabo,
1116 2823 1250 2886 cujus
1275 2824 1380 2871 duae
1415 2824 1580 2888 primae
1617 2824 1777 2869 breves

326 2901 434 2958 sint,
471 2901 623 2948 Rates
655 2900 1025 2963 reparabantur,
1061 2899 1106 2946 id
1143 2910 1214 2948 θεῖ
1248 2918 1307 2948 ex
1347 2900 1501 2965 prima
1542 2900 1670 2946 brevi
1708 2917 1778 2946 se-
