1962 3355
148 214 254 244 CAP.
284 210 325 245 2.
574 200 658 245 De
683 199 863 246 Metris
892 198 1169 245 Graiorum.
1504 208 1597 256 395

147 326 175 347 “
199 321 480 384 plerumque
514 320 716 375 dicebat,
742 320 882 383 idque
911 320 1065 384 ipsum
1104 337 1254 383 genus
1279 319 1465 366 dicendi
1503 338 1600 365 ma-

146 402 173 422 “
198 396 327 442 xime
351 397 514 459 probo.
584 395 675 442 Sed
701 413 806 459 quae
832 396 1034 452 incisim,
1060 405 1143 442 aut
1169 396 1469 442 membratim
1510 396 1600 441 zef-

146 477 174 497 ‘⁶
199 472 370 528 ferunt,
397 490 450 518 ea
476 473 546 519 vel
574 472 815 536 aptissime
851 472 1042 518 acadere
1077 471 1266 526 debent,
1292 481 1345 519 ut
1373 483 1443 519 est
1475 473 1599 536 apud

148 554 173 574 ‘⁴
200 566 303 594 me:
331 549 519 595 Domus
542 548 629 594 tibi
652 548 859 595 deerat?
883 554 935 594 at
953 537 1187 595 habebas.-
1207 549 1414 610 pecunia
1435 566 1602 612 super-

147 630 175 650 “
201 625 359 671 abal?
394 633 445 672 at
484 626 668 690 egebas.
729 625 849 671 Haec
882 624 1027 670 incise
1058 624 1183 670 dicta
1219 634 1329 671 sunt
1364 635 1600 687 quattuor.

148 708 175 727 ‘⁶
201 700 297 746 bAt
313 703 614 748 membratim
639 719 744 764 quae
764 709 1025 763 sequuntur
1043 700 1153 756 duo,
1175 702 1424 749 incurristi
1442 720 1605 749 amem·

147 782 177 803 “
203 778 253 823 in
279 778 534 836 eolzmmas,
558 779 633 824 Cin
665 778 845 824 alienos
875 778 1074 824 insanus
1109 778 1344 824 insanisti.
1413 778 1604 824 Deinde

148 860 176 879 ‘⁶
200 854 364 899 omnia
389 863 614 916 tanquam
642 854 881 918 crepidine
911 854 1115 916 quadam
1150 854 1605 918 dcomprehensione

146 934 172 954 ‘⁶
198 929 396 992 largiore
420 930 724 986 sustinentur,
751 931 1037 992 depressam,
1057 930 1502 995 caecam,jacentem
1527 932 1605 978 do-

147 1012 175 1032 “
200 1023 341 1062 mum,
359 1006 520 1068 pluris
538 1025 680 1070 quam
705 1013 751 1053 te
775 1006 1066 1069 eii-fortunas
1090 1015 1199 1054 tuas
1216 1009 1477 1055 cestimasti.
1515 1009 1604 1055 Di-

147 1088 175 1108 “
201 1082 373 1128 choreo
398 1084 603 1140 efinitur,
627 1082 697 1129 fat
720 1083 940 1145 spondeis
976 1084 1251 1146 proximum
1288 1086 1419 1132 illud.
1473 1086 1601 1132 Nam

146 1164 172 1184 “
200 1159 285 1215 his,
310 1159 482 1221 quibus
508 1169 561 1205 ut
586 1159 892 1223 pugiunculis
917 1161 984 1206 uti
1011 1171 1212 1223 oportet,
1238 1163 1440 1209 brevitas
1466 1163 1606 1209 faciet

146 1242 172 1260 “
201 1235 334 1297 gipsa
359 1235 598 1281 liberiores
624 1235 781 1298 pedes.
836 1235 972 1300 Saepe
997 1237 1123 1283 enim
1151 1238 1347 1300 singulis
1373 1238 1604 1284 utendum

145 1318 170 1336 “
197 1320 281 1367 est,
305 1312 587 1375 plerumque
615 1312 752 1369 binis,
777 1321 822 1357 et
848 1312 1059 1374 utrisque
1090 1312 1197 1358 addi
1232 1331 1337 1376 pars
1363 1314 1496 1376 pedis
1522 1332 1607 1377 po-

145 1395 172 1413 “
199 1396 303 1442 test,
321 1405 417 1433 non
435 1388 530 1433 fere
550 1388 693 1434 ternis
714 1388 934 1451 amplius.
971 1388 1199 1435 hIncisim
1218 1399 1374 1436 autem
1393 1399 1439 1436 et
1457 1408 1607 1436 mem-

144 1470 170 1489 “
197 1463 366 1510 bratim
394 1463 607 1511 itractata
630 1465 778 1511 oratio
798 1465 844 1511 in
864 1465 982 1511 veris
1003 1467 1154 1512 causis
1180 1466 1445 1530 plurimum
1467 1467 1606 1522 valet,

144 1547 173 1568 ‘⁶
199 1540 504 1602 maximeque
530 1539 617 1586 kiis
640 1541 754 1587 locis
775 1559 885 1587 cum
907 1551 987 1588 aut
1007 1560 1188 1604 arguas,
1207 1552 1287 1589 aut
1311 1544 1519 1590 refellas:
1557 1553 1606 1590 ut

145 1623 175 1643 “
202 1634 285 1662 nos
305 1617 354 1662 in
376 1616 659 1663 Corneliana
685 1617 906 1674 secunda,
931 1617 975 1664 O
998 1618 1196 1665 callidos
1215 1619 1437 1676 homines,
1459 1638 1484 1667 o
1504 1638 1605 1666 rem

146 1701 172 1720 ‘⁶
198 1694 530 1756 eoecogitatam,
547 1711 572 1740 ο
593 1695 785 1758 ingenia
811 1696 1078 1752 metuenda,
1105 1697 1407 1742 membratim
1436 1696 1606 1753 adhuc,

146 1776 173 1795 ‘⁶
200 1769 390 1815 ldeinde
416 1770 573 1816 caesim
600 1771 822 1817 diximus.
878 1771 1059 1817 Rursus
1088 1773 1408 1826 membratim,
1443 1773 1607 1819 Testes
1652 1801 1664 1828 ς

146 1851 172 1871 “
198 1845 315 1890 dare
337 1844 566 1892 volumus.
631 1846 859 1892 Extrema
887 1848 1098 1908 sequitur
1121 1849 1498 1910 comprehensio,
1524 1850 1605 1896 sed

150 1930 177 1948 ‘⁶
203 1939 261 1967 ex
297 1920 483 1966 duobus
523 1922 748 1967 membris
791 1940 883 1985 qua
932 1940 1025 1968 non
1065 1933 1221 1985 potest
1261 1942 1360 1971 esse
1408 1926 1605 1983 brevior,

147 2004 174 2023 “
208 1997 362 2046 Quem
387 2004 584 2059 mquceso
610 2003 824 2043 nostrum
849 1996 1122 2061 ¹¹¹¹¹¹jefellit,
1148 1999 1218 2046 ita
1246 2008 1357 2047 nvos
1382 2001 1606 2066 6386]ὰο-

148 2080 176 2098 “
203 2079 348 2118 turos.
408 2072 514 2118 Nec
540 2074 689 2119 ullum
727 2091 873 2136 genus
898 2074 1085 2120 dicendi
1108 2085 1178 2121 est
1203 2085 1283 2122 aut
1310 2078 1494 2134 melius,
1525 2088 1606 2125 aut

148 2158 175 2175 ‘⁶
201 2149 383 2206 fortius,
417 2149 539 2195 binis
575 2160 655 2196 aut
691 2151 834 2196 ternis
866 2151 1030 2196 c'ferire
1059 2152 1226 2206 verbis,
1261 2170 1601 2217 nonnunquam

148 2233 175 2251 ‘⁴
201 2225 415 2289 singulis,
436 2227 580 2290 paulo
606 2227 716 2273 alias
738 2227 968 2291 pluribuS,
988 2228 1109 2273 inter
1127 2247 1232 2291 quae
1255 2230 1393 2276 variis
1419 2231 1604 2278 clausu-

145 2308 170 2328 “
197 2302 252 2348 lis
278 2319 325 2348 se
351 2301 609 2366 interponit
634 2322 741 2363 raro,
762 2321 1011 2350 numerosa
1035 2305 1438 2368 comprehensio.’'

200 2505 218 2524 Ζ
239 2499 412 2546 efferunt]
438 2500 599 2535 offerunt
619 2500 713 2536 Ven.
734 2501 817 2537 Ald.
836 2513 917 2548 sup.
943 2499 1100 2536 vicissim
1124 2501 1208 2539 Ald.
1302 2510 1321 2529 a
1340 2504 1489 2551 cadere]
1514 2505 1603 2541 cade

149 2551 243 2586 Ven.
370 2549 391 2577 b
410 2553 475 2598 At]
499 2561 622 2588 autem
646 2554 740 2590 Ven.
865 2552 907 2581 bb
927 2556 1001 2592 duo
1022 2567 1096 2590 om.
1120 2556 1213 2591 Ven.
1269 2586 1273 2589 ,
1348 2564 1364 2584 0
1384 2556 1419 2592 in
1442 2557 1600 2604 alienos]

149 2603 288 2640 alienas
309 2604 403 2640 Ven.
425 2605 486 2653 qni
509 2618 582 2641 om.
604 2606 769 2653 insanus.
904 2606 924 2634 d
943 2609 1292 2656 comprehensione]
1316 2611 1602 2660 comprehensio

148 2665 204 2692 est
224 2657 321 2692 Ven.
432 2664 448 2683 e
467 2657 610 2705 finitur]
638 2659 780 2695 finitum
803 2661 900 2697 Ven.
1010 2658 1025 2686 f
1042 2663 1096 2708 at]
1120 2670 1183 2697 aut
1202 2663 1300 2698 Ven.
1406 2670 1427 2698 g
1446 2663 1542 2712 ipsa]
1566 2671 1604 2700 et

148 2710 227 2758 ipsa
246 2711 342 2745 Ven.
473 2708 494 2735 h
513 2711 678 2758 incisim]
702 2711 871 2750 inversim
896 2715 989 2751 Ven.
1140 2713 1150 2740 i
1171 2717 1347 2763 tractata]
1375 2724 1490 2752 tracta
1505 2717 1600 2752 Ven.

148 2761 170 2789 k
202 2762 243 2798 iis
273 2763 381 2809 locis]
414 2767 492 2812 ejus
519 2763 622 2803 locus
657 2765 751 2802 Ven.
894 2765 905 2793 1
935 2767 1070 2804 deinde
1098 2767 1241 2815 caesim]
1268 2776 1305 2804 et
1333 2768 1477 2804 incisim
1506 2769 1601 2805 Ven.

149 2823 180 2842 m
200 2829 325 2864 quaeso
346 2817 533 2863 nostrum]
556 2816 659 2865 quasi
680 2830 876 2855 numerum
897 2821 992 2857 Ven.
1091 2828 1155 2848 mm
1177 2821 1324 2868 fefellit]
1351 2820 1484 2857 refellit
1504 2822 1601 2857 Ven.

150 2876 171 2894 n
192 2871 273 2916 vos]
300 2882 367 2905 nos
388 2870 483 2905 Ven.
608 2875 626 2895 o
646 2868 739 2917 fere]
762 2871 870 2909 ferire
889 2874 983 2909 Ven.
1006 2875 1090 2910 Ald.
1204 2881 1224 2909 P
1243 2875 1366 2920 Idem]
1391 2874 1486 2910 Item
1507 2873 1602 2910 Ven.

150 2931 186 2958 et
208 2934 292 2958 mox
314 2935 387 2958 om.
411 2922 456 2958 de
475 2921 748 2971 Theophrasto.

808 2994 946 3032 3132

1624 798 1662 818 22
